{"host":"0nfdmr2b19ur4mbc","time":1609844881,"event":{"mods":["2.2 Compatiblity","AchievementEnabler","Aspiration","BaseMod","Better Match","Better Note","Better Third Choice","Better Vampires","Disable Question Mark Monsters","Googly Eyes","Hubris","Infinite Spire","Minty Spire (QoL Compilation)","Quick Restart","Rare Cards Sparkle","Replay The Spire","StSLib"],"gold_per_floor":[113,113,129,59,85,113,64,64,64,94,94,106,124,141,141,241,241,259,275,275,299,314,314,332,332,332,332,332,352,384,384,384,384,384],"floor_reached":33,"playtime":1410,"items_purged":[],"score":341,"play_id":"09d7443d-6d47-4b2c-913b-bf3fceeedde0","local_time":"20210105120801","is_ascension_mode":true,"campfire_choices":[{"floor":11.0,"key":"REST"},{"data":"Choke","floor":11.0,"key":"SMITH"},{"floor":15.0,"key":"REST"},{"data":"ReplayTheSpireMod:Scrap Shanks","floor":15.0,"key":"SMITH"},{"floor":23.0,"key":"REST"},{"data":"Tools of the Trade","floor":23.0,"key":"SMITH"},{"floor":25.0,"key":"REST"},{"data":"Night Terror","floor":25.0,"key":"SMITH"},{"floor":28,"key":"REST"},{"data":"hubris:InfiniteBlow+5","floor":28,"key":"SMITH"},{"floor":32,"key":"REST"}],"circlet_count":0,"master_deck":["Strike_G","Defend_G+1","Defend_G+1","Defend_G+1","Defend_G+1","Defend_G+1","Survivor","Neutralize","Hidden Blade","Heel Hook","ReplayTheSpireMod:Scrap Shanks+1","Cloak And Dagger","Atom Bomb+1","Blade Dance","Choke+1","Underhanded Strike","hubris:SlightOfHand","Tools of the Trade+1","hubris:SlightOfHand","Blade Dance+1","Night Terror+1","hubris:InfiniteBlow+6","hubris:SlightOfHand+1","Bullet Time+1","Purity+1"],"relics":["Ring of the Snake","NeowsBlessing","infinitespire:Magic Flask","Sundial","hubris:FunFungus","Replay:Bottled Eggs","hubris:CuriousFeather","Replay:Grab Bag","Philosopher\u0027s Stone","ReplayTheSpireMod:DimensionalGlitch","Replay:Drink Me","Centennial Puzzle","Toxic Egg 2","Gremlin Food","aspiration:PoetsPen_weak","aspiration:TomeofQuesting"],"acts_visited":["Exordium","TheCity"],"potions_floor_usage":[33],"damage_taken":[{"damage":0.0,"enemies":"2 Louse","floor":1.0,"turns":1.0},{"damage":0.0,"enemies":"Cultist","floor":3.0,"turns":1.0},{"damage":0.0,"enemies":"3 Sentries","floor":6.0,"turns":1.0},{"damage":29.0,"enemies":"Replay:BlueRogue","floor":10.0,"turns":7.0},{"damage":4.0,"enemies":"Small Slimes","floor":12.0,"turns":3.0},{"damage":1.0,"enemies":"Red Slaver","floor":13.0,"turns":3.0},{"damage":8.0,"enemies":"2 Fungi Beasts","floor":14.0,"turns":2.0},{"damage":27.0,"enemies":"Hexaghost","floor":16.0,"turns":11.0},{"damage":8.0,"enemies":"Chosen","floor":18.0,"turns":3.0},{"damage":11.0,"enemies":"Shell Parasite","floor":19.0,"turns":3.0},{"damage":26.0,"enemies":"Snake Plant","floor":22.0,"turns":4.0},{"damage":22.0,"enemies":"Cultist and Chosen","floor":24.0,"turns":5.0},{"damage":0,"enemies":"Snecko","floor":29,"turns":1},{"damage":0,"enemies":"Book of Stabbing","floor":30,"turns":1},{"damage":50,"enemies":"Collector","floor":33,"turns":4}],"seed_played":"-8806961967245241064","potions_obtained":[{"floor":1.0,"key":"PowerPotion"},{"floor":6.0,"key":"Fire Potion"},{"floor":12.0,"key":"AttackPotion"},{"floor":14.0,"key":"GamblersBrew"},{"floor":19.0,"key":"Fruit Juice"},{"floor":30,"key":"PowerPotion"}],"is_trial":false,"path_per_floor":["M","?","M","$","?","E","$","T","T","E","R","M","M","M","R","B",null,"M","M","?","T","M","R","M","R","T","AVR","R","M","E","?","R","B"],"character_chosen":"THE_SILENT","items_purchased":["ReplayTheSpireMod:Scrap Shanks","Blade Dance"],"campfire_rested":6,"item_purchase_floors":[4,7],"current_hp_per_floor":[70,70,70,70,53,53,53,53,53,25,46,42,41,33,54,29,53,45,40,40,40,14,31,10,27,27,27,44,44,44,26,43,0,0],"gold":384,"neow_bonus":"THREE_ENEMY_KILL","is_daily":false,"chose_seed":false,"campfire_upgraded":5,"win_rate":0.0,"timestamp":1609844881,"path_taken":["M","?","M","$","?","E","?","?","T","E","R","?","M","M","R","BOSS","M","?","?","?","?","R","M","R","T","AVR","R","M","E","?","R","BOSS"],"items_purchased_type":["Card","Card"],"build_version":"2020-12-22","purchased_purges":0,"victory":false,"max_hp_per_floor":[70,70,70,70,70,70,70,70,70,70,70,70,70,70,70,70,53,53,58,58,58,58,58,58,58,58,58,58,58,58,58,58,58,58],"card_choices":[{"not_picked":["Prepared","Distraction"],"picked":"Hidden Blade","floor":1.0},{"not_picked":["Fluid Movement","Dagger Throw"],"picked":"Heel Hook","floor":3.0},{"not_picked":["Masterful Stab","Dagger Spray"],"picked":"Cloak And Dagger","floor":5.0},{"not_picked":["Sucker Punch","Backflip"],"picked":"Atom Bomb","floor":6.0},{"not_picked":["Flechettes","Bane"],"picked":"Choke","floor":10.0},{"not_picked":["Bane","Deadly Poison"],"picked":"Draining Mist","floor":12.0},{"not_picked":["Flying Knee","Sucker Punch"],"picked":"Underhanded Strike","floor":13.0},{"not_picked":["Sucker Punch","PiercingWail"],"picked":"hubris:SlightOfHand","floor":14.0},{"not_picked":["ReplayTheSpireMod:From All Sides","ReplayTheSpireMod:Necrosis"],"picked":"Tools of the Trade","floor":16.0},{"not_picked":["Masterful Stab+1","Catalyst"],"picked":"hubris:SlightOfHand","floor":18.0},{"not_picked":["Deflect","Dagger Spray"],"picked":"Blade Dance+1","floor":19.0},{"not_picked":["Flying Knee","PiercingWail"],"picked":"Night Terror","floor":22.0},{"not_picked":["Heel Hook","Cloak And Dagger","Dagger Spray"],"picked":"SKIP","floor":24.0},{"not_picked":["Poisoned Stab","Dagger Throw"],"picked":"hubris:SlightOfHand+1","floor":29},{"not_picked":["Sucker Punch","Toxin Wave+1"],"picked":"Bullet Time+1","floor":30}],"player_experience":138995,"relics_obtained":[{"floor":5.0,"key":"infinitespire:Magic Flask"},{"floor":6.0,"key":"Sundial"},{"floor":8.0,"key":"hubris:FunFungus"},{"floor":9.0,"key":"Replay:Bottled Eggs"},{"floor":10.0,"key":"hubris:CuriousFeather"},{"floor":21.0,"key":"Centennial Puzzle"},{"floor":26.0,"key":"Toxic Egg 2"},{"floor":30,"key":"aspiration:TomeofQuesting"}],"event_choices":[{"cards_removed":["Strike_G"],"damage_healed":0.0,"max_hp_gain":0.0,"max_hp_loss":0.0,"gold_gain":0.0,"event_name":"Bonfire Elementals","player_choice":"Offered Basic","floor":2.0,"gold_loss":0.0,"damage_taken":0.0},{"cards_removed":["Draining Mist"],"damage_healed":0.0,"max_hp_gain":0.0,"max_hp_loss":0.0,"gold_gain":0.0,"event_name":"Purifier","player_choice":"Purged","floor":20.0,"gold_loss":0.0,"damage_taken":0.0},{"damage_healed":0,"gold_gain":0,"player_choice":"CARD ","damage_taken":12,"max_hp_gain":0,"max_hp_loss":0,"event_name":"Knowing Skull","floor":31,"potions_obtained":[],"gold_loss":0,"cards_obtained":["Purity"]}],"is_beta":false,"boss_relics":[{"not_picked":["Sozu","Replay:Wanted Poster"],"picked":"Replay:Grab Bag"},{"not_picked":["aspiration:FutureDiary","hubris:CrackedHourglass"],"picked":"Philosopher\u0027s Stone"},{"not_picked":["Painkiller Herb","Ectoplasm"],"picked":"ReplayTheSpireMod:DimensionalGlitch"},{"not_picked":["Snecko Heart","hubris:Stopwatch"],"picked":"Replay:Drink Me"}],"items_purged_floors":[],"is_endless":false,"potions_floor_spawned":[1,6,12,14,19,30],"killed_by":"Collector","ascension_level":1}}