{"host":"l84l8xigz5v5foa2","time":1609872184,"event":{"mods":["2.2 Compatiblity","AchievementEnabler","BaseMod","Better Note","Better Vampires","Card Filter","Colored Map","DeckTracker","Downfall","Gremlin Skip","Highlight Path","Keyboard Shortcuts","Minty Spire (QoL Compilation)","Permanent Neow","Quick Restart","Relic Filter","Relic Stats","StSLib","SuperFastMode","Transform Curses","Unknown Chances"],"gold_per_floor":[349,360,370,388,298,298,321,321,321,321,321,321],"floor_reached":10,"playtime":280,"items_purged":["Guardian:Strike_Guardian"],"score":112,"play_id":"8a748422-34d0-4bb5-9f4c-9cfb80d32437","local_time":"20210106034304","is_ascension_mode":true,"campfire_choices":[{"data":"Guardian:CurlUp","floor":1,"key":"SMITH"},{"data":"Guardian:SentryBeam","floor":9,"key":"SMITH"}],"circlet_count":0,"master_deck":["AscendersBane","Guardian:Strike_Guardian","Guardian:Strike_Guardian","Guardian:Defend_Guardian","Guardian:Defend_Guardian","Guardian:Defend_Guardian","Guardian:Defend_Guardian","Guardian:CurlUp+1","Guardian:TwinSlam","Guardian:BronzeArmor","Guardian:PiercingHide","Guardian:SentryBeam+1"],"relics":["Guardian:ModeShifter","Ancient Tea Set"],"acts_visited":["Exordium"],"potions_floor_usage":[10],"damage_taken":[{"damage":12,"enemies":"Cultist","floor":2,"turns":6},{"damage":0,"enemies":"Jaw Worm","floor":3,"turns":5},{"damage":2,"enemies":"Small Slimes","floor":4,"turns":4},{"damage":0,"enemies":"downfall:FleeingMerchant","floor":5,"turns":4},{"damage":41,"enemies":"Gremlin Nob","floor":10,"turns":3}],"seed_played":"3839041926927150616","potions_obtained":[{"floor":4,"key":"SkillPotion"}],"is_trial":false,"path_per_floor":["R","M","M","M","$","?","T","?","R","E"],"character_chosen":"GUARDIAN","items_purchased":[],"campfire_rested":0,"item_purchase_floors":[],"current_hp_per_floor":[47,35,35,33,33,33,33,33,33,0,0,0],"gold":321,"neow_bonus":"TWO_FIFTY_GOLD","is_daily":false,"chose_seed":false,"campfire_upgraded":2,"win_rate":0.0,"timestamp":1609872184,"path_taken":["R","M","M","M","?","?","T","?","R","E"],"items_purchased_type":[],"build_version":"2020-12-22","purchased_purges":1,"victory":false,"max_hp_per_floor":[72,72,72,72,72,72,72,72,72,72,72,72],"relic_stats":{"counters":[5,22],"obtain_stats":[{"Guardian:ModeShifter":0,"Ancient Tea Set":7},{"Guardian:ModeShifter":0,"Ancient Tea Set":4},{"Guardian:ModeShifter":0,"Ancient Tea Set":19}]},"card_choices":[{"not_picked":["Guardian:Reroute","Guardian:RefractedBeam"],"picked":"Guardian:BronzeArmor","floor":2},{"not_picked":["Guardian:Gem_Green","Guardian:RollAttack"],"picked":"Guardian:PiercingHide","floor":3},{"not_picked":["Guardian:CrystalBeam","Guardian:GemFire","Guardian:VentSteam"],"picked":"SKIP","floor":4},{"not_picked":["Guardian:TemporalShield","Guardian:DecasProtection"],"picked":"Guardian:SentryBeam","floor":5}],"player_experience":2893294,"relics_obtained":[{"floor":7,"key":"Ancient Tea Set"}],"event_choices":[],"is_beta":false,"boss_relics":[],"items_purged_floors":[5],"is_endless":false,"potions_floor_spawned":[4],"killed_by":"Gremlin Nob","ascension_level":20}}