{"host":"2lrkmsuh7nz013qb","time":1609842583,"event":{"mods":["BaseMod","Colored Map","DeckTracker","Minty Spire (QoL Compilation)","SuperFastMode","everything is the same but u backflip on backflip"],"gold_per_floor":[112,112,132,57,68,68,218,230,230,88,88,88,108,108,108,184,184,203,223,138,86,103,103,114,114,114,114,30,80,93,105,105,181,181,195,210,123,123,123],"floor_reached":38,"playtime":1563,"items_purged":["Strike_G","Doubt"],"score":732,"play_id":"43853019-bf89-4109-b53d-9a003045b78d","local_time":"20210105192943","is_ascension_mode":true,"campfire_choices":[{"data":"Neutralize","floor":6.0,"key":"SMITH"},{"floor":11.0,"key":"REST"},{"data":"Neutralize","floor":15.0,"key":"SMITH"},{"data":"Calculated Gamble","floor":23.0,"key":"SMITH"},{"data":"Noxious Fumes","floor":25.0,"key":"SMITH"},{"floor":27.0,"key":"REST"},{"floor":32,"key":"REST"}],"circlet_count":0,"master_deck":["AscendersBane","Survivor","Neutralize+1","Infinite Blades","Neutralize+1","Concentrate","Die Die Die","Calculated Gamble+1","Backflip","Noxious Fumes+1","Adrenaline","Deflect","Acrobatics+1","Accuracy","Leg Sweep+1","Prepared+1","Tools of the Trade+1","Well Laid Plans+1","Infinite Blades+1","Backflip+1","Tactician+1"],"relics":["Ring of the Snake","NeowsBlessing","Shuriken","Ninja Scroll","Pandora\u0027s Box","Kunai","Toxic Egg 2","Astrolabe"],"acts_visited":["Exordium","TheCity","TheBeyond"],"potions_floor_usage":[33,35],"damage_taken":[{"damage":0.0,"enemies":"Cultist","floor":1.0,"turns":1.0},{"damage":0.0,"enemies":"2 Louse","floor":3.0,"turns":1.0},{"damage":0.0,"enemies":"Small Slimes","floor":5.0,"turns":1.0},{"damage":17.0,"enemies":"3 Louse","floor":8.0,"turns":6.0},{"damage":1.0,"enemies":"Red Slaver","floor":13.0,"turns":4.0},{"damage":37.0,"enemies":"Slime Boss","floor":16.0,"turns":11.0},{"damage":7.0,"enemies":"Shell Parasite","floor":18.0,"turns":4.0},{"damage":3.0,"enemies":"Spheric Guardian","floor":19.0,"turns":3.0},{"damage":12.0,"enemies":"Cultist and Chosen","floor":22.0,"turns":4.0},{"damage":3.0,"enemies":"Snake Plant","floor":24.0,"turns":5.0},{"damage":16,"enemies":"Centurion and Healer","floor":30,"turns":4},{"damage":4,"enemies":"Shelled Parasite and Fungi","floor":31,"turns":4},{"damage":42,"enemies":"Collector","floor":33,"turns":12},{"damage":7,"enemies":"3 Shapes","floor":35,"turns":6},{"damage":12,"enemies":"Orb Walker","floor":36,"turns":4},{"damage":46,"enemies":"4 Shapes","floor":38,"turns":3}],"seed_played":"-5035183876186118830","potions_obtained":[{"floor":8.0,"key":"BlessingOfTheForge"},{"floor":16.0,"key":"SkillPotion"},{"floor":19.0,"key":"Regen Potion"},{"floor":24.0,"key":"Dexterity Potion"},{"floor":30,"key":"GamblersBrew"}],"is_trial":false,"path_per_floor":["M","?","M","$","M","R","?","M","T","$","R","?","M","?","R","B",null,"M","M","?","$","M","R","M","R","T","R","$","?","M","M","R","B",null,"M","M","$","M"],"character_chosen":"THE_SILENT","items_purchased":["Infinite Blades","Deflect","Accuracy","Tactician+1"],"campfire_rested":3,"item_purchase_floors":[10,21,28,37],"current_hp_per_floor":[59,59,59,59,59,59,59,42,42,42,61,61,60,60,60,23,55,48,45,45,45,33,33,30,30,30,49,49,49,33,29,48,21,55,48,36,36,0,0],"gold":123,"neow_bonus":"THREE_ENEMY_KILL","is_daily":false,"chose_seed":false,"campfire_upgraded":4,"win_rate":0.0,"timestamp":1609842583,"path_taken":["M","?","M","$","M","R","?","M","T","$","R","?","M","?","R","BOSS","M","M","?","$","M","R","M","R","T","R","$","?","M","M","R","BOSS","M","?","$","M"],"items_purchased_type":["Card","Card","Card","Card"],"build_version":"2020-12-22","purchased_purges":2,"victory":false,"max_hp_per_floor":[66,66,66,66,66,66,66,66,66,66,66,66,66,66,66,66,66,66,66,66,66,66,66,66,66,66,66,66,66,66,66,66,66,66,66,66,66,66,66],"card_choices":[{"not_picked":["Underhanded Strike","Prepared","PiercingWail"],"picked":"SKIP","floor":1.0},{"not_picked":["PiercingWail","Outmaneuver","Deadly Poison"],"picked":"SKIP","floor":3.0},{"not_picked":["Dodge and Roll","Slice","Backstab"],"picked":"SKIP","floor":5.0},{"not_picked":["Slice","Infinite Blades","Underhanded Strike"],"picked":"SKIP","floor":8.0},{"not_picked":["Dagger Throw","Dagger Spray","Bullet Time"],"picked":"SKIP","floor":13.0},{"not_picked":["Bane","Backstab","PiercingWail"],"picked":"SKIP","floor":18.0},{"not_picked":["Sucker Punch","Predator","Riddle With Holes"],"picked":"SKIP","floor":19.0},{"not_picked":["Underhanded Strike","Distraction"],"picked":"Acrobatics+1","floor":22.0},{"not_picked":["Underhanded Strike","Sucker Punch","Poisoned Stab"],"picked":"SKIP","floor":24.0},{"not_picked":["Deadly Poison+1","Setup+1"],"picked":"Leg Sweep+1","floor":30},{"not_picked":["Dagger Throw+1","Endless Agony"],"picked":"Prepared+1","floor":31},{"not_picked":["Dash","Bane+1","Choke"],"picked":"SKIP","floor":35},{"not_picked":["Skewer","Calculated Gamble+1"],"picked":"Backflip+1","floor":36}],"player_experience":726529,"relics_obtained":[{"floor":9.0,"key":"Shuriken"},{"floor":26.0,"key":"Toxic Egg 2"}],"event_choices":[{"damage_healed":0.0,"max_hp_gain":0.0,"max_hp_loss":0.0,"gold_gain":0.0,"event_name":"Shining Light","player_choice":"Ignored","floor":2.0,"gold_loss":0.0,"damage_taken":0.0},{"damage_healed":0.0,"max_hp_gain":0.0,"max_hp_loss":0.0,"gold_gain":150.0,"event_name":"Liars Game","player_choice":"AGREE","floor":7.0,"gold_loss":0.0,"damage_taken":0.0,"cards_obtained":["Doubt"]},{"damage_healed":0.0,"max_hp_gain":0.0,"max_hp_loss":0.0,"gold_gain":0.0,"event_name":"Dead Adventurer","player_choice":"Searched \u00271\u0027 times","floor":12.0,"gold_loss":0.0,"damage_taken":0.0,"relics_obtained":["Ninja Scroll"]},{"damage_healed":0.0,"max_hp_gain":0.0,"max_hp_loss":0.0,"gold_gain":0.0,"event_name":"Match and Keep!","player_choice":"1 cards matched","floor":14.0,"gold_loss":0.0,"damage_taken":0.0,"cards_obtained":["Neutralize"]},{"damage_healed":0.0,"max_hp_gain":0.0,"max_hp_loss":0.0,"gold_gain":0.0,"event_name":"Addict","player_choice":"Obtained Relic","floor":20.0,"gold_loss":85.0,"damage_taken":0.0,"relics_obtained":["Kunai"]},{"damage_healed":0.0,"max_hp_gain":0.0,"max_hp_loss":0.0,"gold_gain":50.0,"event_name":"Golden Shrine","player_choice":"Pray","floor":29.0,"gold_loss":0.0,"damage_taken":0.0}],"is_beta":false,"boss_relics":[{"not_picked":["Calling Bell","Philosopher\u0027s Stone"],"picked":"Pandora\u0027s Box"},{"not_picked":["Velvet Choker","Runic Pyramid"],"picked":"Astrolabe"}],"items_purged_floors":[4,10],"is_endless":false,"potions_floor_spawned":[8,16,19,24,30],"killed_by":"4 Shapes","ascension_level":20}}