{"host":"1c52r9kaxdyo25eq","time":1609860998,"event":{"mods":["AchievementEnabler","BaseMod","Minty Spire (QoL Compilation)","Rare Cards Sparkle","SuperFastMode","everything is the same but u backflip on backflip"],"gold_per_floor":[113,38,53,68,14,14,42,42,67,67,85,101,114,131,131,202,202,213,53,70,95,95,95,95,107,107,107,107,434,454,481,481,558,608,627,250,87,97,97,97,97,97],"floor_reached":41,"playtime":1154,"items_purged":["Defend_G","Endless Agony"],"score":912,"play_id":"5f7e9cf9-4793-48bc-9681-bbc174498981","local_time":"20210106003638","is_ascension_mode":true,"campfire_choices":[{"data":"Deadly Poison","floor":6.0,"key":"SMITH"},{"floor":15.0,"key":"REST"},{"floor":24.0,"key":"REST"},{"floor":27.0,"key":"REST"},{"floor":32.0,"key":"REST"},{"floor":40,"key":"REST"}],"circlet_count":0,"master_deck":["AscendersBane","Survivor","Neutralize","Terror","Blade Dance","Leg Sweep","Deadly Poison+1","Venomology","Tactician","Prepared","Footwork","Phantasmal Killer","Backstab","Endless Agony","Deflect","Blade Dance","Night Terror","Die Die Die+1","Cloak And Dagger","Well Laid Plans","After Image","Malaise"],"relics":["Ring of the Snake","NeowsBlessing","Regal Pillow","Vajra","Pandora\u0027s Box","PreservedInsect","Red Mask","Oddly Smooth Stone","Old Coin","Prayer Wheel","Tiny House","Bottled Tornado","Pen Nib"],"acts_visited":["Exordium","TheCity","TheBeyond"],"potions_floor_usage":[],"damage_taken":[{"damage":0.0,"enemies":"Cultist","floor":1.0,"turns":1.0},{"damage":0.0,"enemies":"Small Slimes","floor":3.0,"turns":1.0},{"damage":0.0,"enemies":"2 Louse","floor":4.0,"turns":1.0},{"damage":18.0,"enemies":"Lagavulin","floor":7.0,"turns":6.0},{"damage":3.0,"enemies":"Looter","floor":11.0,"turns":3.0},{"damage":0.0,"enemies":"Lots of Slimes","floor":12.0,"turns":4.0},{"damage":0.0,"enemies":"Blue Slaver","floor":13.0,"turns":3.0},{"damage":3.0,"enemies":"Looter","floor":14.0,"turns":3.0},{"damage":30.0,"enemies":"The Guardian","floor":16.0,"turns":11.0},{"damage":16.0,"enemies":"2 Thieves","floor":18.0,"turns":4.0},{"damage":18.0,"enemies":"Shell Parasite","floor":20.0,"turns":5.0},{"damage":28.0,"enemies":"Masked Bandits","floor":21.0,"turns":5.0},{"damage":42.0,"enemies":"Cultist and Chosen","floor":25.0,"turns":7.0},{"damage":0.0,"enemies":"Gremlin Leader","floor":29.0,"turns":4.0},{"damage":0.0,"enemies":"Centurion and Healer","floor":30.0,"turns":5.0},{"damage":26.0,"enemies":"Slavers","floor":31.0,"turns":5.0},{"damage":49.0,"enemies":"Automaton","floor":33.0,"turns":10.0},{"damage":29.0,"enemies":"3 Darklings","floor":35.0,"turns":4.0},{"damage":19,"enemies":"3 Shapes","floor":38,"turns":8},{"damage":0,"enemies":"3 Darklings","floor":41,"turns":1}],"seed_played":"-2215354897556816197","potions_obtained":[{"floor":1.0,"key":"Energy Potion"},{"floor":4.0,"key":"Weak Potion"},{"floor":11.0,"key":"CunningPotion"},{"floor":29.0,"key":"PowerPotion"},{"floor":31.0,"key":"LiquidBronze"},{"floor":34.0,"key":"ColorlessPotion"}],"is_trial":false,"path_per_floor":["M","$","M","M","$","R","E","?","T","?","M","M","M","M","R","B",null,"M","$","M","?","$","?","R","M","T","R","?","E","M","E","R","B",null,"M","$","$","M","$","R","M"],"character_chosen":"THE_SILENT","items_purchased":["Deadly Poison","PreservedInsect","Bottled Tornado","Pen Nib"],"campfire_rested":5,"item_purchase_floors":[5,19,36,37],"current_hp_per_floor":[59,59,59,59,59,59,41,34,34,14,11,11,11,8,42,12,53,37,37,19,10,10,23,57,15,15,49,49,49,49,23,57,8,57,28,28,28,9,9,45,45,45],"gold":97,"neow_bonus":"THREE_ENEMY_KILL","is_daily":false,"chose_seed":false,"campfire_upgraded":1,"win_rate":0.0,"timestamp":1609860998,"path_taken":["M","?","?","M","$","R","E","?","T","?","M","M","M","M","R","BOSS","M","$","M","?","$","?","R","M","T","R","?","E","M","E","R","BOSS","M","$","?","M","$","R","M"],"items_purchased_type":["Card","Relic","Relic","Relic"],"build_version":"2020-12-22","purchased_purges":2,"victory":false,"max_hp_per_floor":[66,66,66,66,66,66,66,66,66,66,66,66,66,66,66,66,66,66,66,66,66,66,66,66,66,66,66,66,66,66,66,66,66,71,71,71,71,71,71,71,71,71],"card_choices":[{"not_picked":["Quick Slash","Endless Agony"],"picked":"Terror","floor":1.0},{"not_picked":["Deflect","Bane","Blade Dance"],"picked":"SKIP","floor":3.0},{"not_picked":["Deflect","Bane"],"picked":"Blade Dance","floor":3.0},{"not_picked":["Bane","Flechettes"],"picked":"Leg Sweep","floor":4.0},{"not_picked":["Heel Hook","Slice"],"picked":"Venomology","floor":7.0},{"not_picked":["Underhanded Strike","Bane","Quick Slash"],"picked":"SKIP","floor":11.0},{"not_picked":["Prepared","Dodge and Roll"],"picked":"Tactician","floor":12.0},{"not_picked":["Blade Dance","Escape Plan"],"picked":"Prepared","floor":13.0},{"not_picked":["Flying Knee","Tactician"],"picked":"Footwork","floor":14.0},{"not_picked":["Burst","Tools of the Trade"],"picked":"Phantasmal Killer","floor":16.0},{"not_picked":["Distraction","Catalyst"],"picked":"Cloak And Dagger","floor":18.0},{"not_picked":["Blade Dance","Backstab"],"picked":"Well Laid Plans","floor":20.0},{"not_picked":["Dodge and Roll","Heel Hook+1","Skewer"],"picked":"SKIP","floor":25.0},{"not_picked":["Leg Sweep","Finisher","Setup"],"picked":"SKIP","floor":29.0},{"not_picked":["Underhanded Strike","Crippling Poison","Masterful Stab"],"picked":"SKIP","floor":30.0},{"not_picked":["Heel Hook","Caltrops"],"picked":"After Image","floor":31.0},{"not_picked":["After Image","Die Die Die"],"picked":"Malaise","floor":33.0},{"not_picked":["Underhanded Strike","Endless Agony","Riddle With Holes"],"picked":"SKIP","floor":35.0},{"not_picked":["Blade Dance","Backstab","Outmaneuver"],"picked":"SKIP","floor":35.0},{"not_picked":["Terror","Outmaneuver+1","Cloak And Dagger+1"],"picked":"SKIP","floor":38},{"not_picked":["Expertise","Backflip","Prepared"],"picked":"SKIP","floor":38}],"player_experience":549751,"relics_obtained":[{"floor":7.0,"key":"Regal Pillow"},{"floor":9.0,"key":"Vajra"},{"floor":21.0,"key":"Red Mask"},{"floor":26.0,"key":"Oddly Smooth Stone"},{"floor":29.0,"key":"Old Coin"},{"floor":31.0,"key":"Prayer Wheel"}],"event_choices":[{"cards_removed":["Strike_G"],"damage_healed":0.0,"max_hp_gain":0.0,"max_hp_loss":0.0,"gold_gain":0.0,"event_name":"Golden Wing","player_choice":"Card Removal","floor":8.0,"gold_loss":0.0,"damage_taken":7.0},{"damage_healed":0.0,"max_hp_gain":0.0,"max_hp_loss":0.0,"gold_gain":0.0,"event_name":"Shining Light","player_choice":"Entered Light","floor":10.0,"gold_loss":0.0,"damage_taken":20.0,"cards_upgraded":["Defend_G","Strike_G"]},{"damage_healed":0.0,"max_hp_gain":0.0,"max_hp_loss":0.0,"gold_gain":0.0,"event_name":"Masked Bandits","player_choice":"Fought Bandits","floor":21.0,"gold_loss":0.0,"damage_taken":0.0},{"damage_healed":13.0,"max_hp_gain":0.0,"max_hp_loss":0.0,"gold_gain":0.0,"event_name":"The Library","player_choice":"Heal","floor":23.0,"gold_loss":0.0,"damage_taken":0.0},{"cards_removed":["Leg Sweep"],"damage_healed":0.0,"max_hp_gain":0.0,"max_hp_loss":0.0,"gold_gain":0.0,"event_name":"Purifier","player_choice":"Purged","floor":28.0,"gold_loss":0.0,"damage_taken":0.0}],"is_beta":false,"boss_relics":[{"not_picked":["Coffee Dripper","SacredBark"],"picked":"Pandora\u0027s Box"},{"not_picked":["Calling Bell","Runic Dome"],"picked":"Tiny House"}],"items_purged_floors":[2,36],"is_endless":false,"potions_floor_spawned":[1,4,11,14,16,20,29,30,31],"killed_by":"3 Darklings","ascension_level":20}}