{"host":"os7ajuuouznx3pj7","time":1609804812,"event":{"mods":["AchievementEnabler","BaseMod","Bestiary","Block Reminder","Colored Map","Colored Powertips","Keyboard Shortcuts","Minty Spire (QoL Compilation)","Quick Restart","Relic Stats","SuperFastMode"],"gold_per_floor":[117,117,117,140,158,194,207,245,326,326,347,378,5,18,18,109,109,127,147,172,122,146,146,179,193,244,283,283,324,345,11,11,109,109,124,147,147,162,12,12,46,107,107,145,145,158,177,200,200,200,200,200],"floor_reached":51,"playtime":13231,"items_purged":["Strike_R","Strike_R"],"score":1607,"play_id":"afd99d51-f54f-4ae2-8ab0-bb35c2d00c53","local_time":"20210104220012","is_ascension_mode":true,"campfire_choices":[{"data":"Carnage","floor":10.0,"key":"SMITH"},{"data":"Inflame","floor":15.0,"key":"SMITH"},{"data":"Armaments","floor":23.0,"key":"SMITH"},{"data":"Bash","floor":28.0,"key":"SMITH"},{"data":"Immolate","floor":32.0,"key":"SMITH"},{"data":"Fiend Fire","floor":40.0,"key":"SMITH"},{"data":"Heavy Blade","floor":45.0,"key":"SMITH"},{"floor":49.0,"key":"REST"}],"circlet_count":0,"master_deck":["AscendersBane","Strike_R","Strike_R","Strike_R","Defend_R","Defend_R","Defend_R","Defend_R","Bash+1","Swift Strike","Iron Wave","Inflame+1","Clothesline","Carnage+1","Anger","Offering","Armaments+1","Power Through","Power Through","Armaments+1","Immolate+1","Shrug It Off+1","Burning Pact","Fiend Fire+1","Combust+1","Evolve","Flash of Steel","Trip","Dark Shackles","Master of Strategy","Heavy Blade+1","Sword Boomerang","Wild Strike","Burning Pact+1"],"relics":["Burning Blood","Golden Idol","Oddly Smooth Stone","Pocketwatch","Darkstone Periapt","Pen Nib","Membership Card","Bottled Tornado","Ancient Tea Set","Black Star","Regal Pillow","Happy Flower","Art of War","Pear","Boot","Shuriken","TungstenRod","Incense Burner","Anchor","Philosopher\u0027s Stone","Torii","Orichalcum","Shovel","Toxic Egg 2","Bottled Flame"],"acts_visited":["Exordium","TheCity","TheBeyond"],"potions_floor_usage":[],"damage_taken":[{"damage":12.0,"enemies":"Small Slimes","floor":1.0,"turns":3.0},{"damage":7.0,"enemies":"Jaw Worm","floor":4.0,"turns":4.0},{"damage":1.0,"enemies":"Cultist","floor":5.0,"turns":3.0},{"damage":29.0,"enemies":"Gremlin Nob","floor":6.0,"turns":4.0},{"damage":0.0,"enemies":"Exordium Wildlife","floor":7.0,"turns":2.0},{"damage":24.0,"enemies":"Lagavulin","floor":8.0,"turns":5.0},{"damage":0.0,"enemies":"Exordium Thugs","floor":11.0,"turns":4.0},{"damage":5.0,"enemies":"Gremlin Nob","floor":12.0,"turns":3.0},{"damage":0.0,"enemies":"2 Fungi Beasts","floor":14.0,"turns":2.0},{"damage":20.0,"enemies":"The Guardian","floor":16.0,"turns":6.0},{"damage":0.0,"enemies":"Spheric Guardian","floor":18.0,"turns":1.0},{"damage":3.0,"enemies":"Chosen","floor":19.0,"turns":3.0},{"damage":18.0,"enemies":"Snake Plant","floor":20.0,"turns":3.0},{"damage":8.0,"enemies":"Snecko","floor":22.0,"turns":4.0},{"damage":49.0,"enemies":"Gremlin Leader","floor":24.0,"turns":6.0},{"damage":6.0,"enemies":"Chosen and Byrds","floor":25.0,"turns":5.0},{"damage":32.0,"enemies":"Book of Stabbing","floor":27.0,"turns":4.0},{"damage":2.0,"enemies":"Slavers","floor":29.0,"turns":4.0},{"damage":5.0,"enemies":"Sentry and Sphere","floor":30.0,"turns":5.0},{"damage":29.0,"enemies":"Automaton","floor":33.0,"turns":10.0},{"damage":5.0,"enemies":"Orb Walker","floor":35.0,"turns":1.0},{"damage":0.0,"enemies":"3 Shapes","floor":36.0,"turns":4.0},{"damage":0.0,"enemies":"Spire Growth","floor":38.0,"turns":2.0},{"damage":22.0,"enemies":"Giant Head","floor":41.0,"turns":5.0},{"damage":7.0,"enemies":"2 Orb Walkers","floor":42.0,"turns":4.0},{"damage":26.0,"enemies":"Reptomancer","floor":44.0,"turns":4.0},{"damage":0.0,"enemies":"Transient","floor":46.0,"turns":6.0},{"damage":11.0,"enemies":"Maw","floor":47.0,"turns":5.0},{"damage":0.0,"enemies":"3 Darklings","floor":48.0,"turns":5.0},{"damage":26.0,"enemies":"Time Eater","floor":50.0,"turns":7.0},{"damage":59,"enemies":"Donu and Deca","floor":51,"turns":5}],"seed_played":"-6011264767035128634","potions_obtained":[{"floor":1.0,"key":"ColorlessPotion"},{"floor":7.0,"key":"BlessingOfTheForge"},{"floor":11.0,"key":"Fire Potion"},{"floor":12.0,"key":"Strength Potion"},{"floor":14.0,"key":"FairyPotion"},{"floor":24.0,"key":"GamblersBrew"},{"floor":27.0,"key":"AttackPotion"},{"floor":29.0,"key":"Block Potion"},{"floor":30.0,"key":"GamblersBrew"},{"floor":42.0,"key":"Block Potion"},{"floor":46.0,"key":"CultistPotion"},{"floor":48.0,"key":"SteroidPotion"}],"is_trial":false,"path_per_floor":["M","?","?","M","M","E","M","E","T","R","M","E","$","M","R","B",null,"M","M","M","?","M","R","E","M","T","E","R","E","M","$","R","B",null,"M","M","?","M","$","R","E","?","T","E","R","M","M","M","R","B","B"],"character_chosen":"IRONCLAD","items_purchased":["Membership Card","Bottled Tornado","Ancient Tea Set","Incense Burner","Burning Pact","Anchor","Master of Strategy"],"campfire_rested":1,"item_purchase_floors":[13,13,13,31,31,31,39],"current_hp_per_floor":[62,62,62,61,66,43,49,31,31,31,37,38,38,44,44,30,59,65,68,56,56,54,54,11,11,11,36,36,40,41,41,41,18,63,64,70,61,67,67,67,51,50,50,30,30,36,31,37,75,55,0,0],"gold":200,"neow_bonus":"RANDOM_COLORLESS","is_daily":false,"chose_seed":false,"campfire_upgraded":7,"win_rate":0.0,"timestamp":1609804812,"path_taken":["M","?","?","M","M","E","M","E","T","R","M","E","?","M","R","BOSS","M","M","M","?","M","R","E","?","T","E","R","E","M","$","R","BOSS","BOSS","M","M","?","M","?","R","E","?","T","E","R","M","M","M","R","BOSS","BOSS"],"items_purchased_type":["Relic","Relic","Relic","Relic","Card","Relic","Card"],"build_version":"2020-12-22","purchased_purges":2,"victory":false,"max_hp_per_floor":[75,68,68,68,68,68,68,68,68,68,68,68,68,68,68,68,68,68,68,68,68,68,68,68,68,68,78,78,78,78,78,78,78,78,78,78,78,78,78,78,78,78,78,78,78,78,78,78,78,78,78,78],"relic_stats":{"Darkstone Periapt":0,"Regal Pillow":15,"Happy Flower":[25],"Torii":3,"counters":[31,129],"Golden Idol":214,"Pen Nib":[22],"Orichalcum":[36],"Boot":[12],"Burning Blood":180,"Shovel":0,"Shuriken":[25],"Black Star":5,"Art of War":[4],"obtain_stats":[{"Darkstone Periapt":9,"Regal Pillow":24,"Torii":41,"Incense Burner":31,"Bottled Tornado":13,"Ancient Tea Set":13,"Boot":27,"Burning Blood":0,"Shovel":42,"Philosopher\u0027s Stone":34,"Toxic Egg 2":44,"Pear":27,"Happy Flower":24,"Golden Idol":2,"Oddly Smooth Stone":6,"Pen Nib":12,"Orichalcum":41,"Anchor":31,"Bottled Flame":44,"Shuriken":29,"Black Star":17,"Art of War":26,"Membership Card":13,"TungstenRod":29,"Pocketwatch":8},{"Darkstone Periapt":6,"Regal Pillow":15,"Torii":24,"Incense Burner":19,"Bottled Tornado":8,"Ancient Tea Set":8,"Boot":17,"Burning Blood":0,"Shovel":25,"Philosopher\u0027s Stone":20,"Toxic Egg 2":26,"Pear":17,"Happy Flower":15,"Golden Idol":1,"Oddly Smooth Stone":4,"Pen Nib":8,"Orichalcum":24,"Anchor":19,"Bottled Flame":26,"Shuriken":18,"Black Star":10,"Art of War":16,"Membership Card":8,"TungstenRod":18,"Pocketwatch":6},{"Darkstone Periapt":21,"Regal Pillow":53,"Torii":93,"Incense Burner":71,"Bottled Tornado":28,"Ancient Tea Set":28,"Boot":62,"Burning Blood":0,"Shovel":97,"Philosopher\u0027s Stone":81,"Toxic Egg 2":101,"Pear":62,"Happy Flower":53,"Golden Idol":3,"Oddly Smooth Stone":14,"Pen Nib":28,"Orichalcum":93,"Anchor":71,"Bottled Flame":101,"Shuriken":66,"Black Star":36,"Art of War":58,"Membership Card":28,"TungstenRod":66,"Pocketwatch":21}],"TungstenRod":45,"Pocketwatch":[162]},"card_choices":[{"not_picked":["Deep Breath","Bandage Up"],"picked":"Swift Strike","floor":0.0},{"not_picked":["Metallicize","Flex"],"picked":"Iron Wave","floor":1.0},{"not_picked":["Sword Boomerang","Twin Strike"],"picked":"Inflame","floor":4.0},{"not_picked":["Power Through","Pommel Strike"],"picked":"Clothesline","floor":5.0},{"not_picked":["Heavy Blade","Perfected Strike"],"picked":"Carnage","floor":6.0},{"not_picked":["Flex","Clash","Headbutt"],"picked":"SKIP","floor":7.0},{"not_picked":["Sever Soul","Iron Wave","Body Slam"],"picked":"SKIP","floor":8.0},{"not_picked":["Limit Break","Dual Wield","Flex"],"picked":"SKIP","floor":11.0},{"not_picked":["Battle Trance","Havoc"],"picked":"Anger","floor":12.0},{"not_picked":["Cleave","Clothesline","Whirlwind"],"picked":"SKIP","floor":14.0},{"not_picked":["Impervious","Barricade"],"picked":"Offering","floor":16.0},{"not_picked":["Shockwave","Rampage","Body Slam+1"],"picked":"SKIP","floor":18.0},{"not_picked":["Bloodletting","Inflame","Hemokinesis"],"picked":"SKIP","floor":19.0},{"not_picked":["Anger+1","Combust"],"picked":"Armaments","floor":20.0},{"not_picked":["Iron Wave","Cleave","Twin Strike"],"picked":"SKIP","floor":22.0},{"not_picked":["Warcry","Pummel"],"picked":"Power Through","floor":24.0},{"not_picked":["Metallicize","Perfected Strike"],"picked":"Power Through","floor":25.0},{"not_picked":["Iron Wave","Sword Boomerang"],"picked":"Armaments+1","floor":27.0},{"not_picked":["Cleave","Inflame"],"picked":"Immolate","floor":29.0},{"not_picked":["Burning Pact","Sword Boomerang"],"picked":"Shrug It Off+1","floor":30.0},{"not_picked":["Double Tap","Limit Break"],"picked":"Fiend Fire","floor":33.0},{"not_picked":["Inflame","Dual Wield"],"picked":"Combust+1","floor":35.0},{"not_picked":["Armaments","Cleave"],"picked":"Evolve","floor":36.0},{"not_picked":["Transmutation","Forethought"],"picked":"Flash of Steel","floor":37.0},{"not_picked":["Panache","The Bomb"],"picked":"Trip","floor":37.0},{"not_picked":["Forethought","Good Instincts"],"picked":"Dark Shackles","floor":37.0},{"not_picked":["Body Slam","Dual Wield","Twin Strike+1"],"picked":"SKIP","floor":38.0},{"not_picked":["Twin Strike","Armaments","Immolate"],"picked":"SKIP","floor":41.0},{"not_picked":["Headbutt","Shockwave"],"picked":"Heavy Blade","floor":42.0},{"not_picked":["Wild Strike","Combust"],"picked":"Sword Boomerang","floor":44.0},{"not_picked":["Shockwave+1","Clash","Uppercut"],"picked":"SKIP","floor":46.0},{"not_picked":["Clothesline+1","Body Slam"],"picked":"Wild Strike","floor":47.0},{"not_picked":["Perfected Strike","Infernal Blade+1"],"picked":"Burning Pact+1","floor":48.0}],"player_experience":779084,"relics_obtained":[{"floor":6.0,"key":"Oddly Smooth Stone"},{"floor":8.0,"key":"Pocketwatch"},{"floor":9.0,"key":"Darkstone Periapt"},{"floor":12.0,"key":"Pen Nib"},{"floor":24.0,"key":"Regal Pillow"},{"floor":24.0,"key":"Happy Flower"},{"floor":26.0,"key":"Art of War"},{"floor":27.0,"key":"Pear"},{"floor":27.0,"key":"Boot"},{"floor":29.0,"key":"Shuriken"},{"floor":29.0,"key":"TungstenRod"},{"floor":41.0,"key":"Torii"},{"floor":41.0,"key":"Orichalcum"},{"floor":42.0,"key":"Shovel"},{"floor":44.0,"key":"Toxic Egg 2"},{"floor":44.0,"key":"Bottled Flame"}],"event_choices":[{"damage_healed":0.0,"max_hp_gain":0.0,"max_hp_loss":7.0,"gold_gain":0.0,"event_name":"Golden Idol","player_choice":"Lose Max HP","floor":2.0,"gold_loss":0.0,"damage_taken":0.0,"relics_obtained":["Golden Idol"]},{"damage_healed":0.0,"max_hp_gain":0.0,"max_hp_loss":0.0,"gold_gain":0.0,"event_name":"Liars Game","player_choice":"Ignored","floor":3.0,"gold_loss":0.0,"damage_taken":0.0},{"damage_healed":0.0,"max_hp_gain":0.0,"max_hp_loss":0.0,"gold_gain":0.0,"event_name":"The Joust","player_choice":"Bet on Murderer","floor":21.0,"gold_loss":50.0,"damage_taken":0.0},{"damage_healed":0.0,"max_hp_gain":0.0,"max_hp_loss":0.0,"gold_gain":0.0,"event_name":"SensoryStone","player_choice":"Memory 3","floor":37.0,"gold_loss":0.0,"damage_taken":10.0},{"damage_healed":0.0,"max_hp_gain":0.0,"max_hp_loss":0.0,"gold_gain":0.0,"event_name":"Mysterious Sphere","player_choice":"Fight","floor":42.0,"gold_loss":0.0,"damage_taken":0.0}],"is_beta":false,"boss_relics":[{"not_picked":["SacredBark","Runic Dome"],"picked":"Black Star"},{"not_picked":["Fusion Hammer","Cursed Key"],"picked":"Philosopher\u0027s Stone"}],"items_purged_floors":[31,39],"is_endless":false,"potions_floor_spawned":[1,7,11,12,14,16,24,27,29,30,35,38,42,46,48],"killed_by":"Donu and Deca","ascension_level":20}}