{"host":"dmdprxj8bosbz96f","time":1609878980,"event":{"mods":["AchievementEnabler","BaseMod","Colored Map","DeckTracker","Minty Spire (QoL Compilation)","Quick Restart","SuperFastMode","everything is the same but u backflip on backflip"],"gold_per_floor":[110,285,302,377,377,402,416,416,416,450,450,470,101,81,81,180,180,193,36,36,135,135,135,135],"floor_reached":23,"playtime":624,"items_purged":["Strike_R"],"score":253,"play_id":"e4916348-04d7-4750-87fa-a7fdffcefdf5","local_time":"20210106053620","is_ascension_mode":true,"campfire_choices":[{"data":"Shrug It Off","floor":11.0,"key":"SMITH"},{"floor":15.0,"key":"REST"}],"circlet_count":0,"master_deck":["Strike_R","Strike_R","Strike_R","Strike_R","Defend_R","Defend_R","Defend_R","Bash","Shrug It Off+1","Twin Strike","Intimidate","Rampage","Corruption"],"relics":["Burning Blood","NeowsBlessing","Shuriken","HornCleat","Oddly Smooth Stone","Paper Frog","Runic Cube","HandDrill","MutagenicStrength"],"acts_visited":["Exordium","TheCity"],"potions_floor_usage":[23],"damage_taken":[{"damage":0.0,"enemies":"2 Louse","floor":1.0,"turns":1.0},{"damage":0.0,"enemies":"Small Slimes","floor":3.0,"turns":1.0},{"damage":0.0,"enemies":"3 Sentries","floor":6.0,"turns":2.0},{"damage":12.0,"enemies":"Jaw Worm","floor":7.0,"turns":3.0},{"damage":44.0,"enemies":"Lagavulin","floor":10.0,"turns":7.0},{"damage":21.0,"enemies":"2 Fungi Beasts","floor":12.0,"turns":4.0},{"damage":20.0,"enemies":"Hexaghost","floor":16.0,"turns":8.0},{"damage":37.0,"enemies":"Shell Parasite","floor":18.0,"turns":5.0},{"damage":21,"enemies":"Gremlin Leader","floor":23,"turns":4}],"seed_played":"968308661753130544","potions_obtained":[{"floor":6.0,"key":"Weak Potion"},{"floor":7.0,"key":"PowerPotion"},{"floor":14.0,"key":"Ancient Potion"},{"floor":22.0,"key":"SteroidPotion"},{"floor":22.0,"key":"GamblersBrew"}],"is_trial":false,"path_per_floor":["M","?","M","?","?","E","M","?","T","E","R","M","$","?","R","B",null,"M","$","?","?","?","E"],"character_chosen":"IRONCLAD","items_purchased":["Rampage","Paper Frog","HandDrill"],"campfire_rested":1,"item_purchase_floors":[13,13,19],"current_hp_per_floor":[80,80,80,69,69,75,69,69,69,31,31,16,16,16,40,26,80,49,49,49,49,49,28,28],"gold":135,"neow_bonus":"THREE_ENEMY_KILL","is_daily":false,"chose_seed":false,"campfire_upgraded":1,"win_rate":0.0,"timestamp":1609878980,"path_taken":["M","?","M","?","?","E","M","?","T","E","R","?","$","?","R","BOSS","M","$","?","?","?","E"],"items_purchased_type":["Card","Relic","Relic"],"build_version":"2020-12-22","purchased_purges":1,"victory":false,"max_hp_per_floor":[80,80,80,80,80,80,80,80,80,80,80,80,80,80,80,80,80,80,80,80,80,80,80,80],"card_choices":[{"not_picked":["Clothesline","Rupture"],"picked":"Shrug It Off","floor":1.0},{"not_picked":["Clothesline","Corruption"],"picked":"Twin Strike","floor":3.0},{"not_picked":["Uppercut","Hemokinesis","Pummel"],"picked":"SKIP","floor":6.0},{"not_picked":["Searing Blow","Anger","Havoc"],"picked":"SKIP","floor":7.0},{"not_picked":["Anger","Bloodletting","Warcry"],"picked":"SKIP","floor":10.0},{"not_picked":["Clothesline","Twin Strike"],"picked":"Intimidate","floor":12.0},{"not_picked":["Immolate","Barricade"],"picked":"Corruption","floor":16.0},{"not_picked":["Wild Strike","Pommel Strike+1","Inflame+1"],"picked":"SKIP","floor":18.0}],"player_experience":142842,"relics_obtained":[{"floor":6.0,"key":"Shuriken"},{"floor":9.0,"key":"HornCleat"},{"floor":10.0,"key":"Oddly Smooth Stone"}],"event_choices":[{"damage_healed":0.0,"max_hp_gain":0.0,"max_hp_loss":0.0,"gold_gain":175.0,"event_name":"Liars Game","player_choice":"AGREE","floor":2.0,"gold_loss":0.0,"damage_taken":0.0,"cards_obtained":["Doubt"]},{"damage_healed":0.0,"max_hp_gain":0.0,"max_hp_loss":0.0,"gold_gain":75.0,"event_name":"World of Goop","player_choice":"Gather Gold","floor":4.0,"gold_loss":0.0,"damage_taken":11.0},{"cards_removed":["Doubt"],"damage_healed":0.0,"max_hp_gain":0.0,"max_hp_loss":0.0,"gold_gain":0.0,"event_name":"Living Wall","player_choice":"Forget","floor":5.0,"gold_loss":0.0,"damage_taken":0.0},{"cards_removed":["Defend_R"],"damage_healed":0.0,"max_hp_gain":0.0,"max_hp_loss":0.0,"gold_gain":0.0,"event_name":"Bonfire Elementals","player_choice":"Offered Basic","floor":8.0,"gold_loss":0.0,"damage_taken":0.0},{"damage_healed":0.0,"max_hp_gain":0.0,"max_hp_loss":0.0,"gold_gain":0.0,"event_name":"The Woman in Blue","player_choice":"Bought 1 Potion","floor":14.0,"gold_loss":0.0,"damage_taken":0.0},{"damage_healed":0.0,"max_hp_gain":0.0,"max_hp_loss":0.0,"gold_gain":0.0,"event_name":"Drug Dealer","player_choice":"Inject Mutagens","floor":20.0,"gold_loss":0.0,"damage_taken":0.0,"relics_obtained":["MutagenicStrength"]},{"damage_healed":0.0,"max_hp_gain":0.0,"max_hp_loss":0.0,"gold_gain":99.0,"event_name":"Nest","player_choice":"Stole From Cult","floor":21.0,"gold_loss":0.0,"damage_taken":0.0},{"damage_healed":0.0,"max_hp_gain":0.0,"max_hp_loss":0.0,"gold_gain":0.0,"event_name":"Lab","player_choice":"Got Potions","floor":22.0,"gold_loss":0.0,"damage_taken":0.0}],"is_beta":false,"boss_relics":[{"not_picked":["Pandora\u0027s Box","SacredBark"],"picked":"Runic Cube"}],"items_purged_floors":[13],"is_endless":false,"potions_floor_spawned":[6,7],"killed_by":"Gremlin Leader","ascension_level":3}}