{"host":"6rmw1q50jy0xmvyl","time":1609861606,"event":{"mods":["BaseMod","BetterRewards","Clockwork Mod","Colored Map","Duelist Mod","Infinite Spire","Minty Spire (QoL Compilation)","Remove Card Discount Mod","StSLib","thorton","??????REMEMod"],"gold_per_floor":[140,155,170,170,184,184,214,214,214,214,247,322,422,439,439,514,514,524,406,387,387,387,387,422,430,430],"floor_reached":25,"playtime":2296,"items_purged":["theDuelist:CastleWalls","theDuelist:CastleWalls","theDuelist:Deskbot004","theDuelist:Deskbot004","theDuelist:Sparks","theDuelist:Sparks","theDuelist:Tuningware"],"score":602,"play_id":"9d5362fb-3d14-4445-91e7-a7b0f622921a","local_time":"20210105164646","is_ascension_mode":true,"campfire_choices":[{"floor":6,"key":"REST"},{"floor":8,"key":"REST"},{"floor":10,"key":"REST"},{"floor":15,"key":"REST"},{"floor":23,"key":"REST"}],"circlet_count":0,"master_deck":["theDuelist:Deskbot003","theDuelist:Biofalcon","theDuelist:AncientGearChimera","theDuelist:DoubleTool+1","theDuelist:Deskbot005","theDuelist:RevolvingSwitchyard","theDuelist:MetalDetector","theDuelist:AncientGearChimera","theDuelist:Deskbot005","theDuelist:Monokeros","theDuelist:Deskbot001","theDuelist:GreenGadget","AscendersBane","theDuelist:MachineKingPrototype","theDuelist:Oilman","theDuelist:AncientGearGolem","Discovery"],"relics":["theDuelist:MillenniumPuzzle","theDuelist:CardPoolRelic","theDuelist:CardPoolBasicRelic","theDuelist:BoosterPackPoolRelic","theDuelist:CardPoolAddRelic","theDuelist:CardPoolMinusRelic","theDuelist:CardPoolSaveRelic","theDuelist:CardPoolOptionsRelic","REME_ComplimentaryCards","theDuelist:TokenArmor","Ice Cream","Torii","theDuelist:Bombchain","infinitespire:Bottled Soul","theDuelist:MerchantNecklace","SlaversCollar","theDuelist:MerchantNecklace","Dead Branch","thethorton:BankDeed"],"acts_visited":["Exordium","TheCity"],"potions_floor_usage":[5,5,20,25],"damage_taken":[{"damage":7,"enemies":"2 Louse","floor":1,"turns":4},{"damage":0,"enemies":"Small Slimes","floor":2,"turns":3},{"damage":0,"enemies":"Cultist","floor":3,"turns":3},{"damage":1,"enemies":"Exordium Wildlife","floor":5,"turns":4},{"damage":0,"enemies":"3 Sentries","floor":7,"turns":10},{"damage":24,"enemies":"Gremlin Nob","floor":11,"turns":4},{"damage":0,"enemies":"2 Fungi Beasts","floor":14,"turns":3},{"damage":16,"enemies":"The Guardian","floor":16,"turns":12},{"damage":38,"enemies":"Chosen","floor":18,"turns":9},{"damage":11,"enemies":"2 Thieves","floor":20,"turns":4},{"damage":8,"enemies":"REME_1_Revenger","floor":24,"turns":10},{"damage":34,"enemies":"Snecko","floor":25,"turns":7}],"seed_played":"2246930349734653820","potions_obtained":[{"floor":2,"key":"theDuelist:VoidBottle"},{"floor":3,"key":"ColorlessPotion"},{"floor":18,"key":"theDuelist:SolderPotionB"},{"floor":24,"key":"SpeedPotion"}],"is_trial":false,"path_per_floor":["M","M","M","$","M","R","E","R","T","R","E","?","?","M","R","B",null,"M","?","M","?","AVR","R","E","M"],"character_chosen":"THE_DUELIST","items_purchased":["theDuelist:Deskbot001","theDuelist:Deskbot003","theDuelist:TokenArmor","theDuelist:RevolvingSwitchyard","theDuelist:AncientGearChimera","Ice Cream"],"campfire_rested":5,"item_purchase_floors":[0,0,0,0,0,0],"current_hp_per_floor":[18,18,18,18,17,38,38,59,59,70,46,35,35,35,56,40,63,25,25,14,14,14,35,27,0,0],"gold":430,"neow_bonus":"","is_daily":false,"chose_seed":false,"campfire_upgraded":0,"win_rate":0.0,"timestamp":1609861606,"path_taken":["M","M","M","$","M","R","E","R","T","R","E","?","?","?","R","BOSS","M","?","M","?","AVR","R","E","M"],"items_purchased_type":["Card","Card","Relic","Card","Card","Relic"],"build_version":"2020-12-22","purchased_purges":7,"victory":false,"max_hp_per_floor":[70,70,70,70,70,70,70,70,70,70,70,70,70,70,70,70,70,70,70,70,70,70,70,70,70,70],"card_choices":[{"not_picked":["theDuelist:JunkWarrior","theDuelist:Factory100Machines","theDuelist:CyberArchfiend","theDuelist:AncientGearBox"],"picked":"theDuelist:DoubleTool","floor":1},{"not_picked":["theDuelist:Biofalcon","theDuelist:BlackSalvo","theDuelist:CyberneticFusion","theDuelist:Geartown"],"picked":"theDuelist:AncientGearChimera","floor":2},{"not_picked":["theDuelist:ParallelPortArmor","theDuelist:CemetaryBomb","theDuelist:BlindDestruction","theDuelist:BlastWithChain"],"picked":"theDuelist:MetalDetector","floor":3},{"not_picked":["theDuelist:Jinzo","theDuelist:ImperialOrder","theDuelist:GravityAxe","theDuelist:CatapultTurtle"],"picked":"SKIP","floor":5},{"not_picked":["theDuelist:SolemnStrike","theDuelist:NightmareWheel","theDuelist:JinzoLord","theDuelist:GoldGadget"],"picked":"theDuelist:MachineKingPrototype","floor":7},{"not_picked":["theDuelist:ScrapBeast","theDuelist:FrontlineObserver","theDuelist:GreenGadget","theDuelist:Deskbot005","theDuelist:Quariongandrax"],"picked":"SKIP","floor":11},{"not_picked":["theDuelist:AirCrackingStorm","theDuelist:HeavyMechSupportPlatform","theDuelist:BlackSalvo","theDuelist:JinzoLord"],"picked":"theDuelist:Oilman","floor":14},{"not_picked":["theDuelist:ScrapIronScarecrow+1","theDuelist:Deskbot005","theDuelist:CardsFromTheSky","theDuelist:AncientGearWorkshop"],"picked":"theDuelist:AncientGearGolem","floor":18},{"not_picked":["Metamorphosis","Secret Weapon","Trip"],"picked":"Discovery","floor":20},{"not_picked":["theDuelist:TokenVacuum","theDuelist:GreenGadget","theDuelist:FrontlineObserver","theDuelist:CyberArchfiend","theDuelist:WonderGarage"],"picked":"SKIP","floor":24}],"player_experience":697143,"relics_obtained":[{"floor":7,"key":"theDuelist:Bombchain"},{"floor":9,"key":"infinitespire:Bottled Soul"},{"floor":11,"key":"theDuelist:MerchantNecklace"},{"floor":24,"key":"thethorton:BankDeed"}],"event_choices":[{"damage_healed":0,"gold_gain":75,"player_choice":"Gather Gold","damage_taken":11,"max_hp_gain":0,"max_hp_loss":0,"event_name":"World of Goop","floor":12,"gold_loss":0},{"damage_healed":0,"gold_gain":100,"player_choice":"Pray","damage_taken":0,"max_hp_gain":0,"max_hp_loss":0,"event_name":"Golden Shrine","floor":13,"gold_loss":0},{"damage_healed":0,"gold_gain":0,"player_choice":"Duplicated Relic - Merchant\u0027s Necklace","duelist":true,"damage_taken":0,"max_hp_gain":0,"max_hp_loss":0,"event_name":"Relic Duplicator","floor":19,"gold_loss":0},{"damage_healed":0,"gold_gain":0,"player_choice":"Ignored","damage_taken":0,"max_hp_gain":0,"max_hp_loss":0,"event_name":"Beggar","floor":21,"gold_loss":0}],"is_beta":false,"boss_relics":[{"not_picked":["Busted Crown","Runic Dome"],"picked":"SlaversCollar"}],"items_purged_floors":[0,0,0,0,0,0,0],"is_endless":false,"potions_floor_spawned":[2,3,18,24],"killed_by":"Snecko","ascension_level":14}}