{"host":"s794kqxf2n1qz2yr","time":1609829141,"event":{"mods":["100% Spire Juice","2.2 Compatiblity","AchievementEnabler","Aspiration","BaseMod","Downfall","Friendly Minions","Hermit","Minty Spire (QoL Compilation)","Permanent Neow","StSLib","The Disciple","The Edgeheg","The Marked"],"gold_per_floor":[111,111,111,129,54,54,97,116,189,189,364,383,397,411,411,411,411],"floor_reached":16,"playtime":811,"items_purged":["Injury"],"score":102,"play_id":"bc8f4f9b-9f53-4b30-aa95-107b17946401","local_time":"20210105064541","is_ascension_mode":false,"campfire_choices":[{"data":"hermit:Covet","floor":6,"key":"SMITH"},{"data":"hermit:Adapt","floor":10,"key":"SMITH"},{"floor":15,"key":"REST"}],"circlet_count":0,"master_deck":["hermit:Strike_Hermit","hermit:Strike_Hermit","hermit:Strike_Hermit","hermit:Strike_Hermit","hermit:Defend_Hermit","hermit:Defend_Hermit","hermit:Defend_Hermit","hermit:Defend_Hermit","hermit:Snapshot","hermit:Covet+1","hermit:FromBeyond","Regret","hermit:Quickdraw","hermit:Adapt+1","Doubt","hermit:SprayPray","hermit:SprayPray"],"relics":["hermit:Momento","aspiration:FetidBarrel","Golden Idol","Bronze Scales","Toxic Egg 2"],"acts_visited":["Exordium"],"potions_floor_usage":[7],"damage_taken":[{"damage":4,"enemies":"2 Louse","floor":1,"turns":3},{"damage":0,"enemies":"Small Slimes","floor":4,"turns":3},{"damage":30,"enemies":"Gremlin Nob","floor":7,"turns":5},{"damage":3,"enemies":"Jaw Worm","floor":8,"turns":4},{"damage":0,"enemies":"2 Fungi Beasts","floor":12,"turns":3},{"damage":13,"enemies":"Exordium Wildlife","floor":13,"turns":4},{"damage":5,"enemies":"Exordium Thugs","floor":14,"turns":4},{"damage":46,"enemies":"Slime Boss","floor":16,"turns":9}],"seed_played":"754551973525674276","potions_obtained":[{"floor":1,"key":"Strength Potion"},{"floor":13,"key":"DuplicationPotion"}],"is_trial":false,"path_per_floor":["M","?","?","M","$","R","E","M","T","R","?","M","M","M","R","B"],"character_chosen":"HERMIT","items_purchased":[],"campfire_rested":1,"item_purchase_floors":[],"current_hp_per_floor":[71,71,71,71,71,71,41,38,38,38,38,38,25,20,42,0,0],"gold":411,"neow_bonus":"ONE_RANDOM_RARE_CARD","is_daily":false,"chose_seed":false,"campfire_upgraded":2,"win_rate":0.0,"timestamp":1609829141,"path_taken":["M","?","?","M","?","R","E","M","T","R","?","M","M","?","R","BOSS"],"items_purchased_type":[],"build_version":"2020-12-22","purchased_purges":1,"victory":false,"max_hp_per_floor":[75,75,75,75,75,75,75,75,75,75,75,75,75,75,75,75,75],"card_choices":[{"not_picked":["hermit:LuckOfTheDraw","hermit:Roulette","hermit:Glare"],"picked":"SKIP","floor":1},{"not_picked":["hermit:BodyArmor","hermit:Showdown"],"picked":"hermit:Quickdraw","floor":4},{"not_picked":["hermit:LoneWolf","hermit:HoleUp"],"picked":"hermit:Adapt","floor":7},{"not_picked":["hermit:Manifest","hermit:Enervate","hermit:Horror"],"picked":"SKIP","floor":8},{"not_picked":["hermit:Dive+1","hermit:HighNoon"],"picked":"hermit:SprayPray","floor":12},{"not_picked":["hermit:Coalescence+1","hermit:Snipe+1"],"picked":"hermit:SprayPray","floor":13},{"not_picked":["hermit:ItchyTrigger","hermit:CalledShot","hermit:Vantage+1"],"picked":"SKIP","floor":14}],"player_experience":288369,"relics_obtained":[{"floor":7,"key":"Bronze Scales"},{"floor":9,"key":"Toxic Egg 2"}],"event_choices":[{"damage_healed":0,"gold_gain":0,"player_choice":"Box","damage_taken":0,"relics_obtained":["aspiration:FetidBarrel"],"max_hp_gain":0,"max_hp_loss":0,"event_name":"Big Fish","floor":2,"gold_loss":0,"cards_obtained":["Regret"]},{"damage_healed":0,"gold_gain":0,"player_choice":"Take Wound","damage_taken":0,"relics_obtained":["Golden Idol"],"max_hp_gain":0,"max_hp_loss":0,"event_name":"Golden Idol","floor":3,"gold_loss":0,"cards_obtained":["Injury"]},{"damage_healed":0,"gold_gain":175,"player_choice":"AGREE","damage_taken":0,"max_hp_gain":0,"max_hp_loss":0,"event_name":"Liars Game","floor":11,"gold_loss":0,"cards_obtained":["Doubt"]}],"is_beta":false,"boss_relics":[],"items_purged_floors":[5],"is_endless":false,"potions_floor_spawned":[1,13],"killed_by":"Slime Boss","ascension_level":0}}