{"host":"a2lvm7nbw6nkrc91","time":1609816221,"event":{"mods":["BaseMod","Friendly Minions","Hermit","Kiyohime£¨?ýï£©","Koishi","Lobotomy","Minty Spire (QoL Compilation)","Prisma Mod","Replay The Spire","StSLib","The Bug Knight"],"gold_per_floor":[113,132,142,217,237,237,237,237],"floor_reached":7,"playtime":255,"items_purged":[],"score":43,"play_id":"5635abf4-66dc-4509-b4a2-3e59c47c81e5","local_time":"20210105121021","is_ascension_mode":false,"campfire_choices":[{"data":"Rampage","floor":6,"key":"SMITH"}],"circlet_count":0,"master_deck":["Strike_R","Strike_R","Strike_R","Strike_R","Strike_R","Defend_R","Defend_R","Defend_R","Defend_R","Bash","Rudolta","Battle Trance","Laetitia","Rampage+1","LittlePrince","OldLady","Life Link"],"relics":["Burning Blood","CogitoBucket"],"acts_visited":["Exordium"],"potions_floor_usage":[7,7],"damage_taken":[{"damage":0,"enemies":"Small Slimes","floor":1,"turns":4},{"damage":2,"enemies":"Jaw Worm","floor":2,"turns":3},{"damage":8,"enemies":"Cultist","floor":3,"turns":3},{"damage":11,"enemies":"Exordium Wildlife","floor":5,"turns":4}],"seed_played":"7933493907123659922","potions_obtained":[{"floor":1,"key":"Fruit Juice"},{"floor":3,"key":"Strength Potion"}],"is_trial":false,"path_per_floor":["M","M","M","?","M","R","E"],"character_chosen":"IRONCLAD","items_purchased":[],"campfire_rested":0,"item_purchase_floors":[],"current_hp_per_floor":[80,80,78,67,62,62,0,0],"gold":237,"neow_bonus":"","is_daily":false,"chose_seed":false,"campfire_upgraded":1,"win_rate":0.0,"timestamp":1609816221,"path_taken":["M","M","M","?","M","R","E"],"items_purchased_type":[],"build_version":"2020-12-22","purchased_purges":0,"victory":false,"max_hp_per_floor":[80,80,80,80,80,80,85,85],"card_choices":[{"not_picked":["OldLady","WallGazer"],"picked":"Rudolta","floor":1},{"not_picked":["Whirlwind","ReplayTheSpireMod:Stacked"],"picked":"Battle Trance","floor":1},{"not_picked":["FairyFestival","Scorched"],"picked":"Laetitia","floor":2},{"not_picked":["Clash","Pommel Strike"],"picked":"Rampage","floor":2},{"not_picked":["Murderer","FairyFestival"],"picked":"LittlePrince","floor":3},{"not_picked":["Anger","Infernal Blade","Sword Boomerang"],"picked":"SKIP","floor":3},{"not_picked":["ShyLook","UniverseFragment"],"picked":"OldLady","floor":5},{"not_picked":["Dual Wield","Havoc"],"picked":"Life Link","floor":5}],"player_experience":516835,"relics_obtained":[],"event_choices":[{"damage_healed":0,"gold_gain":75,"player_choice":"Gather Gold","damage_taken":11,"max_hp_gain":0,"max_hp_loss":0,"event_name":"World of Goop","floor":4,"gold_loss":0}],"is_beta":false,"boss_relics":[],"items_purged_floors":[],"is_endless":false,"potions_floor_spawned":[1,3],"killed_by":"3 Sentries","ascension_level":0}}