{"host":"2n2g1vowfllvjtvi","time":1609881594,"event":{"mods":["AchievementEnabler","BaseMod","Custom Start","GifTheSpireLib","Keyboard Shortcuts","Minty Spire (QoL Compilation)","Quick Restart","Rare Cards Sparkle","StSLib","SuperFastMode"],"gold_per_floor":[117,117,42,42,66,66,66,97,124,124,142,142,142,166,166,260,260,284,62,82,97,97,97,116,16,84,105,105,121,121,121,121,198,198,210,210,210],"floor_reached":36,"playtime":826,"items_purged":["Strike_R","Defend_R"],"score":721,"play_id":"54bd20d8-38e0-44cf-b6a1-74b4c256e2e5","local_time":"20210106061954","is_ascension_mode":true,"campfire_choices":[{"data":"Inflame","floor":6.0,"key":"SMITH"},{"data":"Hemokinesis","floor":10.0,"key":"SMITH"},{"data":"Whirlwind","floor":13.0,"key":"SMITH"},{"floor":15.0,"key":"REST"},{"data":"Double Tap","floor":23,"key":"SMITH"},{"floor":30,"key":"REST"},{"floor":32,"key":"REST"}],"circlet_count":0,"master_deck":["AscendersBane","Strike_R+1","Strike_R+1","Defend_R","Defend_R","Defend_R","Bash+1","Inflame+1","Hemokinesis+1","Whirlwind+1","Battle Trance","Double Tap+1","Shrug It Off","Carnage","Dropkick","Corruption","Power Through+1"],"relics":["Burning Blood","Bloody Idol","InkBottle","Whetstone","Regal Pillow","Runic Pyramid","Sling","Matryoshka","SlaversCollar"],"acts_visited":["Exordium","TheCity","TheBeyond"],"potions_floor_usage":[20,20,24,33,33],"damage_taken":[{"damage":8.0,"enemies":"Jaw Worm","floor":1.0,"turns":4.0},{"damage":3.0,"enemies":"2 Louse","floor":5.0,"turns":4.0},{"damage":31.0,"enemies":"Lagavulin","floor":8.0,"turns":6.0},{"damage":1.0,"enemies":"Cultist","floor":11.0,"turns":3.0},{"damage":2.0,"enemies":"2 Fungi Beasts","floor":14.0,"turns":2.0},{"damage":2.0,"enemies":"Slime Boss","floor":16.0,"turns":5.0},{"damage":3,"enemies":"3 Byrds","floor":18,"turns":3},{"damage":11,"enemies":"2 Thieves","floor":20,"turns":3},{"damage":22,"enemies":"Snake Plant","floor":21,"turns":4},{"damage":18,"enemies":"Cultist and Chosen","floor":24,"turns":4},{"damage":13,"enemies":"Sentry and Sphere","floor":27,"turns":3},{"damage":32,"enemies":"Centurion and Healer","floor":29,"turns":4},{"damage":68,"enemies":"Collector","floor":33,"turns":8},{"damage":19,"enemies":"Orb Walker","floor":35,"turns":3},{"damage":0,"enemies":"3 Darklings","floor":36,"turns":1}],"seed_played":"-4573665580281100430","potions_obtained":[{"floor":1.0,"key":"BloodPotion"},{"floor":5.0,"key":"Explosive Potion"},{"floor":16.0,"key":"SkillPotion"},{"floor":20,"key":"ElixirPotion"},{"floor":24,"key":"Weak Potion"},{"floor":29,"key":"SkillPotion"},{"floor":33,"key":"BlessingOfTheForge"}],"is_trial":false,"path_per_floor":["M","?","?","?","M","R","$","E","T","R","M","?","R","M","R","B",null,"M","$","M","M","?","R","M","$","T","M","?","M","R","?","R","B",null,"M","M"],"character_chosen":"IRONCLAD","items_purchased":["Sling"],"campfire_rested":3,"item_purchase_floors":[19],"current_hp_per_floor":[66,66,66,40,43,43,43,18,18,18,23,23,23,27,64,68,73,75,75,70,54,54,54,42,42,42,35,35,9,46,46,75,18,61,53,53,53],"gold":210,"neow_bonus":"UPGRADE_CARD","is_daily":false,"chose_seed":false,"campfire_upgraded":4,"win_rate":0.0,"timestamp":1609881594,"path_taken":["M","?","?","?","M","R","?","E","T","R","?","?","R","M","R","BOSS","M","?","M","M","?","R","M","$","T","M","?","?","R","?","R","BOSS","M","M"],"items_purchased_type":["Relic"],"build_version":"2020-12-22","purchased_purges":2,"victory":false,"max_hp_per_floor":[75,75,75,75,75,75,75,75,75,75,75,75,75,75,75,75,75,75,75,75,75,75,75,75,75,75,75,75,75,75,75,75,75,75,75,75,75],"card_choices":[{"not_picked":["Seeing Red","Entrench"],"picked":"Inflame","floor":1.0},{"not_picked":["Armaments","Perfected Strike"],"picked":"Hemokinesis","floor":5.0},{"not_picked":["True Grit","Clothesline","Armaments"],"picked":"SKIP","floor":8.0},{"not_picked":["Twin Strike","Heavy Blade"],"picked":"Whirlwind","floor":11.0},{"not_picked":["Brutality","Anger"],"picked":"Battle Trance","floor":14.0},{"not_picked":["Barricade","Brutality"],"picked":"Double Tap","floor":16.0},{"not_picked":["Clash","Headbutt","Armaments+1"],"picked":"SKIP","floor":18},{"not_picked":["Armaments+1","Heavy Blade"],"picked":"Shrug It Off","floor":20},{"not_picked":["Entrench","Dual Wield"],"picked":"Carnage","floor":21},{"not_picked":["True Grit","Pommel Strike","Shrug It Off"],"picked":"SKIP","floor":24},{"not_picked":["Shockwave","Armaments"],"picked":"Dropkick","floor":27},{"not_picked":["Sword Boomerang+1","Cleave","Clothesline"],"picked":"SKIP","floor":29},{"not_picked":["Juggernaut","Exhume"],"picked":"Corruption","floor":33},{"not_picked":["Shrug It Off+1","Havoc"],"picked":"Power Through+1","floor":35}],"player_experience":418179,"relics_obtained":[{"floor":8.0,"key":"InkBottle"},{"floor":9.0,"key":"Whetstone"},{"floor":26,"key":"Matryoshka"}],"event_choices":[{"cards_removed":["Strike_R"],"damage_healed":0.0,"max_hp_gain":0.0,"max_hp_loss":0.0,"gold_gain":0.0,"event_name":"Living Wall","player_choice":"Forget","floor":2.0,"gold_loss":0.0,"damage_taken":0.0},{"cards_removed":["Strike_R"],"damage_healed":0.0,"max_hp_gain":0.0,"max_hp_loss":0.0,"gold_gain":0.0,"event_name":"The Cleric","player_choice":"Card Removal","floor":3.0,"gold_loss":75.0,"damage_taken":0.0},{"damage_healed":0.0,"max_hp_gain":0.0,"max_hp_loss":0.0,"gold_gain":0.0,"event_name":"Golden Idol","player_choice":"Take Damage","floor":4.0,"gold_loss":0.0,"damage_taken":26.0,"relics_obtained":["Golden Idol"]},{"damage_healed":0.0,"max_hp_gain":0.0,"max_hp_loss":0.0,"gold_gain":0.0,"event_name":"WeMeetAgain","player_choice":"Gave Potion","floor":12.0,"gold_loss":0.0,"damage_taken":0.0,"relics_obtained":["Regal Pillow"]},{"damage_healed":0,"gold_gain":0,"player_choice":"Ignored","damage_taken":0,"max_hp_gain":0,"max_hp_loss":0,"event_name":"Ghosts","floor":22,"gold_loss":0},{"damage_healed":0,"gold_gain":0,"player_choice":"Ignored","damage_taken":0,"max_hp_gain":0,"max_hp_loss":0,"event_name":"N\u0027loth","floor":28,"gold_loss":0},{"damage_healed":0,"gold_gain":0,"player_choice":"Gave Idol","damage_taken":0,"relics_obtained":["Bloody Idol"],"max_hp_gain":0,"max_hp_loss":0,"event_name":"Forgotten Altar","floor":31,"relics_lost":["Golden Idol"],"gold_loss":0}],"is_beta":false,"boss_relics":[{"not_picked":["Ectoplasm","Mark of Pain"],"picked":"Runic Pyramid"},{"not_picked":["Black Star","Empty Cage"],"picked":"SlaversCollar"}],"items_purged_floors":[19,25],"is_endless":false,"potions_floor_spawned":[1,5,16,20,24,29,33],"killed_by":"3 Darklings","ascension_level":15}}