{"host":"n0yecwpl2j4u196k","time":1609809329,"event":{"mods":["2.2 Compatiblity","AchievementEnabler","BaseMod","Colored Map","Colored Powertips","Highlight Path","Minty Spire (QoL Compilation)","Quick Restart","Rare Cards Sparkle","Relic Stats","SuperFastMode"],"gold_per_floor":[114,114,125,142,152,152,185,185,238,248,264,264,264,264,264,264,264],"floor_reached":16,"playtime":424,"items_purged":[],"score":204,"play_id":"91274dc6-e077-4163-a4bd-e8107a2e7679","local_time":"20210104201529","is_ascension_mode":true,"campfire_choices":[{"data":"Bash","floor":6.0,"key":"SMITH"},{"floor":15,"key":"REST"}],"circlet_count":0,"master_deck":["AscendersBane","Strike_R","Strike_R","Strike_R","Defend_R","Defend_R","Defend_R","Defend_R","Bash+1","Pummel","Clothesline","Shrug It Off","Pommel Strike","Battle Trance"],"relics":["Burning Blood","CultistMask","InkBottle","Orichalcum","Lantern"],"acts_visited":["Exordium"],"potions_floor_usage":[16,16],"damage_taken":[{"damage":11.0,"enemies":"Jaw Worm","floor":1.0,"turns":5.0},{"damage":13.0,"enemies":"Cultist","floor":3.0,"turns":5.0},{"damage":10.0,"enemies":"2 Louse","floor":4.0,"turns":3.0},{"damage":3.0,"enemies":"Exordium Wildlife","floor":5.0,"turns":4.0},{"damage":68.0,"enemies":"3 Sentries","floor":7.0,"turns":16.0},{"damage":4,"enemies":"Blue Slaver","floor":10,"turns":5},{"damage":4,"enemies":"Looter","floor":11,"turns":3},{"damage":37,"enemies":"Hexaghost","floor":16,"turns":9}],"seed_played":"-3782189126760070590","potions_obtained":[{"floor":1.0,"key":"BloodPotion"},{"floor":3.0,"key":"DistilledChaos"},{"floor":8.0,"key":"DistilledChaos"},{"floor":8.0,"key":"PowerPotion"}],"is_trial":false,"path_per_floor":["M","?","M","M","M","R","E","?","T","M","M","?","?","?","R","B"],"character_chosen":"IRONCLAD","items_purchased":[],"campfire_rested":1,"item_purchase_floors":[],"current_hp_per_floor":[63,63,56,52,55,55,8,8,8,10,12,12,12,12,34,0,0],"gold":264,"neow_bonus":"REMOVE_CARD","is_daily":false,"chose_seed":false,"campfire_upgraded":1,"win_rate":0.0,"timestamp":1609809329,"path_taken":["M","?","M","M","?","R","E","?","T","?","M","?","?","?","R","BOSS"],"items_purchased_type":[],"build_version":"2020-12-22","purchased_purges":0,"victory":false,"max_hp_per_floor":[75,75,75,75,75,75,75,75,75,75,75,75,75,75,75,75,75],"relic_stats":{"counters":[8,50],"Orichalcum":[48],"obtain_stats":[{"Lantern":12,"CultistMask":2,"Orichalcum":9,"Burning Blood":0,"InkBottle":7},{"Lantern":7,"CultistMask":1,"Orichalcum":5,"Burning Blood":0,"InkBottle":5},{"Lantern":41,"CultistMask":5,"Orichalcum":33,"Burning Blood":0,"InkBottle":33}],"Burning Blood":42,"InkBottle":[2]},"card_choices":[{"not_picked":["Whirlwind","Anger"],"picked":"Pummel","floor":1.0},{"not_picked":["Pummel","Anger"],"picked":"Clothesline","floor":3.0},{"not_picked":["Armaments","Rage","Body Slam"],"picked":"SKIP","floor":4.0},{"not_picked":["Dark Embrace","Flex"],"picked":"Shrug It Off","floor":5.0},{"not_picked":["Limit Break","Clash"],"picked":"Pommel Strike","floor":7.0},{"not_picked":["Sword Boomerang","Dark Embrace","Clash"],"picked":"SKIP","floor":10},{"not_picked":["Clash","Flex","Pommel Strike"],"picked":"SKIP","floor":11}],"player_experience":261748,"relics_obtained":[{"floor":7.0,"key":"InkBottle"},{"floor":9.0,"key":"Orichalcum"}],"event_choices":[{"damage_healed":0.0,"max_hp_gain":0.0,"max_hp_loss":0.0,"gold_gain":0.0,"event_name":"FaceTrader","player_choice":"Trade","floor":2.0,"gold_loss":0.0,"damage_taken":0.0,"relics_obtained":["CultistMask"]},{"damage_healed":0.0,"max_hp_gain":0.0,"max_hp_loss":0.0,"gold_gain":0.0,"event_name":"Lab","player_choice":"Got Potions","floor":8.0,"gold_loss":0.0,"damage_taken":0.0},{"damage_healed":0,"gold_gain":0,"player_choice":"Searched \u00271\u0027 times","damage_taken":0,"relics_obtained":["Lantern"],"max_hp_gain":0,"max_hp_loss":0,"event_name":"Dead Adventurer","floor":12,"gold_loss":0},{"damage_healed":0,"gold_gain":0,"player_choice":"Ignored","damage_taken":0,"max_hp_gain":0,"max_hp_loss":0,"event_name":"Shining Light","floor":13,"gold_loss":0},{"damage_healed":0,"gold_gain":0,"cards_transformed":["Strike_R"],"player_choice":"Change","damage_taken":0,"max_hp_gain":0,"max_hp_loss":0,"event_name":"Living Wall","floor":14,"gold_loss":0,"cards_obtained":["Battle Trance"]}],"is_beta":false,"boss_relics":[],"items_purged_floors":[],"is_endless":false,"potions_floor_spawned":[1,3,11],"killed_by":"Hexaghost","ascension_level":20}}