{"host":"a5lz0e76zb3fcwkm","time":1609862769,"event":{"mods":["AchievementEnabler","BaseMod","Colored Map","Colored Powertips","Minty Spire (QoL Compilation)","StSLib","SuperFastMode"],"gold_per_floor":[12,28,43,62,62,99,111,136,148,190,217,242,254,278,290,302,302],"floor_reached":16,"playtime":362,"items_purged":[],"score":232,"play_id":"389658c3-eef9-463a-b5fb-87b2af5d71cf","local_time":"20210106010609","is_ascension_mode":true,"campfire_choices":[{"data":"Shrug It Off","floor":13,"key":"SMITH"},{"data":"True Grit","floor":15,"key":"SMITH"}],"circlet_count":0,"master_deck":["AscendersBane","Strike_R","Strike_R","Strike_R","Strike_R","Strike_R","Defend_R","Defend_R","Defend_R","Defend_R","Bash","The Bomb","Seeing Red","Barricade+1","Shrug It Off+1","True Grit+1"],"relics":["Burning Blood","MawBank","Orichalcum","Blood Vial","The Courier"],"acts_visited":["Exordium"],"potions_floor_usage":[6,6,10,12,16],"damage_taken":[{"damage":4,"enemies":"Jaw Worm","floor":1,"turns":4},{"damage":6,"enemies":"2 Louse","floor":2,"turns":3},{"damage":0,"enemies":"Cultist","floor":3,"turns":3},{"damage":14,"enemies":"Red Slaver","floor":4,"turns":3},{"damage":8,"enemies":"Gremlin Nob","floor":6,"turns":3},{"damage":22,"enemies":"Blue Slaver","floor":8,"turns":5},{"damage":10,"enemies":"Lagavulin","floor":10,"turns":7},{"damage":8,"enemies":"2 Fungi Beasts","floor":11,"turns":3},{"damage":7,"enemies":"Large Slime","floor":12,"turns":4},{"damage":10,"enemies":"Blue Slaver","floor":14,"turns":3},{"damage":15,"enemies":"Hexaghost","floor":16,"turns":13}],"seed_played":"7883491554601398777","potions_obtained":[{"floor":2,"key":"Swift Potion"},{"floor":4,"key":"SteroidPotion"},{"floor":8,"key":"Swift Potion"},{"floor":10,"key":"DistilledChaos"},{"floor":14,"key":"ColorlessPotion"}],"is_trial":false,"path_per_floor":["M","M","M","M","?","E","?","M","T","E","M","M","R","M","R","B"],"character_chosen":"IRONCLAD","items_purchased":[],"campfire_rested":0,"item_purchase_floors":[],"current_hp_per_floor":[70,70,75,67,32,30,30,14,14,12,12,13,13,11,11,0,0],"gold":302,"neow_bonus":"RANDOM_COLORLESS_2","is_daily":false,"chose_seed":false,"campfire_upgraded":2,"win_rate":0.0,"timestamp":1609862769,"path_taken":["M","M","M","M","?","E","?","M","T","E","M","?","R","M","R","BOSS"],"items_purchased_type":[],"build_version":"2020-12-22","purchased_purges":0,"victory":false,"max_hp_per_floor":[75,75,75,75,75,75,75,75,75,75,75,75,75,75,75,75,75],"card_choices":[{"not_picked":["Chrysalis","Master of Strategy"],"picked":"The Bomb","floor":0},{"not_picked":["Reckless Charge","Flex"],"picked":"Seeing Red","floor":1},{"not_picked":["Sword Boomerang","Havoc","Anger"],"picked":"SKIP","floor":2},{"not_picked":["Sword Boomerang","Havoc","Anger"],"picked":"SKIP","floor":2},{"not_picked":["Sword Boomerang","Havoc","Anger"],"picked":"SKIP","floor":2},{"not_picked":["Pummel","Cleave","True Grit"],"picked":"SKIP","floor":3},{"not_picked":["Bloodletting","Rampage","Havoc"],"picked":"SKIP","floor":4},{"not_picked":["True Grit","Impervious"],"picked":"Barricade","floor":6},{"not_picked":["Pummel","Iron Wave","Clash"],"picked":"SKIP","floor":8},{"not_picked":["Bloodletting","Double Tap","Cleave"],"picked":"SKIP","floor":10},{"not_picked":["Warcry","Iron Wave","Havoc"],"picked":"SKIP","floor":11},{"not_picked":["Twin Strike","Flex"],"picked":"Shrug It Off","floor":12},{"not_picked":["Whirlwind","Infernal Blade"],"picked":"True Grit","floor":14}],"player_experience":1672643,"relics_obtained":[{"floor":6,"key":"Orichalcum"},{"floor":9,"key":"Blood Vial"},{"floor":10,"key":"The Courier"}],"event_choices":[{"damage_healed":0,"gold_gain":0,"player_choice":"Success","damage_taken":35,"relics_obtained":["MawBank"],"max_hp_gain":0,"max_hp_loss":0,"event_name":"Scrap Ooze","floor":5,"gold_loss":0},{"damage_healed":0,"gold_gain":0,"player_choice":"Forge","damage_taken":0,"max_hp_gain":0,"max_hp_loss":0,"event_name":"Accursed Blacksmith","floor":7,"gold_loss":0,"cards_upgraded":["Barricade"]}],"is_beta":false,"boss_relics":[],"items_purged_floors":[],"is_endless":false,"potions_floor_spawned":[2,4,8,10,14],"killed_by":"Hexaghost","ascension_level":20}}