{"host":"8z6cx8b9r5qs18cp","time":1609820722,"event":{"mods":["AchievementEnabler","Act Like it!","Bard","BaseMod","GifTheSpireLib","Googly Eyes","Hermit","Hubris","Infinite Spire","Marked Mod","Minty Spire (QoL Compilation)","Permanent Neow","Rare Cards Sparkle","Relic Stats","Replay The Spire","StSLib","Stuff the Spire","The Animator","The Bug Knight","The Cursed","The Servant 0.9.4"],"gold_per_floor":[117,137,157,173,173,204,266,297,336,348,373,404,432,444,456,567,579,605,617,629,606,306,306,326,326,326,326,136,136,153,170,170,170,170],"floor_reached":33,"playtime":2522,"items_purged":["Delirium","Looming Evil"],"score":326,"play_id":"c7ade5bb-3586-497c-aa4e-5106404dc258","local_time":"20210104222522","is_ascension_mode":false,"campfire_choices":[{"floor":10,"key":"REST"},{"floor":15,"key":"REST"},{"floor":23,"key":"REST"},{"floor":25,"key":"REST"},{"floor":32,"key":"REST"}],"circlet_count":0,"master_deck":["Strike_R","Strike_R","Strike_R","Strike_R","Strike_R","Defend_R","Defend_R","Defend_R","Defend_R","Bash","Whirlwind+1","Clothesline","StuffTheSpire:Incineration","Rampage+1","StuffTheSpire:RagingBull","Doubt","Anger","Rampage","Iron Wave","Armaments+1","hubris:Envy","Barricade+1","Sword Boomerang","hubris:InfiniteBlow+2","infinitespire:OneForAll","Spot Weakness","Shrug It Off","Rupture","infinitespire:OneForAll+1","Inflame","Dual Wield+1"],"relics":["SacredBark","MawBank","Ring of Hypnosis","Ring of Greed","Membership Card","Replay:Wax Seal","hubris:Backtick","Chameleon Ring","Guide Book","Pear","ReplayTheSpireMod:Ninjato","hubris:PeanutButter"],"acts_visited":["Exordium","TheCity"],"potions_floor_usage":[6,16,16,16,18,18,24,30,30,31],"damage_taken":[{"damage":3,"enemies":"Small Slimes","floor":1,"turns":3},{"damage":3,"enemies":"2 Louse","floor":2,"turns":3},{"damage":3,"enemies":"Jaw Worm","floor":3,"turns":4},{"damage":5,"enemies":"3 Louse","floor":4,"turns":2},{"damage":27,"enemies":"Gremlin Nob","floor":6,"turns":4},{"damage":0,"enemies":"Red Slaver","floor":8,"turns":4},{"damage":0,"enemies":"Large Slime","floor":11,"turns":5},{"damage":15,"enemies":"Looter","floor":12,"turns":3},{"damage":9,"enemies":"2 Fungi Beasts","floor":13,"turns":3},{"damage":32,"enemies":"Hexaghost","floor":16,"turns":7},{"damage":4,"enemies":"3 Byrds","floor":18,"turns":3},{"damage":29,"enemies":"2 Thieves","floor":21,"turns":5},{"damage":35,"enemies":"Snake Plant","floor":24,"turns":6},{"damage":3,"enemies":"Snecko","floor":30,"turns":5},{"damage":91,"enemies":"Centurion and Healer","floor":31,"turns":9},{"damage":174,"enemies":"Champ","floor":33,"turns":15}],"seed_played":"-8763258540379887806","potions_obtained":[{"floor":3,"key":"GamblersBrew"},{"floor":4,"key":"Explosive Potion"},{"floor":8,"key":"EntropicBrew"},{"floor":11,"key":"Death Potion"},{"floor":20,"key":"AttackPotion"},{"floor":20,"key":"FairyPotion"},{"floor":20,"key":"SpeedPotion"},{"floor":24,"key":"EssenceOfSteel"},{"floor":30,"key":"Fruit Juice"}],"is_trial":false,"path_per_floor":["M","M","M","M","?","E","?","M","T","R","M","M","M","?","R","B",null,"M","?","?","M","$","R","M","R","T","?","$","?","M","M","R","B"],"character_chosen":"IRONCLAD","items_purchased":["Guide Book","Spot Weakness","Pear","Shrug It Off","Rupture","hubris:PeanutButter","Inflame"],"campfire_rested":5,"item_purchase_floors":[22,22,22,22,22,28,28],"current_hp_per_floor":[77,74,71,66,66,39,39,39,39,63,63,48,39,39,63,31,80,76,56,56,27,37,64,29,56,56,38,38,38,50,25,58,0,0],"gold":170,"neow_bonus":"BOSS_RELIC","is_daily":false,"chose_seed":false,"campfire_upgraded":0,"win_rate":0.0,"timestamp":1609820722,"path_taken":["M","M","M","M","?","E","?","M","T","R","M","M","M","?","R","BOSS","M","?","?","?","$","R","M","R","T","?","$","?","M","M","R","BOSS"],"items_purchased_type":["Relic","Card","Relic","Card","Card","Relic","Card"],"build_version":"2020-12-22","purchased_purges":2,"victory":false,"max_hp_per_floor":[80,80,80,80,80,80,80,80,80,80,80,80,80,80,80,80,80,80,80,80,80,90,90,90,90,90,95,95,95,110,110,110,110,110],"relic_stats":{"counters":[16,81],"MawBank":192,"obtain_stats":[{"Pear":22,"ReplayTheSpireMod:Ninjato":26,"Ring of Hypnosis":7,"SacredBark":0,"Guide Book":22,"Ring of Greed":7,"MawBank":6,"Burning Blood":0,"hubris:Backtick":17,"Chameleon Ring":17,"hubris:PeanutButter":28,"Membership Card":7,"Replay:Wax Seal":7},{"Pear":12,"ReplayTheSpireMod:Ninjato":13,"Ring of Hypnosis":5,"SacredBark":0,"Guide Book":12,"Ring of Greed":5,"MawBank":5,"Burning Blood":0,"hubris:Backtick":10,"Chameleon Ring":10,"hubris:PeanutButter":13,"Membership Card":5,"Replay:Wax Seal":5},{"Pear":46,"ReplayTheSpireMod:Ninjato":52,"Ring of Hypnosis":16,"SacredBark":0,"Guide Book":46,"Ring of Greed":16,"MawBank":16,"Burning Blood":0,"hubris:Backtick":38,"Chameleon Ring":38,"hubris:PeanutButter":52,"Membership Card":16,"Replay:Wax Seal":16}]},"card_choices":[{"not_picked":["Battle Trance","Run Through"],"picked":"Whirlwind","floor":1},{"not_picked":["StuffTheSpire:RockThrow","StuffTheSpire:Resist"],"picked":"Clothesline","floor":2},{"not_picked":["Iron Wave","Run Through"],"picked":"StuffTheSpire:Incineration","floor":3},{"not_picked":["Havoc","Twin Strike"],"picked":"Rampage","floor":4},{"not_picked":["Body Slam","StuffTheSpire:Slingshot"],"picked":"StuffTheSpire:RagingBull","floor":6},{"not_picked":["StuffTheSpire:Resist","ReplayTheSpireMod:Strike From Hell"],"picked":"Anger","floor":8},{"not_picked":["Pommel Strike","StuffTheSpire:BloodClot"],"picked":"Rampage","floor":11},{"not_picked":["Body Slam","Flame Barrier"],"picked":"Iron Wave","floor":12},{"not_picked":["Clash","Abandon"],"picked":"Armaments","floor":13},{"not_picked":["Corruption","Replay:Many Hands"],"picked":"Barricade","floor":16},{"not_picked":["ReplayTheSpireMod:Strike From Hell","Replay:Undeath\u0027s Touch"],"picked":"Sword Boomerang","floor":18},{"not_picked":["ReplayTheSpireMod:Black Plague","infinitespire:UltimateForm"],"picked":"hubris:InfiniteBlow+2","floor":19},{"not_picked":["Sword Boomerang","Barricade"],"picked":"infinitespire:OneForAll","floor":21},{"not_picked":["Dropkick","StuffTheSpire:Resist+1"],"picked":"infinitespire:OneForAll+1","floor":24},{"not_picked":["Clothesline","Warcry"],"picked":"Dual Wield+1","floor":30},{"not_picked":["StuffTheSpire:RagingBull","ReplayTheSpireMod:Limb From Limb","Whirlwind"],"picked":"SKIP","floor":31}],"player_experience":204617,"relics_obtained":[{"floor":6,"key":"MawBank"},{"floor":7,"key":"Ring of Hypnosis"},{"floor":7,"key":"Ring of Greed"},{"floor":7,"key":"Membership Card"},{"floor":7,"key":"Replay:Wax Seal"},{"floor":26,"key":"ReplayTheSpireMod:Ninjato"}],"event_choices":[{"damage_healed":0,"gold_gain":0,"player_choice":"Grow","damage_taken":0,"max_hp_gain":0,"max_hp_loss":0,"event_name":"Living Wall","floor":14,"gold_loss":0,"cards_upgraded":["Armaments"]},{"damage_healed":0,"gold_gain":0,"player_choice":"Got Potions","damage_taken":0,"max_hp_gain":0,"max_hp_loss":0,"event_name":"Lab","floor":20,"gold_loss":0},{"damage_healed":0,"gold_gain":0,"player_choice":"Shed Blood","damage_taken":23,"max_hp_gain":5,"max_hp_loss":0,"event_name":"Forgotten Altar","floor":27,"gold_loss":0}],"is_beta":false,"boss_relics":[{"not_picked":["StuffTheSpire:ModemDavis","Runic Cube"],"picked":"hubris:Backtick"}],"items_purged_floors":[22,28],"is_endless":false,"potions_floor_spawned":[3,4,8,11,13,21,24,30],"killed_by":"Champ","ascension_level":0}}