{"host":"poshtwjux72eqzmy","time":1609812647,"event":{"mods":["BaseMod","Bestiary","Block Reminder","Colored Powertips","Highlight Path","Minty Spire (QoL Compilation)","Quick Restart","Relic Stats","ojb\u0027s Info Mod"],"gold_per_floor":[111,111,122,197,197,228,228,244,244,244,273,38,58,90,90,165,165,177,187,237,237,257,286,286,317,317,329,301,342,364,386,398,489,501,529,559,34,52,66,66,91,91,91,117,142,159,186,199,199,199,199,199,199,31,57,57],"floor_reached":57,"playtime":6248,"items_purged":["Strike_R","Strike_R"],"score":2840,"play_id":"dbb50081-b88f-4070-9e3e-cfc145f8533f","local_time":"20210105041047","is_ascension_mode":true,"campfire_choices":[{"floor":7.0,"key":"REST"},{"data":"Flex","floor":10.0,"key":"SMITH"},{"data":"Bash","floor":15.0,"key":"SMITH"},{"data":"True Grit","floor":24.0,"key":"SMITH"},{"data":"Second Wind","floor":27.0,"key":"SMITH"},{"data":"Barricade","floor":32.0,"key":"SMITH"},{"data":"Power Through","floor":40.0,"key":"SMITH"},{"data":"Shockwave","floor":42.0,"key":"SMITH"},{"floor":49.0,"key":"RECALL"},{"data":"Pommel Strike","floor":53.0,"key":"SMITH"}],"circlet_count":0,"master_deck":["AscendersBane","Strike_R","Strike_R","Defend_R","Defend_R","Defend_R","Defend_R","Bash+1","Flex+1","Pommel Strike+1","Brutality","Twin Strike","Twin Strike","Battle Trance","Spot Weakness","Anger","Impervious","True Grit+1","Pummel","Second Wind+1","Power Through+1","Cleave+1","Barricade+1","Demon Form","Inflame+1","Dark Shackles","Body Slam+1","Shockwave+1","Bloodletting+1","Armaments+1","True Grit+1","Sword Boomerang","Shrug It Off+1","Shockwave+1"],"relics":["Burning Blood","Du-Vu Doll","Shuriken","Meat on the Bone","Eternal Feather","PreservedInsect","Pantograph","Runic Pyramid","MutagenicStrength","Ancient Tea Set","Boot","MawBank","Akabeko","SlaversCollar","Mummified Hand","Centennial Puzzle","Smiling Mask","Prayer Wheel","Nunchaku","Toolbox","Mercury Hourglass"],"acts_visited":["Exordium","TheCity","TheBeyond","TheEnding"],"potions_floor_usage":[56,56],"damage_taken":[{"damage":7.0,"enemies":"Small Slimes","floor":1.0,"turns":4.0},{"damage":9.0,"enemies":"2 Louse","floor":3.0,"turns":3.0},{"damage":20.0,"enemies":"3 Sentries","floor":6.0,"turns":7.0},{"damage":0.0,"enemies":"Cultist","floor":8.0,"turns":2.0},{"damage":30.0,"enemies":"Lagavulin","floor":11.0,"turns":4.0},{"damage":12.0,"enemies":"Large Slime","floor":13.0,"turns":2.0},{"damage":8.0,"enemies":"Gremlin Nob","floor":14.0,"turns":3.0},{"damage":73.0,"enemies":"Hexaghost","floor":16.0,"turns":7.0},{"damage":10.0,"enemies":"Chosen","floor":18.0,"turns":5.0},{"damage":12.0,"enemies":"3 Byrds","floor":19.0,"turns":6.0},{"damage":14.0,"enemies":"Snake Plant","floor":22.0,"turns":4.0},{"damage":23.0,"enemies":"Slavers","floor":23.0,"turns":3.0},{"damage":33.0,"enemies":"Book of Stabbing","floor":25.0,"turns":5.0},{"damage":16.0,"enemies":"Slavers","floor":29.0,"turns":3.0},{"damage":0.0,"enemies":"Centurion and Healer","floor":30.0,"turns":5.0},{"damage":13.0,"enemies":"Cultist and Chosen","floor":31.0,"turns":7.0},{"damage":47.0,"enemies":"Automaton","floor":33.0,"turns":10.0},{"damage":12.0,"enemies":"Orb Walker","floor":35.0,"turns":4.0},{"damage":33.0,"enemies":"3 Darklings","floor":36.0,"turns":7.0},{"damage":26.0,"enemies":"Transient","floor":38.0,"turns":6.0},{"damage":35.0,"enemies":"Jaw Worm Horde","floor":39.0,"turns":4.0},{"damage":1.0,"enemies":"Reptomancer","floor":41.0,"turns":4.0},{"damage":3.0,"enemies":"Giant Head","floor":44.0,"turns":5.0},{"damage":3.0,"enemies":"Mind Bloom Boss Battle","floor":45.0,"turns":5.0},{"damage":3.0,"enemies":"Spire Growth","floor":46.0,"turns":3.0},{"damage":46.0,"enemies":"Nemesis","floor":47.0,"turns":4.0},{"damage":3.0,"enemies":"Maw","floor":48.0,"turns":8.0},{"damage":52.0,"enemies":"Donu and Deca","floor":50.0,"turns":12.0},{"damage":72.0,"enemies":"Awakened One","floor":51.0,"turns":9.0},{"damage":5.0,"enemies":"Shield and Spear","floor":55.0,"turns":4.0},{"damage":99,"enemies":"The Heart","floor":56,"turns":8}],"seed_played":"-9088238048379213712","potions_obtained":[{"floor":1.0,"key":"Explosive Potion"},{"floor":13.0,"key":"Explosive Potion"},{"floor":16.0,"key":"GamblersBrew"},{"floor":22.0,"key":"PowerPotion"},{"floor":25.0,"key":"FearPotion"},{"floor":28.0,"key":"Block Potion"},{"floor":29.0,"key":"Ancient Potion"},{"floor":39.0,"key":"LiquidMemories"},{"floor":41.0,"key":"Block Potion"},{"floor":48.0,"key":"SteroidPotion"},{"floor":55.0,"key":"Regen Potion"}],"is_trial":false,"path_per_floor":["M","?","M","?","?","E","R","M","T","R","E","$","M","E","R","B",null,"M","M","?","?","M","E","R","E","T","R","?","E","M","M","R","B",null,"M","M","$","M","M","R","E","R","T","E","?","M","E","M","R","B","B",null,"R","$","E","B",null],"character_chosen":"IRONCLAD","items_purchased":["PreservedInsect","Mummified Hand","Dark Shackles","PowerPotion","Toolbox"],"campfire_rested":1,"item_purchase_floors":[12,37,37,37,54],"current_hp_per_floor":[63,45,42,31,31,17,43,49,49,49,37,37,43,53,62,32,75,71,65,65,65,57,52,64,49,49,61,61,51,57,62,74,60,82,76,61,61,53,36,51,56,71,71,74,89,89,61,64,82,55,26,73,89,89,89,22],"gold":57,"neow_bonus":"TWENTY_PERCENT_HP_BONUS","is_daily":false,"chose_seed":false,"campfire_upgraded":8,"win_rate":0.0,"timestamp":1609812647,"path_taken":["M","?","M","?","?","E","R","M","T","R","E","$","M","E","R","BOSS","M","M","?","?","M","E","R","E","T","R","?","E","M","M","R","BOSS","M","M","$","?","M","R","E","R","T","E","?","M","E","M","R","BOSS","BOSS","R","$","E","BOSS"],"items_purchased_type":["Relic","Relic","Card","Potion","Relic"],"build_version":"2020-12-22","purchased_purges":2,"victory":true,"max_hp_per_floor":[89,89,89,89,89,89,89,89,89,89,89,89,89,89,89,89,89,89,89,89,89,89,89,89,89,89,89,89,89,89,89,89,89,89,89,89,89,89,89,89,89,89,89,89,89,89,89,89,89,89,89,89,89,89,89,89],"relic_stats":{"counters":[31,163],"Eternal Feather":109,"PreservedInsect":465,"Boot":[47],"MawBank":132,"Smiling Mask":0,"Burning Blood":179,"Mercury Hourglass":[24],"Centennial Puzzle":[27],"Nunchaku":[7],"Shuriken":[50],"Mummified Hand":[40],"Pantograph":87,"Prayer Wheel":2,"obtain_stats":[{"Eternal Feather":11,"PreservedInsect":12,"Ancient Tea Set":23,"Boot":25,"MawBank":26,"Smiling Mask":44,"Burning Blood":0,"Akabeko":29,"Mercury Hourglass":55,"Du-Vu Doll":2,"SlaversCollar":34,"Centennial Puzzle":41,"Nunchaku":47,"Shuriken":6,"Mummified Hand":37,"Pantograph":14,"MutagenicStrength":21,"Toolbox":54,"Prayer Wheel":45,"Meat on the Bone":9,"Runic Pyramid":17},{"Eternal Feather":5,"PreservedInsect":5,"Ancient Tea Set":12,"Boot":13,"MawBank":13,"Smiling Mask":23,"Burning Blood":0,"Akabeko":14,"Mercury Hourglass":30,"Du-Vu Doll":1,"SlaversCollar":17,"Centennial Puzzle":22,"Nunchaku":26,"Shuriken":3,"Mummified Hand":19,"Pantograph":7,"MutagenicStrength":10,"Toolbox":29,"Prayer Wheel":24,"Meat on the Bone":4,"Runic Pyramid":8},{"Eternal Feather":20,"PreservedInsect":20,"Ancient Tea Set":50,"Boot":55,"MawBank":55,"Smiling Mask":110,"Burning Blood":0,"Akabeko":58,"Mercury Hourglass":155,"Du-Vu Doll":4,"SlaversCollar":80,"Centennial Puzzle":105,"Nunchaku":122,"Shuriken":14,"Mummified Hand":91,"Pantograph":25,"MutagenicStrength":43,"Toolbox":151,"Prayer Wheel":115,"Meat on the Bone":16,"Runic Pyramid":32}],"Meat on the Bone":180},"card_choices":[{"not_picked":["Sword Boomerang","Iron Wave"],"picked":"Flex","floor":1.0},{"not_picked":["Metallicize","Bloodletting"],"picked":"Pommel Strike","floor":3.0},{"not_picked":["Shrug It Off","Carnage"],"picked":"Twin Strike","floor":6.0},{"not_picked":["Clash","Blood for Blood"],"picked":"Twin Strike","floor":8.0},{"not_picked":["Burning Pact","Blood for Blood"],"picked":"Battle Trance","floor":11.0},{"not_picked":["Evolve","Uppercut"],"picked":"Spot Weakness","floor":13.0},{"not_picked":["Wild Strike","Thunderclap"],"picked":"Anger","floor":14.0},{"not_picked":["Corruption","Bludgeon"],"picked":"Impervious","floor":16.0},{"not_picked":["Ghostly Armor","Anger"],"picked":"True Grit","floor":18.0},{"not_picked":["Flex","Blood for Blood"],"picked":"Pummel","floor":19.0},{"not_picked":["Headbutt","True Grit","Sever Soul"],"picked":"SKIP","floor":22.0},{"not_picked":["Battle Trance","Metallicize"],"picked":"Second Wind","floor":23.0},{"not_picked":["Power Through","Fire Breathing","Blood for Blood"],"picked":"SKIP","floor":25.0},{"not_picked":["Fire Breathing","Blood for Blood"],"picked":"Power Through","floor":25.0},{"not_picked":["Rampage","Warcry"],"picked":"Cleave+1","floor":29.0},{"not_picked":["True Grit","Armaments"],"picked":"Barricade","floor":30.0},{"not_picked":["Shrug It Off","True Grit","Carnage"],"picked":"SKIP","floor":31.0},{"not_picked":["Berserk","Brutality"],"picked":"Demon Form","floor":33.0},{"not_picked":["Cleave","True Grit","Carnage+1"],"picked":"SKIP","floor":35.0},{"not_picked":["Thunderclap","Clothesline"],"picked":"Inflame+1","floor":36.0},{"not_picked":["Carnage+1","Combust"],"picked":"Body Slam+1","floor":38.0},{"not_picked":["Headbutt","Armaments"],"picked":"Shockwave","floor":39.0},{"not_picked":["Corruption","Pommel Strike"],"picked":"Bloodletting+1","floor":41.0},{"not_picked":["Perfected Strike+1","Hemokinesis","Reckless Charge"],"picked":"SKIP","floor":44.0},{"not_picked":["Battle Trance","Body Slam"],"picked":"Armaments+1","floor":45.0},{"not_picked":["Infernal Blade+1","Sentinel"],"picked":"True Grit+1","floor":46.0},{"not_picked":["Second Wind+1","Twin Strike+1"],"picked":"Sword Boomerang","floor":46.0},{"not_picked":["Perfected Strike","Bludgeon","Twin Strike"],"picked":"SKIP","floor":47.0},{"not_picked":["Uppercut+1","Iron Wave"],"picked":"Shrug It Off+1","floor":48.0},{"not_picked":["Brutality","Intimidate","Clash"],"picked":"SKIP","floor":48.0},{"not_picked":["Rage","Headbutt"],"picked":"Shockwave+1","floor":55.0}],"player_experience":1026074,"relics_obtained":[{"floor":6.0,"key":"Shuriken"},{"floor":9.0,"key":"Meat on the Bone"},{"floor":11.0,"key":"Eternal Feather"},{"floor":14.0,"key":"Pantograph"},{"floor":23.0,"key":"Ancient Tea Set"},{"floor":25.0,"key":"Boot"},{"floor":26.0,"key":"MawBank"},{"floor":29.0,"key":"Akabeko"},{"floor":41.0,"key":"Centennial Puzzle"},{"floor":44.0,"key":"Smiling Mask"},{"floor":45.0,"key":"Prayer Wheel"},{"floor":47.0,"key":"Nunchaku"},{"floor":55.0,"key":"Mercury Hourglass"}],"event_choices":[{"damage_healed":0.0,"max_hp_gain":0.0,"max_hp_loss":0.0,"gold_gain":0.0,"event_name":"Scrap Ooze","player_choice":"Success","floor":2.0,"gold_loss":0.0,"damage_taken":18.0,"relics_obtained":["Du-Vu Doll"]},{"damage_healed":0.0,"max_hp_gain":0.0,"max_hp_loss":0.0,"gold_gain":75.0,"event_name":"World of Goop","player_choice":"Gather Gold","floor":4.0,"gold_loss":0.0,"damage_taken":11.0},{"damage_healed":0.0,"max_hp_gain":0.0,"max_hp_loss":0.0,"gold_gain":0.0,"cards_transformed":["Strike_R"],"event_name":"Living Wall","player_choice":"Change","floor":5.0,"gold_loss":0.0,"damage_taken":0.0,"cards_obtained":["Brutality"]},{"damage_healed":0.0,"max_hp_gain":0.0,"max_hp_loss":0.0,"gold_gain":50.0,"event_name":"Nest","player_choice":"Stole From Cult","floor":20.0,"gold_loss":0.0,"damage_taken":0.0},{"damage_healed":0.0,"max_hp_gain":0.0,"max_hp_loss":0.0,"gold_gain":0.0,"event_name":"Drug Dealer","player_choice":"Inject Mutagens","floor":21.0,"gold_loss":0.0,"damage_taken":0.0,"relics_obtained":["MutagenicStrength"]},{"damage_healed":0.0,"max_hp_gain":0.0,"max_hp_loss":0.0,"gold_gain":0.0,"event_name":"The Woman in Blue","player_choice":"Bought 3 Potions","floor":28.0,"gold_loss":0.0,"damage_taken":0.0},{"damage_healed":0.0,"max_hp_gain":0.0,"max_hp_loss":0.0,"gold_gain":0.0,"event_name":"MindBloom","player_choice":"Fight","floor":45.0,"gold_loss":0.0,"damage_taken":0.0}],"is_beta":false,"boss_relics":[{"not_picked":["Runic Cube","Pandora\u0027s Box"],"picked":"Runic Pyramid"},{"not_picked":["Empty Cage","SacredBark"],"picked":"SlaversCollar"}],"items_purged_floors":[12,37],"is_endless":false,"potions_floor_spawned":[1,13,16,22,25,29,31,39,41,44,45,48,55],"ascension_level":20}}