{"host":"u7lm8z2rvb4dg2oo","time":1609822551,"event":{"mods":["AchievementEnabler","BaseMod","Colored Map","Colored Powertips","Curses Come First","Googly Eyes","Highlight Path","Minty Spire (QoL Compilation)","Quick Restart","StSLib"],"gold_per_floor":[117,117,67,83,96,96,135,145,172,238,238,264,280,315,315,422,422,448,464,212,231,19,19,53,0,0,0,0],"floor_reached":27,"playtime":1438,"items_purged":[],"score":406,"play_id":"49d25841-b913-4bba-adfd-193e076f574a","local_time":"20210104235551","is_ascension_mode":true,"campfire_choices":[{"data":"Judgement","floor":6.0,"key":"SMITH"},{"floor":11.0,"key":"REST"},{"floor":15.0,"key":"REST"},{"data":"Establishment","floor":23.0,"key":"SMITH"}],"circlet_count":0,"master_deck":["Strike_P","Strike_P","Strike_P","Defend_P","Defend_P","Defend_P","Defend_P","Eruption","Vigilance","Judgement+1","TalkToTheHand","SandsOfTime","Protect","Consecrate","Prostrate","Establishment+1","Protect","Panache+1","FearNoEvil"],"relics":["PureWater","Akabeko","CeramicFish","Vajra","Smiling Mask","MealTicket","Omamori","SlaversCollar","Frozen Egg 2","Singing Bowl"],"acts_visited":["Exordium","TheCity"],"potions_floor_usage":[24,27],"damage_taken":[{"damage":0.0,"enemies":"Jaw Worm","floor":1.0,"turns":2.0},{"damage":0.0,"enemies":"2 Louse","floor":4.0,"turns":2.0},{"damage":0.0,"enemies":"Small Slimes","floor":5.0,"turns":2.0},{"damage":10.0,"enemies":"3 Sentries","floor":7.0,"turns":6.0},{"damage":5.0,"enemies":"Red Slaver","floor":8.0,"turns":4.0},{"damage":36.0,"enemies":"Lagavulin Event","floor":10.0,"turns":8.0},{"damage":2.0,"enemies":"Gremlin Nob","floor":12.0,"turns":3.0},{"damage":3.0,"enemies":"Gremlin Gang","floor":13.0,"turns":3.0},{"damage":10.0,"enemies":"3 Sentries","floor":14.0,"turns":3.0},{"damage":0.0,"enemies":"Slime Boss","floor":16.0,"turns":4.0},{"damage":16.0,"enemies":"3 Byrds","floor":18.0,"turns":5.0},{"damage":0.0,"enemies":"Spheric Guardian","floor":19.0,"turns":1.0},{"damage":36.0,"enemies":"Shelled Parasite and Fungi","floor":21.0,"turns":10.0},{"damage":47,"enemies":"Book of Stabbing","floor":24,"turns":6},{"damage":20,"enemies":"Gremlin Leader","floor":27,"turns":3}],"seed_played":"-4916895103283235220","potions_obtained":[{"floor":1.0,"key":"Fruit Juice"},{"floor":5.0,"key":"BlessingOfTheForge"},{"floor":14.0,"key":"AttackPotion"},{"floor":16.0,"key":"SteroidPotion"},{"floor":19.0,"key":"Regen Potion"}],"is_trial":false,"path_per_floor":["M","?","?","M","M","R","E","M","T","?","R","E","M","E","R","B",null,"M","M","$","M","$","R","E","?","T","E"],"character_chosen":"WATCHER","items_purchased":["Frozen Egg 2","Panache+1","FearNoEvil"],"campfire_rested":2,"item_purchase_floors":[20,22,22],"current_hp_per_floor":[65,62,62,67,67,67,57,52,52,16,39,37,34,24,47,47,70,54,54,69,33,48,48,15,15,15,0,0],"gold":0,"neow_bonus":"ONE_RANDOM_RARE_CARD","is_daily":false,"chose_seed":false,"campfire_upgraded":2,"win_rate":0.0,"timestamp":1609822551,"path_taken":["M","?","?","M","M","R","E","?","T","?","R","E","M","E","R","BOSS","M","M","$","M","$","R","E","?","T","E"],"items_purchased_type":["Relic","Card","Card"],"build_version":"2020-12-22","purchased_purges":0,"victory":false,"max_hp_per_floor":[72,72,72,77,77,77,77,77,77,77,77,77,77,77,77,77,77,77,77,77,77,77,77,79,79,79,79,79],"card_choices":[{"not_picked":["Consecrate","Swivel"],"picked":"TalkToTheHand","floor":1.0},{"not_picked":["BattleHymn","ThirdEye"],"picked":"SandsOfTime","floor":4.0},{"not_picked":["CrushJoints","PathToVictory","JustLucky"],"picked":"SKIP","floor":5.0},{"not_picked":["Evaluate","Pray"],"picked":"Protect","floor":7.0},{"not_picked":["Consecrate","CarveReality","ClearTheMind"],"picked":"SKIP","floor":8.0},{"not_picked":["Prostrate","FlurryOfBlows"],"picked":"Consecrate","floor":10.0},{"not_picked":["InnerPeace","EmptyFist","Nirvana"],"picked":"SKIP","floor":12.0},{"not_picked":["WaveOfTheHand","Crescendo","Pray"],"picked":"SKIP","floor":13.0},{"not_picked":["Halt","Evaluate"],"picked":"Prostrate","floor":14.0},{"not_picked":["DevaForm","DeusExMachina"],"picked":"Establishment","floor":16.0},{"not_picked":["BowlingBash","JustLucky+1"],"picked":"Protect","floor":18.0},{"not_picked":["Protect","Adaptation+1","FlyingSleeves"],"picked":"SKIP","floor":19.0},{"not_picked":["PathToVictory","Prostrate","ClearTheMind"],"picked":"SKIP","floor":21.0},{"not_picked":["Protect+1","BattleHymn+1","DeceiveReality"],"picked":"Singing Bowl","floor":24}],"player_experience":1070161,"relics_obtained":[{"floor":7.0,"key":"CeramicFish"},{"floor":9.0,"key":"Vajra"},{"floor":10.0,"key":"Smiling Mask"},{"floor":12.0,"key":"MealTicket"},{"floor":14.0,"key":"Omamori"},{"floor":24,"key":"Singing Bowl"}],"event_choices":[{"damage_healed":0.0,"max_hp_gain":0.0,"max_hp_loss":0.0,"gold_gain":0.0,"event_name":"Scrap Ooze","player_choice":"Success","floor":2.0,"gold_loss":0.0,"damage_taken":3.0,"relics_obtained":["Akabeko"]},{"cards_removed":["Strike_P"],"damage_healed":0.0,"max_hp_gain":0.0,"max_hp_loss":0.0,"gold_gain":0.0,"event_name":"The Cleric","player_choice":"Card Removal","floor":3.0,"gold_loss":50.0,"damage_taken":0.0},{"damage_healed":0.0,"max_hp_gain":0.0,"max_hp_loss":0.0,"gold_gain":0.0,"event_name":"Dead Adventurer","player_choice":"Searched \u00271\u0027 times","floor":10.0,"gold_loss":0.0,"damage_taken":0.0},{"damage_healed":0,"gold_gain":0,"player_choice":"Paid Fearfully","damage_taken":0,"max_hp_gain":0,"max_hp_loss":0,"event_name":"Masked Bandits","floor":25,"gold_loss":53}],"is_beta":false,"boss_relics":[{"not_picked":["Coffee Dripper","Ectoplasm"],"picked":"SlaversCollar"}],"items_purged_floors":[],"is_endless":false,"potions_floor_spawned":[1,5,14,16,19],"killed_by":"Gremlin Leader","ascension_level":7}}