{"host":"Noah","time":1609818094,"event":{"mods":["BaseMod","Colored Map","Custom Start","Hermit","Jorbs\u0027s Wanderer Trilogy","Minty Spire (QoL Compilation)","Replay The Spire","StSLib","The Blue Laboratory"],"gold_per_floor":[119,119,137,156,156,185,285,285,360,360,373,386,411,422,422,524,524,536,70,93,93,126,126,173,203,249,297,311,311],"floor_reached":28,"playtime":1420,"items_purged":["hermit:Strike_Hermit"],"score":295,"play_id":"abecc200-75df-4fed-af27-0fd2913dc5b9","local_time":"20210104224134","is_ascension_mode":true,"campfire_choices":[{"data":"hermit:HighCaliber","floor":8.0,"key":"SMITH"},{"floor":10.0,"key":"REST"},{"floor":15.0,"key":"REST"},{"floor":23,"key":"REST"}],"circlet_count":0,"master_deck":["hermit:Strike_Hermit","hermit:Defend_Hermit","hermit:Defend_Hermit","hermit:Defend_Hermit","hermit:Defend_Hermit","hermit:Snapshot","hermit:Covet","hermit:EternalForm","hermit:Roulette+1","hermit:EyeOfTheStorm","hermit:HighCaliber+1","hermit:Roulette","hermit:Manifest","hermit:Horror","hermit:SprayPray","hermit:Gambit","hermit:Vantage","hermit:ShadowCloak","hermit:Roulette","hermit:HoleUp","hermit:ItchyTrigger","hermit:Desperado","Pot Of Greed","Pot Of Greed","hermit:HighCaliber+1","hermit:TrackingShot","Pot Of Greed","hermit:Vantage+1"],"relics":["hermit:ClaspedLocket","Replay:Wax Seal","Shuriken","Pondfish Scales","OrangePellets","Replay:Bandana","Ice Cream","Grinning Jar","Replay:Rubber Ducky","Toxic Egg 2"],"acts_visited":["Exordium","TheCity"],"potions_floor_usage":[22,24,24,25,27],"damage_taken":[{"damage":10.0,"enemies":"Cultist","floor":1.0,"turns":4.0},{"damage":2.0,"enemies":"Jaw Worm","floor":3.0,"turns":2.0},{"damage":3.0,"enemies":"2 Louse","floor":4.0,"turns":2.0},{"damage":25.0,"enemies":"3 Sentries","floor":6.0,"turns":6.0},{"damage":6.0,"enemies":"Looter","floor":11.0,"turns":2.0},{"damage":17.0,"enemies":"Exordium Thugs","floor":12.0,"turns":3.0},{"damage":15.0,"enemies":"Gremlin Nob","floor":13.0,"turns":4.0},{"damage":0.0,"enemies":"Gremlin Gang","floor":14.0,"turns":2.0},{"damage":23.0,"enemies":"Slime Boss","floor":16.0,"turns":9.0},{"damage":0.0,"enemies":"Chosen","floor":18.0,"turns":4.0},{"damage":26,"enemies":"3 Byrds","floor":22,"turns":6},{"damage":28,"enemies":"Slavers","floor":24,"turns":3},{"damage":0,"enemies":"Shelled Parasite and Fungi","floor":25,"turns":2},{"damage":11,"enemies":"Gremlin Leader","floor":27,"turns":4},{"damage":15,"enemies":"Snecko","floor":28,"turns":3}],"seed_played":"-8953606412118317907","potions_obtained":[{"floor":3.0,"key":"SteroidPotion"},{"floor":12.0,"key":"Flashbang"},{"floor":14.0,"key":"blueLaboratory:HorrorPotion"},{"floor":18.0,"key":"PowerPotion"},{"floor":24,"key":"SkillPotion"},{"floor":25,"key":"BlessingOfTheForge"}],"is_trial":false,"path_per_floor":["M","?","M","M","?","E","?","R","T","R","M","M","E","M","R","B",null,"M","$","?","?","M","R","E","M","T","E","M"],"character_chosen":"HERMIT","items_purchased":["OrangePellets","hermit:ShadowCloak","hermit:Roulette","Replay:Bandana"],"campfire_rested":3,"item_purchase_floors":[19,19,19,19],"current_hp_per_floor":[65,65,63,60,60,35,35,35,35,57,51,34,19,19,41,18,75,75,75,57,57,31,53,25,25,25,14,0,0],"gold":311,"neow_bonus":"ONE_RANDOM_RARE_CARD","is_daily":false,"chose_seed":false,"campfire_upgraded":1,"win_rate":0.0,"timestamp":1609818094,"path_taken":["M","?","M","?","?","E","?","R","T","R","M","M","E","M","R","BOSS","M","$","?","?","M","R","E","M","T","E","M"],"items_purchased_type":["Relic","Card","Card","Relic"],"build_version":"2020-12-18","purchased_purges":1,"victory":false,"max_hp_per_floor":[75,75,75,75,75,75,75,75,75,75,75,75,75,75,75,75,75,75,75,75,75,75,75,75,75,75,75,75,75],"card_choices":[{"not_picked":["hermit:SprayPray","hermit:Quickdraw"],"picked":"hermit:Roulette","floor":1.0},{"not_picked":["hermit:LowProfile","hermit:Quickdraw"],"picked":"hermit:EyeOfTheStorm","floor":3.0},{"not_picked":["hermit:BodyArmor","hermit:TakeCover"],"picked":"hermit:HighCaliber","floor":4.0},{"not_picked":["hermit:Determination","hermit:Misfire","hermit:EternalForm"],"picked":"SKIP","floor":6.0},{"not_picked":["hermit:ShadowCloak","hermit:Deadeye"],"picked":"hermit:Roulette","floor":11.0},{"not_picked":["hermit:LoneWolf","hermit:Ricochet"],"picked":"hermit:Manifest","floor":12.0},{"not_picked":["hermit:Brawl","hermit:Ricochet"],"picked":"hermit:Horror","floor":13.0},{"not_picked":["hermit:Dive","hermit:LowProfile"],"picked":"hermit:SprayPray","floor":14.0},{"not_picked":["hermit:Dissolve","hermit:FatalDesire"],"picked":"hermit:Gambit","floor":16.0},{"not_picked":["hermit:Feint","hermit:FullyLoaded"],"picked":"hermit:Vantage","floor":18.0},{"not_picked":["hermit:FullyLoaded","hermit:BodyArmor"],"picked":"hermit:HoleUp","floor":20.0},{"not_picked":["hermit:ItchyTrigger+1","hermit:Manifest"],"picked":"hermit:Desperado","floor":22},{"not_picked":["hermit:EternalForm","hermit:Horror"],"picked":"hermit:HighCaliber+1","floor":24},{"not_picked":["hermit:FlashPowder","hermit:LowProfile"],"picked":"hermit:TrackingShot","floor":25},{"not_picked":["hermit:HoleUp+1","hermit:Feint+1"],"picked":"hermit:Vantage+1","floor":27}],"player_experience":858368,"relics_obtained":[{"floor":6.0,"key":"Replay:Wax Seal"},{"floor":9.0,"key":"Shuriken"},{"floor":13.0,"key":"Pondfish Scales"},{"floor":20.0,"key":"Ice Cream"},{"floor":24,"key":"Grinning Jar"},{"floor":26,"key":"Replay:Rubber Ducky"},{"floor":27,"key":"Toxic Egg 2"}],"event_choices":[{"cards_removed":["hermit:Strike_Hermit"],"damage_healed":0.0,"max_hp_gain":0.0,"max_hp_loss":0.0,"gold_gain":0.0,"event_name":"Bonfire Elementals","player_choice":"Offered Basic","floor":2.0,"gold_loss":0.0,"damage_taken":0.0},{"damage_healed":0.0,"max_hp_gain":0.0,"max_hp_loss":0.0,"gold_gain":0.0,"event_name":"Living Wall","player_choice":"Grow","floor":5.0,"gold_loss":0.0,"damage_taken":0.0,"cards_upgraded":["hermit:Roulette"]},{"damage_healed":0.0,"max_hp_gain":0.0,"max_hp_loss":0.0,"gold_gain":100.0,"event_name":"Golden Shrine","player_choice":"Pray","floor":7.0,"gold_loss":0.0,"damage_taken":0.0},{"damage_healed":0.0,"max_hp_gain":0.0,"max_hp_loss":0.0,"gold_gain":0.0,"cards_transformed":["hermit:Strike_Hermit"],"event_name":"Transmorgrifier","player_choice":"Transformed","floor":21.0,"gold_loss":0.0,"damage_taken":0.0,"cards_obtained":["hermit:ItchyTrigger"]}],"is_beta":true,"boss_relics":[{"not_picked":["hermit:DentedPlate","Abe\u0027s Treasure"],"picked":"hermit:ClaspedLocket"}],"items_purged_floors":[19],"is_endless":false,"potions_floor_spawned":[3,12,14,18,24,25],"killed_by":"Snecko","ascension_level":2}}