{"host":"grn78f1vmffaipkx","time":1609852220,"event":{"mods":["AchievementEnabler","BaseMod","Colored Map","Minty Spire (QoL Compilation)","Quick Restart","SuperFastMode"],"gold_per_floor":[110,125,50,50,63,63,76,76,76,76,95,122,135,146,146,247,247,257,107,124,124,124,124,39,49,49,59,75,94,109,119,119,219,219,235,235,92,109,124,124,159,178,178,195,35,35,45,64,64,64],"floor_reached":51,"playtime":4936,"items_purged":["Strike_R","Strike_R"],"score":639,"play_id":"b4c802f1-0a50-425a-9dd3-50de3ff1a8e2","local_time":"20210105221020","is_ascension_mode":false,"campfire_choices":[{"data":"Spot Weakness","floor":6.0,"key":"SMITH"},{"data":"Offering","floor":10.0,"key":"SMITH"},{"floor":15.0,"key":"REST"},{"data":"Heavy Blade","floor":23.0,"key":"SMITH"},{"floor":32.0,"key":"REST"},{"floor":40,"key":"REST"},{"floor":49,"key":"REST"}],"circlet_count":0,"master_deck":["Strike_R","Strike_R","Strike_R","Defend_R","Defend_R","Defend_R","Defend_R","Bash+1","Power Through","Spot Weakness+1","Offering+1","Pummel","Armaments","Inflame","Flex","Double Tap","Offering","Heavy Blade+1","Sword Boomerang","Sever Soul","RitualDagger","Pommel Strike+1","Twin Strike","Shrug It Off","Armaments+1","Shrug It Off+1","Limit Break+1","Reaper","Spot Weakness","Armaments+1","Ghostly Armor+1","Demon Form","Sword Boomerang"],"relics":["Burning Blood","Blood Vial","Ornamental Fan","Question Card","Philosopher\u0027s Stone","Lantern","Anchor","SlaversCollar","HandDrill","Paper Frog","Red Skull"],"acts_visited":["Exordium","TheCity","TheBeyond"],"potions_floor_usage":[33,33,39,50,50,50],"damage_taken":[{"damage":6.0,"enemies":"Jaw Worm","floor":1.0,"turns":5.0},{"damage":3.0,"enemies":"Small Slimes","floor":2.0,"turns":3.0},{"damage":3.0,"enemies":"2 Louse","floor":5.0,"turns":4.0},{"damage":8.0,"enemies":"Large Slime","floor":7.0,"turns":6.0},{"damage":6.0,"enemies":"Gremlin Gang","floor":11.0,"turns":7.0},{"damage":36.0,"enemies":"Gremlin Nob","floor":12.0,"turns":4.0},{"damage":4.0,"enemies":"Blue Slaver","floor":13.0,"turns":4.0},{"damage":11.0,"enemies":"Lots of Slimes","floor":14.0,"turns":5.0},{"damage":46.0,"enemies":"The Guardian","floor":16.0,"turns":9.0},{"damage":32.0,"enemies":"3 Byrds","floor":18.0,"turns":4.0},{"damage":12.0,"enemies":"2 Thieves","floor":20.0,"turns":2.0},{"damage":12.0,"enemies":"Snecko","floor":25.0,"turns":2.0},{"damage":6.0,"enemies":"Centurion and Healer","floor":27.0,"turns":3.0},{"damage":13.0,"enemies":"Snake Plant","floor":28.0,"turns":3.0},{"damage":17.0,"enemies":"Sentry and Sphere","floor":29.0,"turns":3.0},{"damage":6.0,"enemies":"Chosen and Byrds","floor":30.0,"turns":3.0},{"damage":6.0,"enemies":"Snecko","floor":31.0,"turns":3.0},{"damage":58,"enemies":"Automaton","floor":33,"turns":7},{"damage":8,"enemies":"Orb Walker","floor":35,"turns":2},{"damage":8,"enemies":"3 Darklings","floor":38,"turns":2},{"damage":63,"enemies":"Maw","floor":39,"turns":7},{"damage":14,"enemies":"Reptomancer","floor":41,"turns":5},{"damage":32,"enemies":"Sphere and 2 Shapes","floor":42,"turns":4},{"damage":35,"enemies":"4 Shapes","floor":44,"turns":4},{"damage":57,"enemies":"Maw","floor":47,"turns":5},{"damage":6,"enemies":"Writhing Mass","floor":48,"turns":1},{"damage":59,"enemies":"Donu and Deca","floor":50,"turns":5}],"seed_played":"-8689057194073317656","potions_obtained":[{"floor":2.0,"key":"Block Potion"},{"floor":5.0,"key":"LiquidMemories"},{"floor":7.0,"key":"Weak Potion"},{"floor":39,"key":"PowerPotion"},{"floor":42,"key":"Explosive Potion"},{"floor":44,"key":"Explosive Potion"},{"floor":48,"key":"Swift Potion"}],"is_trial":false,"path_per_floor":["M","M","$","?","M","R","M","?","T","R","M","E","M","M","R","B",null,"M","$","M","?","?","R","?","M","T","M","M","M","M","M","R","B",null,"M","?","$","M","M","R","E","M","T","M","$","?","M","M","R","B",null],"character_chosen":"IRONCLAD","items_purchased":["Sword Boomerang","HandDrill","Demon Form"],"campfire_rested":4,"item_purchase_floors":[19,37,45],"current_hp_per_floor":[80,80,80,85,85,85,83,58,58,58,60,32,36,33,58,20,85,59,59,55,55,49,49,49,45,45,47,42,33,35,37,62,12,85,83,83,83,83,35,60,76,52,52,56,56,56,25,27,52,39],"gold":64,"neow_bonus":"UPGRADE_CARD","is_daily":false,"chose_seed":false,"campfire_upgraded":3,"win_rate":0.0,"timestamp":1609852220,"path_taken":["M","M","$","?","M","R","M","?","T","R","M","E","M","M","R","BOSS","M","$","M","?","?","R","?","M","T","M","M","M","M","M","R","BOSS","M","?","$","M","?","R","E","M","T","M","$","?","M","M","R","BOSS"],"items_purchased_type":["Card","Relic","Card"],"build_version":"2020-12-22","purchased_purges":2,"victory":true,"max_hp_per_floor":[80,80,80,85,85,85,85,85,85,85,85,85,85,85,85,85,85,85,85,85,85,85,85,85,85,85,85,85,85,85,85,85,85,85,85,85,85,85,85,85,85,85,85,85,85,85,85,85,85,85],"card_choices":[{"not_picked":["Heavy Blade","Anger"],"picked":"Power Through","floor":1.0},{"not_picked":["Body Slam","Pommel Strike"],"picked":"Spot Weakness","floor":2.0},{"not_picked":["Twin Strike","Body Slam"],"picked":"Offering","floor":5.0},{"not_picked":["Flex","Iron Wave"],"picked":"Pummel","floor":7.0},{"not_picked":["Perfected Strike","Reckless Charge"],"picked":"Armaments","floor":11.0},{"not_picked":["Perfected Strike","Sever Soul"],"picked":"Inflame","floor":12.0},{"not_picked":["Shrug It Off","Anger","Warcry"],"picked":"Flex","floor":13.0},{"not_picked":["Anger","Shrug It Off","Flame Barrier"],"picked":"Double Tap","floor":14.0},{"not_picked":["Double Tap","Berserk","Demon Form"],"picked":"Offering","floor":16.0},{"not_picked":["Flex+1","Clash","Warcry"],"picked":"Heavy Blade","floor":18.0},{"not_picked":["Perfected Strike","Thunderclap+1","True Grit"],"picked":"Sever Soul","floor":20.0},{"not_picked":["Bloodletting+1","Ghostly Armor","True Grit+1"],"picked":"Pommel Strike+1","floor":25.0},{"not_picked":["Fire Breathing","Flex","Clash"],"picked":"Twin Strike","floor":27.0},{"not_picked":["Thunderclap","Berserk","Warcry+1"],"picked":"Shrug It Off","floor":28.0},{"not_picked":["Pommel Strike","Clash","Intimidate"],"picked":"Armaments+1","floor":29.0},{"not_picked":["Clash","Armaments","Cleave"],"picked":"Shrug It Off+1","floor":30.0},{"not_picked":["Perfected Strike","Searing Blow+1","Body Slam"],"picked":"Limit Break","floor":31.0},{"not_picked":["Brutality","Impervious","Barricade"],"picked":"Reaper","floor":33},{"not_picked":["Burning Pact+1","Twin Strike","Second Wind+1"],"picked":"Spot Weakness","floor":35},{"not_picked":["Ghostly Armor","Rampage+1","Perfected Strike"],"picked":"Armaments+1","floor":38},{"not_picked":["Barricade","Rupture+1","Shrug It Off"],"picked":"Ghostly Armor+1","floor":39},{"not_picked":["Burning Pact","Dual Wield+1","Twin Strike","True Grit"],"picked":"SKIP","floor":41},{"not_picked":["Power Through+1","Infernal Blade+1","Perfected Strike+1","Iron Wave"],"picked":"SKIP","floor":42},{"not_picked":["Pommel Strike","Feel No Pain","Cleave","Perfected Strike"],"picked":"SKIP","floor":44},{"not_picked":["Clothesline+1","Dark Embrace+1","Metallicize"],"picked":"Sword Boomerang","floor":47},{"not_picked":["Cleave+1","Rupture","Armaments+1","Berserk"],"picked":"SKIP","floor":48}],"player_experience":14845,"relics_obtained":[{"floor":9.0,"key":"Ornamental Fan"},{"floor":12.0,"key":"Question Card"},{"floor":26.0,"key":"Anchor"},{"floor":41,"key":"Paper Frog"},{"floor":43,"key":"Red Skull"}],"event_choices":[{"damage_healed":0.0,"max_hp_gain":5.0,"max_hp_loss":0.0,"gold_gain":0.0,"event_name":"Big Fish","player_choice":"Donut","floor":4.0,"gold_loss":0.0,"damage_taken":0.0},{"damage_healed":0.0,"max_hp_gain":0.0,"max_hp_loss":0.0,"gold_gain":0.0,"event_name":"Scrap Ooze","player_choice":"Success","floor":8.0,"gold_loss":0.0,"damage_taken":25.0,"relics_obtained":["Blood Vial"]},{"damage_healed":0.0,"max_hp_gain":0.0,"max_hp_loss":0.0,"gold_gain":0.0,"event_name":"Cursed Tome","player_choice":"Ignored","floor":21.0,"gold_loss":0.0,"damage_taken":0.0},{"damage_healed":0.0,"max_hp_gain":0.0,"max_hp_loss":0.0,"gold_gain":0.0,"event_name":"Nest","player_choice":"Joined the Cult","floor":22.0,"gold_loss":0.0,"damage_taken":6.0,"cards_obtained":["RitualDagger"]},{"damage_healed":0.0,"max_hp_gain":0.0,"max_hp_loss":0.0,"gold_gain":0.0,"event_name":"Addict","player_choice":"Obtained Relic","floor":24.0,"gold_loss":85.0,"damage_taken":0.0,"relics_obtained":["Lantern"]},{"damage_healed":0,"gold_gain":0,"player_choice":"Forge","damage_taken":0,"max_hp_gain":0,"max_hp_loss":0,"event_name":"Accursed Blacksmith","floor":36,"gold_loss":0,"cards_upgraded":["Limit Break"]},{"damage_healed":0,"gold_gain":0,"player_choice":"Ignored","damage_taken":0,"max_hp_gain":0,"max_hp_loss":0,"event_name":"Golden Shrine","floor":46,"gold_loss":0}],"is_beta":false,"boss_relics":[{"not_picked":["Runic Dome","Empty Cage"],"picked":"Philosopher\u0027s Stone"},{"not_picked":["Astrolabe","SacredBark"],"picked":"SlaversCollar"}],"items_purged_floors":[3,19],"is_endless":false,"potions_floor_spawned":[2,5,7,20,27,39,42,44,48],"ascension_level":0}}