{"host":"d8hh7rr4yzitjeuj","time":1609850770,"event":{"mods":["2.2 Compatiblity","AchievementEnabler","Act Like it!","BaseMod","Colored Map","Colored Powertips","Highlight Path","Keyboard Shortcuts","Minty Spire (QoL Compilation)","Permanent Neow","Quick Restart","StSLib","SuperFastMode"],"gold_per_floor":[19,36,48,64,82,82,113,127,127,137,154,204,204,223,223,223,223],"floor_reached":16,"playtime":445,"items_purged":[],"score":216,"play_id":"815c558c-c0c3-4f53-bc0f-001fdc2fa32e","local_time":"20210105214610","is_ascension_mode":true,"campfire_choices":[{"data":"Doom and Gloom","floor":6,"key":"SMITH"},{"floor":13,"key":"REST"},{"floor":15,"key":"REST"}],"circlet_count":0,"master_deck":["AscendersBane","Strike_B","Strike_B","Strike_B","Strike_B","Defend_B","Defend_B","Defend_B","Defend_B","Zap","Dualcast","Sweeping Beam","Doom and Gloom+1","Compile Driver","Auto Shields","White Noise","Electrodynamics","Consume","Coolheaded","Conserve Battery","Force Field"],"relics":["Cracked Core","Blue Candle","Mercury Hourglass"],"acts_visited":["Exordium"],"potions_floor_usage":[14,16],"damage_taken":[{"damage":2.0,"enemies":"Jaw Worm","floor":1.0,"turns":3.0},{"damage":1.0,"enemies":"Cultist","floor":2.0,"turns":3.0},{"damage":0.0,"enemies":"2 Louse","floor":3.0,"turns":1.0},{"damage":10.0,"enemies":"Gremlin Gang","floor":4.0,"turns":2.0},{"damage":1,"enemies":"2 Fungi Beasts","floor":5,"turns":3},{"damage":39,"enemies":"Gremlin Nob","floor":7,"turns":4},{"damage":16,"enemies":"Exordium Wildlife","floor":8,"turns":5},{"damage":2,"enemies":"Looter","floor":10,"turns":3},{"damage":0,"enemies":"3 Louse","floor":11,"turns":1},{"damage":30,"enemies":"Exordium Thugs","floor":14,"turns":3},{"damage":28,"enemies":"Hexaghost","floor":16,"turns":11}],"seed_played":"3139255123620615257","potions_obtained":[{"floor":1.0,"key":"GamblersBrew"},{"floor":2.0,"key":"ColorlessPotion"},{"floor":4.0,"key":"Swift Potion"}],"is_trial":false,"path_per_floor":["M","M","M","M","M","R","E","M","T","M","M","?","R","M","R","B"],"character_chosen":"DEFECT","items_purchased":[],"campfire_rested":2,"item_purchase_floors":[],"current_hp_per_floor":[76,75,75,65,64,64,25,9,9,7,7,7,32,2,27,0,0],"gold":223,"neow_bonus":"TWENTY_PERCENT_HP_BONUS","is_daily":false,"chose_seed":false,"campfire_upgraded":1,"win_rate":0.0,"timestamp":1609850770,"path_taken":["M","M","M","M","M","R","E","M","T","M","M","?","R","?","R","BOSS"],"items_purchased_type":[],"build_version":"2020-12-22","purchased_purges":0,"victory":false,"max_hp_per_floor":[85,85,85,85,85,85,85,85,85,85,85,85,85,85,85,85,85],"card_choices":[{"not_picked":["Scrape","Compile Driver"],"picked":"Sweeping Beam","floor":1.0},{"not_picked":["Skim","Steam Power"],"picked":"Doom and Gloom","floor":2.0},{"not_picked":["Skim","Capacitor"],"picked":"Compile Driver","floor":3.0},{"not_picked":["Consume","Leap"],"picked":"Auto Shields","floor":4.0},{"not_picked":["Steam","Barrage"],"picked":"White Noise","floor":5},{"not_picked":["Cold Snap","Chill"],"picked":"Electrodynamics","floor":7},{"not_picked":["Aggregate","Beam Cell"],"picked":"Consume","floor":8},{"not_picked":["Steam Power","Barrage"],"picked":"Coolheaded","floor":10},{"not_picked":["Cold Snap","Tempest"],"picked":"Conserve Battery","floor":11},{"not_picked":["Turbo","Streamline"],"picked":"Force Field","floor":14}],"player_experience":1408012,"relics_obtained":[{"floor":7,"key":"Blue Candle"},{"floor":9,"key":"Mercury Hourglass"}],"event_choices":[{"damage_healed":0,"gold_gain":50,"player_choice":"Pray","damage_taken":0,"max_hp_gain":0,"max_hp_loss":0,"event_name":"Golden Shrine","floor":12,"gold_loss":0}],"is_beta":false,"boss_relics":[],"items_purged_floors":[],"is_endless":false,"potions_floor_spawned":[1,2,4,7],"killed_by":"Hexaghost","ascension_level":20}}