{"host":"jpcy2bclvs7juczu","time":1609878156,"event":{"mods":["AchievementEnabler","BaseMod","Block Reminder","Colored Map","Colored Powertips","Curses Come First","Minty Spire (QoL Compilation)","Quick Restart","Relic Stats","StSLib","ojb\u0027s Better Paths Mod","ojb\u0027s Info Mod","slay the spire mod where everything is the same but ironclad has a cowboy hat"],"gold_per_floor":[117,135,135,135,210,235,235,266,291,361,361,18,18,38,38,112,112,88,10,20,34,34,65,65,82,82,92,122,19,19,34,34,34,34],"floor_reached":33,"playtime":1770,"items_purged":[],"score":686,"play_id":"3bb8ea23-b05e-4322-aea1-67dbd1b7ca59","local_time":"20210105202236","is_ascension_mode":true,"campfire_choices":[{"data":"Glass Knife","floor":7.0,"key":"SMITH"},{"data":"Footwork","floor":15.0,"key":"SMITH"},{"data":"Malaise","floor":24,"key":"SMITH"},{"data":"Bouncing Flask","floor":32,"key":"SMITH"}],"circlet_count":0,"master_deck":["AscendersBane","Strike_G","Strike_G","Strike_G","Strike_G","Defend_G","Defend_G","Defend_G","Defend_G","Defend_G","Survivor","Neutralize","Blade Dance","Glass Knife+1","Backstab","Outmaneuver+1","Blur","Footwork+1","PiercingWail","Dodge and Roll","Malaise+1","Concentrate","PiercingWail","Blade Dance","Concentrate+1","Terror","Footwork","Backflip","Bouncing Flask+1"],"relics":["Ring of the Snake","NeowsBlessing","Anchor","Pear","Akabeko","Molten Egg 2","PreservedInsect","Runic Pyramid","Blood Vial","StoneCalendar","Strawberry"],"acts_visited":["Exordium","TheCity"],"potions_floor_usage":[21,23,28,33],"damage_taken":[{"damage":0.0,"enemies":"2 Louse","floor":1.0,"turns":1.0},{"damage":0.0,"enemies":"Small Slimes","floor":2.0,"turns":1.0},{"damage":0.0,"enemies":"3 Sentries","floor":6.0,"turns":1.0},{"damage":36.0,"enemies":"Lagavulin","floor":8.0,"turns":7.0},{"damage":0.0,"enemies":"Jaw Worm","floor":14.0,"turns":1.0},{"damage":10.0,"enemies":"The Guardian","floor":16.0,"turns":22.0},{"damage":0.0,"enemies":"2 Thieves","floor":18.0,"turns":4.0},{"damage":0.0,"enemies":"Spheric Guardian","floor":20.0,"turns":1.0},{"damage":18,"enemies":"3 Cultists","floor":21,"turns":7},{"damage":0,"enemies":"Gremlin Leader","floor":23,"turns":9},{"damage":0,"enemies":"Snake Plant","floor":25,"turns":7},{"damage":19,"enemies":"Shelled Parasite and Fungi","floor":27,"turns":7},{"damage":9,"enemies":"Book of Stabbing","floor":28,"turns":7},{"damage":22,"enemies":"Chosen and Byrds","floor":31,"turns":7},{"damage":91,"enemies":"Champ","floor":33,"turns":20}],"seed_played":"5296759645042415475","potions_obtained":[{"floor":6.0,"key":"Ancient Potion"},{"floor":8.0,"key":"GamblersBrew"},{"floor":14.0,"key":"GhostInAJar"},{"floor":20.0,"key":"LiquidMemories"},{"floor":21,"key":"DistilledChaos"},{"floor":27,"key":"Block Potion"},{"floor":28,"key":"GhostInAJar"}],"is_trial":false,"path_per_floor":["M","M","?","?","?","E","R","E","T","?","?","$","?","M","R","B",null,"M","$","M","M","?","E","R","M","T","M","E","$","?","M","R","B"],"character_chosen":"THE_SILENT","items_purchased":["PreservedInsect","Blur","Footwork","PiercingWail","Concentrate","Footwork","Backflip"],"campfire_rested":0,"item_purchase_floors":[12,12,12,12,19,29,29],"current_hp_per_floor":[59,59,59,59,48,48,48,22,22,22,11,11,11,11,11,1,57,57,57,57,39,39,39,39,41,41,24,24,24,83,61,61,0,0],"gold":34,"neow_bonus":"THREE_ENEMY_KILL","is_daily":false,"chose_seed":false,"campfire_upgraded":4,"win_rate":0.0,"timestamp":1609878156,"path_taken":["M","M","?","?","?","E","R","E","T","?","?","$","?","M","R","BOSS","M","$","M","M","?","E","R","?","T","M","E","$","?","?","R","BOSS"],"items_purchased_type":["Relic","Card","Card","Card","Card","Card","Card"],"build_version":"2020-12-22","purchased_purges":0,"victory":false,"max_hp_per_floor":[66,66,66,66,66,66,66,76,76,76,76,76,76,76,76,76,76,76,76,76,76,76,76,76,76,76,76,83,83,83,83,83,83,83],"relic_stats":{"Blood Vial":8,"counters":[15,102],"StoneCalendar":[173],"PreservedInsect":92,"obtain_stats":[{"Blood Vial":23,"Anchor":6,"Pear":8,"NeowsBlessing":0,"Strawberry":28,"Molten Egg 2":11,"StoneCalendar":26,"PreservedInsect":12,"Akabeko":9,"Ring of the Snake":0,"Runic Pyramid":17},{"Blood Vial":10,"Anchor":3,"Pear":4,"NeowsBlessing":0,"Strawberry":13,"Molten Egg 2":4,"StoneCalendar":11,"PreservedInsect":4,"Akabeko":4,"Ring of the Snake":0,"Runic Pyramid":6},{"Blood Vial":54,"Anchor":3,"Pear":10,"NeowsBlessing":0,"Strawberry":75,"Molten Egg 2":10,"StoneCalendar":61,"PreservedInsect":10,"Akabeko":10,"Ring of the Snake":0,"Runic Pyramid":33}],"Ring of the Snake":[30]},"card_choices":[{"not_picked":["Cloak And Dagger","Caltrops"],"picked":"Masterful Stab","floor":1.0},{"not_picked":["PiercingWail","Blur"],"picked":"Blade Dance","floor":2.0},{"not_picked":["Unload","Acrobatics"],"picked":"Backstab","floor":6.0},{"not_picked":["Backflip","Heel Hook"],"picked":"Outmaneuver","floor":8.0},{"not_picked":["Quick Slash+1","Caltrops"],"picked":"Dodge and Roll","floor":14.0},{"not_picked":["Burst","Doppelganger"],"picked":"Malaise","floor":16.0},{"not_picked":["Infinite Blades","Distraction","Acrobatics"],"picked":"SKIP","floor":18.0},{"not_picked":["Dagger Throw+1","Choke+1"],"picked":"PiercingWail","floor":20.0},{"not_picked":["Tactician","Calculated Gamble"],"picked":"Blade Dance","floor":21},{"not_picked":["Venomology","Choke+1"],"picked":"Concentrate+1","floor":23},{"not_picked":["Endless Agony+1","Dagger Throw+1","Accuracy"],"picked":"SKIP","floor":25},{"not_picked":["Deflect","Tactician"],"picked":"Terror","floor":27},{"not_picked":["Reflex","Dagger Throw+1","Terror"],"picked":"SKIP","floor":28},{"not_picked":["Sucker Punch+1","All Out Attack+1"],"picked":"Bouncing Flask","floor":31}],"player_experience":366315,"relics_obtained":[{"floor":6.0,"key":"Anchor"},{"floor":8.0,"key":"Pear"},{"floor":9.0,"key":"Akabeko"},{"floor":23,"key":"Blood Vial"},{"floor":26,"key":"StoneCalendar"},{"floor":28,"key":"Strawberry"}],"event_choices":[{"damage_healed":0.0,"max_hp_gain":0.0,"max_hp_loss":0.0,"gold_gain":0.0,"event_name":"Liars Game","player_choice":"Ignored","floor":3.0,"gold_loss":0.0,"damage_taken":0.0},{"damage_healed":0.0,"max_hp_gain":0.0,"max_hp_loss":0.0,"gold_gain":0.0,"cards_transformed":["Strike_G"],"event_name":"Living Wall","player_choice":"Change","floor":4.0,"gold_loss":0.0,"damage_taken":0.0,"cards_obtained":["Glass Knife"]},{"damage_healed":0.0,"max_hp_gain":0.0,"max_hp_loss":0.0,"gold_gain":75.0,"event_name":"World of Goop","player_choice":"Gather Gold","floor":5.0,"gold_loss":0.0,"damage_taken":11.0},{"damage_healed":0.0,"max_hp_gain":0.0,"max_hp_loss":0.0,"gold_gain":70.0,"event_name":"Golden Wing","player_choice":"Gained Gold","floor":10.0,"gold_loss":0.0,"damage_taken":0.0},{"damage_healed":0.0,"max_hp_gain":0.0,"max_hp_loss":0.0,"gold_gain":0.0,"event_name":"Scrap Ooze","player_choice":"Success","floor":11.0,"gold_loss":0.0,"damage_taken":11.0,"relics_obtained":["Molten Egg 2"]},{"damage_healed":0.0,"max_hp_gain":0.0,"max_hp_loss":0.0,"gold_gain":0.0,"event_name":"Shining Light","player_choice":"Ignored","floor":13.0,"gold_loss":0.0,"damage_taken":0.0},{"damage_healed":0,"gold_gain":0,"player_choice":"Forge","damage_taken":0,"max_hp_gain":0,"max_hp_loss":0,"event_name":"Accursed Blacksmith","floor":22,"gold_loss":0,"cards_upgraded":["Outmaneuver"]},{"cards_removed":["Masterful Stab"],"damage_healed":59,"gold_gain":0,"player_choice":"Offered Uncommon","damage_taken":0,"max_hp_gain":0,"max_hp_loss":0,"event_name":"Bonfire Elementals","floor":30,"gold_loss":0}],"is_beta":false,"boss_relics":[{"not_picked":["SacredBark","Fusion Hammer"],"picked":"Runic Pyramid"}],"items_purged_floors":[],"is_endless":false,"potions_floor_spawned":[6,8,14,20,21,27,28],"killed_by":"Champ","ascension_level":20}}