{"host":"ig7tc0uedzltt2sr","time":1609825405,"event":{"mods":["BaseMod","Better Twitch Integration","Block Reminder","Colored Map","Colored Powertips","Communication Mod","Current Relic Mod","GifTheSpireLib","HexUI Lib","Minty Spire (QoL Compilation)","Quick Restart","Random Character Button","Rare Cards Sparkle","Relic Sorter","Relic Stats","Slay the Relics Exporter","StSLib","SuperFastMode","Synergy Search","Twitch Decklist","Twitch Utils","everything is the same but u backflip on backflip","slay the spire mod where everything is the same but ironclad has a cowboy hat"],"gold_per_floor":[115,132,150,325,325,343,343,343,369,388,388,402,402,402],"floor_reached":13,"playtime":110,"items_purged":[],"score":77,"play_id":"ae22f095-c368-48e0-beb8-f43db6d2ac99","local_time":"20210104214325","is_ascension_mode":false,"campfire_choices":[{"data":"Defend_R","floor":8,"key":"SMITH"}],"circlet_count":0,"master_deck":["Strike_R","Strike_R","Strike_R","Strike_R","Strike_R","Defend_R+1","Defend_R","Defend_R","Bash","Fire Breathing","Metallicize","Bloodletting","Doubt","Rage","Body Slam","Heavy Blade","Dark Embrace"],"relics":["Burning Blood","Nunchaku"],"acts_visited":["Exordium"],"potions_floor_usage":[],"damage_taken":[{"damage":7,"enemies":"2 Louse","floor":1,"turns":7},{"damage":22,"enemies":"Jaw Worm","floor":2,"turns":9},{"damage":11,"enemies":"Small Slimes","floor":3,"turns":9},{"damage":16,"enemies":"3 Louse","floor":6,"turns":7},{"damage":13,"enemies":"Blue Slaver","floor":10,"turns":7},{"damage":44,"enemies":"Large Slime","floor":12,"turns":11},{"damage":18,"enemies":"Lagavulin","floor":13,"turns":2}],"seed_played":"8930724151741282588","potions_obtained":[{"floor":1,"key":"Strength Potion"},{"floor":3,"key":"Dexterity Potion"},{"floor":10,"key":"FearPotion"}],"is_trial":false,"path_per_floor":["M","M","M","?","?","M","$","R","T","M","?","M","E"],"character_chosen":"IRONCLAD","items_purchased":[],"campfire_rested":0,"item_purchase_floors":[],"current_hp_per_floor":[87,71,66,66,66,56,56,56,56,49,49,11,0,0],"gold":402,"neow_bonus":"TEN_PERCENT_HP_BONUS","is_daily":false,"chose_seed":false,"campfire_upgraded":1,"win_rate":0.0,"timestamp":1609825405,"path_taken":["M","M","M","?","?","M","$","R","T","M","?","M","E"],"items_purchased_type":[],"build_version":"2020-12-22","purchased_purges":0,"victory":false,"max_hp_per_floor":[88,88,88,88,88,88,88,88,88,88,88,88,88,88],"relic_stats":{"Nunchaku":[3],"counters":[7,52],"obtain_stats":[{"Nunchaku":9,"Burning Blood":0},{"Nunchaku":4,"Burning Blood":0},{"Nunchaku":32,"Burning Blood":0}],"Burning Blood":36},"card_choices":[{"not_picked":["Power Through","Second Wind"],"picked":"Fire Breathing","floor":1},{"not_picked":["Headbutt","Wild Strike"],"picked":"Metallicize","floor":2},{"not_picked":["Body Slam","Wild Strike"],"picked":"Bloodletting","floor":3},{"not_picked":["Warcry","Havoc"],"picked":"Rage","floor":6},{"not_picked":["Heavy Blade","Flex"],"picked":"Body Slam","floor":10},{"not_picked":["Infernal Blade","Twin Strike"],"picked":"Dark Embrace","floor":12}],"player_experience":1425958,"relics_obtained":[{"floor":9,"key":"Nunchaku"}],"event_choices":[{"damage_healed":0,"gold_gain":175,"player_choice":"AGREE","damage_taken":0,"max_hp_gain":0,"max_hp_loss":0,"event_name":"Liars Game","floor":4,"gold_loss":0,"cards_obtained":["Doubt"]},{"damage_healed":0,"gold_gain":0,"player_choice":"Fled","damage_taken":0,"max_hp_gain":0,"max_hp_loss":0,"event_name":"Scrap Ooze","floor":5,"gold_loss":0},{"damage_healed":0,"gold_gain":0,"cards_transformed":["Defend_R"],"player_choice":"Transformed","damage_taken":0,"max_hp_gain":0,"max_hp_loss":0,"event_name":"Transmorgrifier","floor":11,"gold_loss":0,"cards_obtained":["Heavy Blade"]}],"is_beta":false,"boss_relics":[],"items_purged_floors":[],"is_endless":false,"potions_floor_spawned":[1,3,10],"killed_by":"Lagavulin","ascension_level":0}}