{"host":"v0dnu0zs4qo0v13s","time":1609867348,"event":{"mods":["BaseMod","Colored Map","Colored Powertips","Minty Spire (QoL Compilation)","Relic Stats","StSLib","SuperFastMode","everything is the same but u backflip on backflip"],"gold_per_floor":[115,16,31,31,48,48,59,87,87,120,120,120,120,163,163,288,288,307,331,331,331,344,344,344],"floor_reached":23,"playtime":1109,"items_purged":[],"score":351,"play_id":"131284d5-7ab4-4984-844b-1873d2b96697","local_time":"20210105122228","is_ascension_mode":true,"campfire_choices":[{"data":"EmptyFist","floor":6.0,"key":"SMITH"},{"floor":11.0,"key":"REST"},{"data":"DevaForm","floor":15.0,"key":"SMITH"}],"circlet_count":0,"master_deck":["AscendersBane","Eruption","Vigilance","FlurryOfBlows","EmptyFist+1","CarveReality","DevaForm+1","FlurryOfBlows","Clumsy","ReachHeaven","SandsOfTime","MasterReality","FlurryOfBlows","CutThroughFate","Worship","LikeWater","Conclude","MasterReality","Collect","Crescendo+1","EmptyBody"],"relics":["Cursed Key","StoneCalendar","Mercury Hourglass","Bag of Marbles","Golden Idol","Question Card","Pandora\u0027s Box","Enchiridion"],"acts_visited":["Exordium","TheCity"],"potions_floor_usage":[23],"damage_taken":[{"damage":0.0,"enemies":"Small Slimes","floor":1.0,"turns":3.0},{"damage":0.0,"enemies":"2 Louse","floor":3.0,"turns":2.0},{"damage":0.0,"enemies":"Jaw Worm","floor":5.0,"turns":3.0},{"damage":0.0,"enemies":"2 Fungi Beasts","floor":7.0,"turns":2.0},{"damage":16.0,"enemies":"Gremlin Nob","floor":8.0,"turns":3.0},{"damage":5.0,"enemies":"Lagavulin","floor":10.0,"turns":5.0},{"damage":0.0,"enemies":"Gremlin Nob","floor":14.0,"turns":2.0},{"damage":19.0,"enemies":"The Guardian","floor":16.0,"turns":8.0},{"damage":11.0,"enemies":"2 Thieves","floor":18.0,"turns":2.0},{"damage":14.0,"enemies":"Shell Parasite","floor":19.0,"turns":3.0},{"damage":6.0,"enemies":"Snake Plant","floor":22.0,"turns":3.0},{"damage":27,"enemies":"Slavers","floor":23,"turns":2}],"seed_played":"-2830423377509890459","potions_obtained":[{"floor":5.0,"key":"Energy Potion"},{"floor":8.0,"key":"BlessingOfTheForge"},{"floor":10.0,"key":"SteroidPotion"},{"floor":16.0,"key":"Block Potion"},{"floor":18.0,"key":"Block Potion"},{"floor":22.0,"key":"Weak Potion"}],"is_trial":false,"path_per_floor":["M","$","M","?","M","R","M","E","T","E","R","?","?","E","R","B",null,"M","M","?","?","M","E"],"character_chosen":"WATCHER","items_purchased":["FairyPotion"],"campfire_rested":1,"item_purchase_floors":[2],"current_hp_per_floor":[65,65,65,53,53,53,53,37,37,32,53,53,53,53,53,34,59,48,34,34,18,12,6,6],"gold":344,"neow_bonus":"BOSS_RELIC","is_daily":false,"chose_seed":false,"campfire_upgraded":2,"win_rate":0.0,"timestamp":1609867348,"path_taken":["M","$","M","?","M","R","M","E","T","E","R","?","?","E","R","BOSS","M","M","?","?","M","E"],"items_purchased_type":["Potion"],"build_version":"2020-12-22","purchased_purges":0,"victory":false,"max_hp_per_floor":[72,72,72,72,72,72,72,72,72,72,72,67,67,67,67,67,67,67,67,67,67,67,67,67],"relic_stats":{"counters":[12,38],"Golden Idol":46,"StoneCalendar":[52],"Pandora\u0027s Box":["FlurryOfBlows","CutThroughFate","Worship","LikeWater","Conclude","MasterReality","Collect"],"Cursed Key":1,"Question Card":4,"obtain_stats":[{"Golden Idol":12,"Enchiridion":21,"StoneCalendar":4,"Pandora\u0027s Box":17,"Bag of Marbles":10,"PureWater":0,"Cursed Key":0,"Question Card":14,"Mercury Hourglass":9},{"Golden Idol":6,"Enchiridion":10,"StoneCalendar":2,"Pandora\u0027s Box":8,"Bag of Marbles":6,"PureWater":0,"Cursed Key":0,"Question Card":7,"Mercury Hourglass":5},{"Golden Idol":18,"Enchiridion":33,"StoneCalendar":5,"Pandora\u0027s Box":28,"Bag of Marbles":18,"PureWater":0,"Cursed Key":0,"Question Card":20,"Mercury Hourglass":13}],"Mercury Hourglass":[69]},"card_choices":[{"not_picked":["ThirdEye","Evaluate"],"picked":"FlurryOfBlows","floor":1.0},{"not_picked":["PathToVictory","JustLucky"],"picked":"EmptyFist","floor":3.0},{"not_picked":["Protect","ForeignInfluence"],"picked":"CarveReality","floor":5.0},{"not_picked":["Collect","EmptyBody"],"picked":"DevaForm","floor":7.0},{"not_picked":["Halt","CrushJoints"],"picked":"FlurryOfBlows","floor":8.0},{"not_picked":["FlurryOfBlows","Devotion"],"picked":"CutThroughFate","floor":10.0},{"not_picked":["FlyingSleeves","ReachHeaven"],"picked":"SandsOfTime","floor":14.0},{"not_picked":["Ragnarok","LessonLearned","DevaForm"],"picked":"MasterReality","floor":16.0},{"not_picked":["FearNoEvil","Meditate","Vengeance"],"picked":"Crescendo+1","floor":18.0},{"not_picked":["ReachHeaven+1","Consecrate","ForeignInfluence+1","Swivel"],"picked":"SKIP","floor":19.0},{"not_picked":["PathToVictory+1","Indignation","ThirdEye"],"picked":"EmptyBody","floor":22.0}],"player_experience":652252,"relics_obtained":[{"floor":9.0,"key":"Mercury Hourglass"},{"floor":10.0,"key":"Bag of Marbles"},{"floor":14.0,"key":"Question Card"},{"floor":21.0,"key":"Enchiridion"}],"event_choices":[{"damage_healed":0.0,"max_hp_gain":0.0,"max_hp_loss":0.0,"gold_gain":0.0,"event_name":"Scrap Ooze","player_choice":"Success","floor":4.0,"gold_loss":0.0,"damage_taken":12.0,"relics_obtained":["StoneCalendar"]},{"damage_healed":0.0,"max_hp_gain":0.0,"max_hp_loss":5.0,"gold_gain":0.0,"event_name":"Golden Idol","player_choice":"Lose Max HP","floor":12.0,"gold_loss":0.0,"damage_taken":0.0,"relics_obtained":["Golden Idol"]},{"damage_healed":0.0,"max_hp_gain":0.0,"max_hp_loss":0.0,"gold_gain":0.0,"cards_transformed":["Strike_P"],"event_name":"Living Wall","player_choice":"Change","floor":13.0,"gold_loss":0.0,"damage_taken":0.0,"cards_obtained":["ReachHeaven"]},{"cards_removed":["CutThroughFate"],"damage_healed":0.0,"max_hp_gain":0.0,"max_hp_loss":0.0,"gold_gain":0.0,"event_name":"Back to Basics","player_choice":"Elegance","floor":20.0,"gold_loss":0.0,"damage_taken":0.0},{"damage_healed":0.0,"max_hp_gain":0.0,"max_hp_loss":0.0,"gold_gain":0.0,"event_name":"Cursed Tome","player_choice":"Obtained Book","floor":21.0,"gold_loss":0.0,"damage_taken":16.0}],"is_beta":false,"boss_relics":[{"not_picked":["Runic Pyramid","Tiny House"],"picked":"Pandora\u0027s Box"}],"items_purged_floors":[],"is_endless":false,"potions_floor_spawned":[5,8,10,16,18,22],"killed_by":"Slavers","ascension_level":10}}