{"host":"Troy","time":1609877239,"event":{"mods":["BaseMod","Colored Map","Highlight Path","Minty Spire (QoL Compilation)","Permanent Neow"],"gold_per_floor":[213,213,8,22,42,42,72,72,121,196,36,47,47,74,74,146,146,162,177,189,199,474,474,28,48,48,65,65,98,98,114,114,189,189,201,215,234,244,292,327,327,327,354,386,386,421,438,438,438,438,438],"floor_reached":50,"playtime":2894,"items_purged":["Regret"],"score":1299,"play_id":"87368b79-c5b9-47b8-92b1-205658a06773","local_time":"20210105150719","is_ascension_mode":true,"campfire_choices":[{"data":"Adrenaline","floor":6.0,"key":"SMITH"},{"data":"Phantasmal Killer","floor":8.0,"key":"SMITH"},{"data":"Blade Dance","floor":15.0,"key":"SMITH"},{"data":"Storm of Steel","floor":23.0,"key":"SMITH"},{"floor":32.0,"key":"REST"},{"floor":42.0,"key":"REST"},{"data":"After Image","floor":45.0,"key":"SMITH"},{"floor":49.0,"key":"RECALL"}],"circlet_count":0,"master_deck":["AscendersBane","Strike_G","Strike_G","Strike_G","Strike_G","Defend_G","Defend_G","Defend_G","Defend_G","Defend_G","Survivor","Neutralize","Masterful Stab","Adrenaline+1","Corpse Explosion","Phantasmal Killer+1","Terror","Outmaneuver","Bouncing Flask","Phantasmal Killer+1","Backstab","Blade Dance+1","After Image+1","Accuracy","Storm of Steel+1","Master of Strategy","Blur","PanicButton","Endless Agony","Crippling Poison+1","Tools of the Trade","Backflip","Reflex+1","Prepared+1"],"relics":["Ring of the Snake","Ancient Tea Set","Orrery","Boot","Pen Nib","DollysMirror","Paper Crane","Thread and Needle","WristBlade","Ice Cream","Akabeko","Busted Crown","Incense Burner","Mercury Hourglass","Centennial Puzzle","Orichalcum","Toxic Egg 2"],"acts_visited":["Exordium","TheCity","TheBeyond"],"potions_floor_usage":[50],"damage_taken":[{"damage":1.0,"enemies":"Small Slimes","floor":1.0,"turns":4.0},{"damage":0.0,"enemies":"Jaw Worm","floor":4.0,"turns":3.0},{"damage":1.0,"enemies":"2 Louse","floor":5.0,"turns":2.0},{"damage":10.0,"enemies":"3 Sentries","floor":7.0,"turns":2.0},{"damage":0.0,"enemies":"Lots of Slimes","floor":12.0,"turns":1.0},{"damage":8.0,"enemies":"Gremlin Nob","floor":14.0,"turns":3.0},{"damage":0.0,"enemies":"Slime Boss","floor":16.0,"turns":4.0},{"damage":0.0,"enemies":"Chosen","floor":18.0,"turns":2.0},{"damage":0.0,"enemies":"3 Byrds","floor":19.0,"turns":2.0},{"damage":11.0,"enemies":"Shelled Parasite and Fungi","floor":20.0,"turns":3.0},{"damage":0.0,"enemies":"Snake Plant","floor":21.0,"turns":2.0},{"damage":14.0,"enemies":"Snecko","floor":25.0,"turns":3.0},{"damage":15.0,"enemies":"Centurion and Healer","floor":27.0,"turns":4.0},{"damage":8.0,"enemies":"Gremlin Leader","floor":29.0,"turns":4.0},{"damage":0.0,"enemies":"Sentry and Sphere","floor":31.0,"turns":3.0},{"damage":1.0,"enemies":"Collector","floor":33.0,"turns":3.0},{"damage":2.0,"enemies":"Orb Walker","floor":35.0,"turns":2.0},{"damage":0.0,"enemies":"3 Shapes","floor":36.0,"turns":4.0},{"damage":5.0,"enemies":"Jaw Worm Horde","floor":37.0,"turns":3.0},{"damage":10.0,"enemies":"Maw","floor":38.0,"turns":7.0},{"damage":16.0,"enemies":"2 Orb Walkers","floor":39.0,"turns":3.0},{"damage":15.0,"enemies":"Nemesis","floor":40.0,"turns":7.0},{"damage":6.0,"enemies":"Giant Head","floor":44.0,"turns":5.0},{"damage":5.0,"enemies":"Nemesis","floor":46.0,"turns":5.0},{"damage":0.0,"enemies":"4 Shapes","floor":47.0,"turns":3.0},{"damage":24,"enemies":"Time Eater","floor":50,"turns":5}],"seed_played":"-6815688976508413080","potions_obtained":[{"floor":5.0,"key":"SteroidPotion"},{"floor":7.0,"key":"Explosive Potion"},{"floor":12.0,"key":"BlessingOfTheForge"},{"floor":14.0,"key":"Fire Potion"},{"floor":18.0,"key":"Swift Potion"},{"floor":20.0,"key":"Dexterity Potion"},{"floor":21.0,"key":"Fruit Juice"},{"floor":31.0,"key":"CunningPotion"},{"floor":33.0,"key":"DistilledChaos"},{"floor":38.0,"key":"SkillPotion"},{"floor":39.0,"key":"Energy Potion"},{"floor":46.0,"key":"Ancient Potion"}],"is_trial":false,"path_per_floor":["M","?","$","M","M","R","E","R","T","?","$","M","T","E","R","B",null,"M","M","M","M","?","R","$","M","T","M","?","E","T","M","R","B",null,"M","M","M","M","?","E","?","R","T","E","R","E","M","?","R","B"],"character_chosen":"THE_SILENT","items_purchased":["Orrery","Bouncing Flask","DollysMirror","Master of Strategy","Blur","PanicButton"],"campfire_rested":2,"item_purchase_floors":[3,3,11,24,24,24],"current_hp_per_floor":[58,53,53,53,52,52,42,42,42,31,31,31,31,23,23,23,55,55,55,44,44,44,44,44,30,30,15,15,12,12,12,33,32,61,59,59,54,44,28,13,13,34,34,28,28,23,23,23,23,0,0],"gold":438,"neow_bonus":"HUNDRED_GOLD","is_daily":false,"chose_seed":false,"campfire_upgraded":5,"win_rate":0.0,"timestamp":1609877239,"path_taken":["M","?","$","M","M","R","E","R","T","?","$","M","?","E","R","BOSS","M","M","M","M","?","R","$","?","T","M","?","E","?","?","R","BOSS","M","M","M","M","?","E","?","R","T","E","R","E","M","?","R","BOSS"],"items_purchased_type":["Relic","Card","Relic","Card","Card","Card"],"build_version":"2020-12-18","purchased_purges":1,"victory":false,"max_hp_per_floor":[66,66,66,66,66,66,66,66,66,66,66,66,66,66,66,66,66,66,66,66,66,66,66,66,66,66,66,66,71,71,71,71,71,71,71,71,71,71,71,71,71,71,71,71,71,71,71,71,71,71,71],"card_choices":[{"not_picked":["Cloak And Dagger","Deflect"],"picked":"Masterful Stab","floor":1.0},{"not_picked":["Quick Slash","Expertise"],"picked":"Adrenaline","floor":3.0},{"not_picked":["Deflect","PiercingWail"],"picked":"Corpse Explosion","floor":3.0},{"not_picked":["Predator","Deflect"],"picked":"Phantasmal Killer","floor":3.0},{"not_picked":["Bane","Prepared"],"picked":"Terror","floor":3.0},{"not_picked":["Slice","Backflip"],"picked":"Outmaneuver","floor":3.0},{"not_picked":["Accuracy","Poisoned Stab","Dagger Spray"],"picked":"SKIP","floor":4.0},{"not_picked":["Choke","Dagger Throw","Sucker Punch"],"picked":"SKIP","floor":5.0},{"not_picked":["Eviscerate","Flying Knee","PiercingWail"],"picked":"SKIP","floor":7.0},{"not_picked":["Dodge and Roll","Deadly Poison"],"picked":"Backstab","floor":12.0},{"not_picked":["Infinite Blades","Underhanded Strike"],"picked":"Blade Dance","floor":14.0},{"not_picked":["Grand Finale","Glass Knife"],"picked":"After Image","floor":16.0},{"not_picked":["Deflect","Dagger Spray+1","Poisoned Stab"],"picked":"SKIP","floor":18.0},{"not_picked":["Quick Slash+1","Heel Hook"],"picked":"Accuracy","floor":19.0},{"not_picked":["Dagger Throw","Underhanded Strike+1","Dash"],"picked":"SKIP","floor":20.0},{"not_picked":["Well Laid Plans","Prepared"],"picked":"Storm of Steel","floor":21.0},{"not_picked":["Deflect+1","Blur","Outmaneuver"],"picked":"SKIP","floor":25.0},{"not_picked":["Poisoned Stab","Flechettes"],"picked":"Endless Agony","floor":27.0},{"not_picked":["Dagger Spray+1","Bane","Slice"],"picked":"SKIP","floor":29.0},{"not_picked":["Dash","Deflect+1"],"picked":"Crippling Poison+1","floor":31.0},{"not_picked":["Burst","Wraith Form v2"],"picked":"Tools of the Trade","floor":33.0},{"not_picked":["Quick Slash"],"picked":"SKIP","floor":35.0},{"not_picked":[],"picked":"Backflip","floor":36.0},{"not_picked":["Deflect"],"picked":"SKIP","floor":37.0},{"not_picked":["Slice+1"],"picked":"SKIP","floor":38.0},{"not_picked":["Bane"],"picked":"SKIP","floor":40.0},{"not_picked":["Dodge and Roll+1"],"picked":"SKIP","floor":44.0},{"not_picked":[],"picked":"Reflex+1","floor":46.0},{"not_picked":[],"picked":"Prepared+1","floor":47.0}],"player_experience":4067172,"relics_obtained":[{"floor":7.0,"key":"Boot"},{"floor":9.0,"key":"Pen Nib"},{"floor":13.0,"key":"Paper Crane"},{"floor":14.0,"key":"Thread and Needle"},{"floor":29.0,"key":"Ice Cream"},{"floor":30.0,"key":"Akabeko"},{"floor":39.0,"key":"Incense Burner"},{"floor":40.0,"key":"Mercury Hourglass"},{"floor":43.0,"key":"Centennial Puzzle"},{"floor":44.0,"key":"Orichalcum"},{"floor":46.0,"key":"Toxic Egg 2"}],"event_choices":[{"damage_healed":0.0,"max_hp_gain":0.0,"max_hp_loss":0.0,"gold_gain":0.0,"event_name":"Scrap Ooze","player_choice":"Success","floor":2.0,"gold_loss":0.0,"damage_taken":5.0,"relics_obtained":["Ancient Tea Set"]},{"damage_healed":0.0,"max_hp_gain":0.0,"max_hp_loss":0.0,"gold_gain":75.0,"event_name":"World of Goop","player_choice":"Gather Gold","floor":10.0,"gold_loss":0.0,"damage_taken":11.0},{"damage_healed":0.0,"max_hp_gain":0.0,"max_hp_loss":0.0,"gold_gain":275.0,"event_name":"Golden Shrine","player_choice":"Desecrate","floor":22.0,"gold_loss":0.0,"damage_taken":0.0,"cards_obtained":["Regret"]},{"damage_healed":0.0,"max_hp_gain":0.0,"max_hp_loss":0.0,"gold_gain":0.0,"event_name":"Mysterious Sphere","player_choice":"Fight","floor":39.0,"gold_loss":0.0,"damage_taken":0.0},{"damage_healed":0.0,"max_hp_gain":0.0,"max_hp_loss":0.0,"gold_gain":0.0,"event_name":"Tomb of Lord Red Mask","player_choice":"Ignored","floor":41.0,"gold_loss":0.0,"damage_taken":0.0},{"cards_removed":["Strike_G"],"damage_healed":0.0,"max_hp_gain":0.0,"max_hp_loss":0.0,"gold_gain":0.0,"event_name":"Wheel of Change","player_choice":"Card Removal","floor":48.0,"gold_loss":0.0,"damage_taken":0.0}],"is_beta":true,"boss_relics":[{"not_picked":["Empty Cage","Coffee Dripper"],"picked":"WristBlade"},{"not_picked":["Tiny House","Calling Bell"],"picked":"Busted Crown"}],"items_purged_floors":[24],"is_endless":false,"potions_floor_spawned":[5,7,12,14,18,20,21,31,33,38,39,46],"killed_by":"Time Eater","ascension_level":20}}