{"host":"d8d3jqle49sogkjv","time":1609883355,"event":{"mods":["BaseMod","Colored Map","Colored Powertips","Minty Spire (QoL Compilation)","StSLib"],"gold_per_floor":[10,10,185,39,39,39,68,68,116,135,170,17,34,65,65,65,65],"floor_reached":16,"playtime":469,"items_purged":["Doubt"],"score":193,"play_id":"f64280fe-be09-4c22-a8cc-10352300cbe8","local_time":"20210105224915","is_ascension_mode":true,"campfire_choices":[{"floor":6,"key":"DIG"},{"floor":8,"key":"REST"},{"floor":15,"key":"REST"}],"circlet_count":0,"master_deck":["Strike_B","Strike_B","Strike_B","Defend_B","Defend_B","Defend_B","Defend_B","Zap","Dualcast","Beam Cell","Go for the Eyes","Capacitor","Chill","Go for the Eyes","Gash","Beam Cell"],"relics":["Cracked Core","Shovel","Letter Opener","Happy Flower","Boot","Art of War","Vajra","Membership Card","Pear"],"acts_visited":["Exordium"],"potions_floor_usage":[11,14,14,14],"damage_taken":[{"damage":2,"enemies":"Jaw Worm","floor":1,"turns":3},{"damage":20,"enemies":"Lagavulin","floor":7,"turns":6},{"damage":0,"enemies":"2 Louse","floor":10,"turns":2},{"damage":8,"enemies":"3 Sentries","floor":11,"turns":7},{"damage":0,"enemies":"Cultist","floor":13,"turns":3},{"damage":14,"enemies":"Gremlin Nob","floor":14,"turns":3},{"damage":57,"enemies":"Hexaghost","floor":16,"turns":10}],"seed_played":"-8272063536941394945","potions_obtained":[{"floor":1,"key":"Strength Potion"},{"floor":11,"key":"DistilledChaos"},{"floor":13,"key":"Explosive Potion"},{"floor":14,"key":"Fruit Juice"}],"is_trial":false,"path_per_floor":["M","?","?","$","?","R","E","R","T","M","E","$","M","E","R","B"],"character_chosen":"DEFECT","items_purchased":["Capacitor","Membership Card"],"campfire_rested":2,"item_purchase_floors":[4,12],"current_hp_per_floor":[66,66,66,66,33,33,13,35,35,35,27,27,27,28,55,0,0],"gold":65,"neow_bonus":"ONE_RARE_RELIC","is_daily":false,"chose_seed":false,"campfire_upgraded":0,"win_rate":0.0,"timestamp":1609883355,"path_taken":["M","?","?","$","?","R","E","R","T","M","E","?","?","E","R","BOSS"],"items_purchased_type":["Card","Relic"],"build_version":"2020-12-22","purchased_purges":1,"victory":false,"max_hp_per_floor":[75,75,75,75,75,75,75,75,75,75,75,75,75,90,90,90,90],"card_choices":[{"not_picked":["Melter","Coolheaded"],"picked":"Beam Cell","floor":1},{"not_picked":["Core Surge","Stack"],"picked":"Chill","floor":7},{"not_picked":["Barrage","Hologram"],"picked":"Go for the Eyes","floor":10},{"not_picked":["Reinforced Body","Hologram"],"picked":"Gash","floor":11},{"not_picked":["Reprogram","Streamline","Rip and Tear"],"picked":"SKIP","floor":13},{"not_picked":["Stack","Blizzard"],"picked":"Beam Cell","floor":14}],"player_experience":372681,"relics_obtained":[{"floor":6,"key":"Happy Flower"},{"floor":7,"key":"Boot"},{"floor":9,"key":"Art of War"},{"floor":11,"key":"Vajra"},{"floor":14,"key":"Pear"}],"event_choices":[{"damage_healed":0,"gold_gain":0,"cards_transformed":["Strike_B"],"player_choice":"Change","damage_taken":0,"max_hp_gain":0,"max_hp_loss":0,"event_name":"Living Wall","floor":2,"gold_loss":0,"cards_obtained":["Go for the Eyes"]},{"damage_healed":0,"gold_gain":175,"player_choice":"AGREE","damage_taken":0,"max_hp_gain":0,"max_hp_loss":0,"event_name":"Liars Game","floor":3,"gold_loss":0,"cards_obtained":["Doubt"]},{"damage_healed":0,"gold_gain":0,"player_choice":"Success","damage_taken":33,"relics_obtained":["Letter Opener"],"max_hp_gain":0,"max_hp_loss":0,"event_name":"Scrap Ooze","floor":5,"gold_loss":0}],"is_beta":false,"boss_relics":[],"items_purged_floors":[4],"is_endless":false,"potions_floor_spawned":[1,11,13,14],"killed_by":"Hexaghost","ascension_level":9}}