{"host":"36ls4ricihodphgx","time":1609875886,"event":{"mods":["AchievementEnabler","BaseMod","Colored Map","Downfall","Hermit","HololiveMod","Jorbs\u0027s Wanderer Trilogy","Koishi","Marisa????????","Minty Spire (QoL Compilation)","Replay The Spire","Shop Mod","StSLib","SuperFastMode","The Animator","The Bug Knight","The Cursed","The Hierophant","The Servant 0.9.4"],"gold_per_floor":[117,117,130,50,50,77,77,92,173,203,168,184,184,195,195,298,298,318,71,71,84,0,0,11,11,11,11,25,25,25,25,25,25,25],"floor_reached":33,"playtime":884,"items_purged":[],"score":306,"play_id":"180dcb59-7525-4921-b0d1-c07464082543","local_time":"20210105124446","is_ascension_mode":true,"campfire_choices":[{"data":"Dual Wield","floor":7,"key":"SMITH"},{"data":"Wild Strike","floor":13,"key":"SMITH"},{"data":"Bash","floor":15,"key":"SMITH"},{"data":"Fire Breathing","floor":23,"key":"SMITH"},{"data":"Offering","floor":25,"key":"SMITH"},{"data":"ReplayTheSpireMod:Strike From Hell","floor":27,"key":"SMITH"},{"data":"Fiend Fire","floor":29,"key":"SMITH"},{"floor":32,"key":"REST"}],"circlet_count":0,"master_deck":["Strike_R+1","Strike_R+1","Strike_R+1","Strike_R+1","Defend_R+1","Defend_R+1","Defend_R+1","Defend_R+1","Bash+1","Twin Strike","ReplayTheSpireMod:Strike From Hell+1","Fire Breathing+1","Dual Wield+1","Offering+1","Warcry+1","Wild Strike+1","Fiend Fire+1","True Grit+1","Sentinel+1","Abandon+1"],"relics":["Burning Blood","NeowsBlessing","Happy Flower","Gambling Chip","Toxic Egg 2","Replay:Rubber Ducky","Philosopher\u0027s Stone","Iron Hammer","Bottled Flame"],"acts_visited":["Exordium","TheCity"],"potions_floor_usage":[12],"damage_taken":[{"damage":0,"enemies":"2 Louse","floor":1,"turns":1},{"damage":0,"enemies":"Small Slimes","floor":3,"turns":1},{"damage":0,"enemies":"3 Sentries","floor":6,"turns":1},{"damage":0,"enemies":"Jaw Worm","floor":8,"turns":3},{"damage":35,"enemies":"Replay:BlueRogue","floor":10,"turns":6},{"damage":21,"enemies":"Exordium Wildlife","floor":12,"turns":3},{"damage":13,"enemies":"Blue Slaver","floor":14,"turns":3},{"damage":33,"enemies":"Fading Forest","floor":16,"turns":11},{"damage":6,"enemies":"Chosen","floor":18,"turns":3},{"damage":10,"enemies":"Spheric Guardian","floor":21,"turns":3},{"damage":31,"enemies":"3 Cultists","floor":24,"turns":5},{"damage":12,"enemies":"Sentry and Sphere","floor":28,"turns":4},{"damage":71,"enemies":"Pondfish","floor":33,"turns":8}],"seed_played":"-4896752176033326798","potions_obtained":[{"floor":3,"key":"Languid Potion"},{"floor":8,"key":"Adrenaline Potion"},{"floor":14,"key":"DuplicationPotion"},{"floor":24,"key":"Dexterity Potion"}],"is_trial":false,"path_per_floor":["M","?","M","$","?","E","R","M","T","E","?","M","R","M","R","B",null,"M","$","?","M","?","R","M","R","T","R","M","R","?","?","R","B"],"character_chosen":"IRONCLAD","items_purchased":["Fire Breathing","Iron Hammer"],"campfire_rested":1,"item_purchase_floors":[4,19],"current_hp_per_floor":[80,73,79,79,76,80,80,80,80,51,71,56,56,49,49,32,80,80,80,80,76,76,76,51,51,51,51,45,45,45,45,69,0,0],"gold":25,"neow_bonus":"THREE_ENEMY_KILL","is_daily":false,"chose_seed":false,"campfire_upgraded":7,"win_rate":0.0,"timestamp":1609875886,"path_taken":["M","?","M","$","?","E","R","M","T","E","?","M","R","M","R","BOSS","M","$","?","M","?","R","M","R","T","R","M","R","?","?","R","BOSS"],"items_purchased_type":["Card","Relic"],"build_version":"2020-12-22","purchased_purges":0,"victory":false,"max_hp_per_floor":[80,80,80,80,80,80,80,80,80,80,80,80,80,80,80,80,80,80,80,80,80,80,80,80,80,80,80,80,80,80,80,80,80,80],"card_choices":[{"not_picked":["Sword Boomerang","Anger"],"picked":"Twin Strike","floor":1},{"not_picked":["Burning Pact","Iron Wave"],"picked":"ReplayTheSpireMod:Strike From Hell","floor":3},{"not_picked":["Pommel Strike","Perfected Strike"],"picked":"Dual Wield","floor":6},{"not_picked":["Flex","Replay:Undeath\u0027s Touch"],"picked":"Offering","floor":8},{"not_picked":["Blood for Blood","Inflame"],"picked":"Warcry+1","floor":10},{"not_picked":["Sentinel+1","Run Through"],"picked":"Wild Strike","floor":12},{"not_picked":["Metallicize","Shrug It Off+1","Iron Wave"],"picked":"SKIP","floor":14},{"not_picked":["Berserk","Reaper"],"picked":"Fiend Fire","floor":16},{"not_picked":["Pommel Strike","Cleave"],"picked":"True Grit+1","floor":18},{"not_picked":["Twin Strike","Armaments+1","Body Slam+1"],"picked":"SKIP","floor":21},{"not_picked":["ReplayTheSpireMod:Limb From Limb+1","Twin Strike"],"picked":"Sentinel+1","floor":24},{"not_picked":["Perfected Strike+1","True Grit+1"],"picked":"Abandon+1","floor":28}],"player_experience":52872,"relics_obtained":[{"floor":6,"key":"Gambling Chip"},{"floor":9,"key":"Toxic Egg 2"},{"floor":10,"key":"Replay:Rubber Ducky"},{"floor":26,"key":"Bottled Flame"}],"event_choices":[{"cards_removed":["Strike_R"],"damage_healed":0,"gold_gain":0,"player_choice":"Card Removal","damage_taken":7,"max_hp_gain":0,"max_hp_loss":0,"event_name":"Golden Wing","floor":2,"gold_loss":0},{"damage_healed":0,"gold_gain":0,"player_choice":"Success","damage_taken":3,"relics_obtained":["Happy Flower"],"max_hp_gain":0,"max_hp_loss":0,"event_name":"Scrap Ooze","floor":5,"gold_loss":0},{"damage_healed":20,"gold_gain":0,"player_choice":"Healed","damage_taken":0,"max_hp_gain":0,"max_hp_loss":0,"event_name":"The Cleric","floor":11,"gold_loss":35},{"damage_healed":0,"gold_gain":0,"player_choice":"Ignored","damage_taken":0,"max_hp_gain":0,"max_hp_loss":0,"event_name":"Ghosts","floor":20,"gold_loss":0},{"damage_healed":0,"gold_gain":0,"player_choice":"Paid Fearfully","damage_taken":0,"max_hp_gain":0,"max_hp_loss":0,"event_name":"Masked Bandits","floor":22,"gold_loss":84},{"damage_healed":0,"gold_gain":0,"player_choice":"Simplicity","damage_taken":0,"max_hp_gain":0,"max_hp_loss":0,"event_name":"Back to Basics","floor":30,"gold_loss":0,"cards_upgraded":["Strike_R","Strike_R","Strike_R","Strike_R","Defend_R","Defend_R","Defend_R","Defend_R"]},{"damage_healed":0,"gold_gain":0,"player_choice":"Ignored","damage_taken":0,"max_hp_gain":0,"max_hp_loss":0,"event_name":"Vampires","floor":31,"gold_loss":0}],"is_beta":false,"boss_relics":[{"not_picked":["Hololive_TopUpMoneyS","Abe\u0027s Treasure"],"picked":"Philosopher\u0027s Stone"}],"items_purged_floors":[],"is_endless":false,"potions_floor_spawned":[3,8,14,24],"killed_by":"Pondfish","ascension_level":2}}