{"host":"ig7tc0uedzltt2sr","time":1609821611,"event":{"mods":["BaseMod","Better Twitch Integration","Block Reminder","Colored Map","Colored Powertips","Communication Mod","Current Relic Mod","GifTheSpireLib","HexUI Lib","Minty Spire (QoL Compilation)","Quick Restart","Random Character Button","Rare Cards Sparkle","Relic Sorter","Relic Stats","Slay the Relics Exporter","StSLib","SuperFastMode","Synergy Search","Twitch Decklist","Twitch Utils","everything is the same but u backflip on backflip","slay the spire mod where everything is the same but ironclad has a cowboy hat"],"gold_per_floor":[110,127,142,142,112,112,112],"floor_reached":6,"playtime":79,"items_purged":[],"score":36,"play_id":"5894b5e0-4854-4f3a-8594-9021c72392e4","local_time":"20210104204011","is_ascension_mode":false,"campfire_choices":[],"circlet_count":0,"master_deck":["Strike_R","Strike_R","Strike_R","Strike_R","Strike_R","Defend_R","Defend_R","Defend_R","Defend_R","Bash","Sword Boomerang","Anger","Shrug It Off","Flex"],"relics":["Burning Blood"],"acts_visited":["Exordium"],"potions_floor_usage":[],"damage_taken":[{"damage":13,"enemies":"Small Slimes","floor":1,"turns":8},{"damage":21,"enemies":"Jaw Worm","floor":2,"turns":8},{"damage":17,"enemies":"2 Louse","floor":3,"turns":4},{"damage":2,"enemies":"Looter","floor":5,"turns":4},{"damage":62,"enemies":"Lagavulin","floor":6,"turns":11}],"seed_played":"228666697588250973","potions_obtained":[],"is_trial":false,"path_per_floor":["M","M","M","$","M","E"],"character_chosen":"IRONCLAD","items_purchased":[],"campfire_rested":0,"item_purchase_floors":[],"current_hp_per_floor":[81,66,55,55,59,0,0],"gold":112,"neow_bonus":"TEN_PERCENT_HP_BONUS","is_daily":false,"chose_seed":false,"campfire_upgraded":0,"win_rate":0.0,"timestamp":1609821611,"path_taken":["M","M","M","$","M","E"],"items_purchased_type":[],"build_version":"2020-12-22","purchased_purges":0,"victory":false,"max_hp_per_floor":[88,88,88,88,88,88,88],"relic_stats":{"counters":[5,35],"obtain_stats":[{"Burning Blood":0},{"Burning Blood":0},{"Burning Blood":0}],"Burning Blood":24},"card_choices":[{"not_picked":["Wild Strike","Clothesline"],"picked":"Sword Boomerang","floor":1},{"not_picked":["Whirlwind","Combust"],"picked":"Anger","floor":2},{"not_picked":["Twin Strike","Thunderclap"],"picked":"Shrug It Off","floor":3},{"not_picked":["Heavy Blade","Thunderclap"],"picked":"Flex","floor":5}],"player_experience":1422709,"relics_obtained":[],"event_choices":[],"is_beta":false,"boss_relics":[],"items_purged_floors":[],"is_endless":false,"potions_floor_spawned":[],"killed_by":"Lagavulin","ascension_level":0}}