{"host":"wonp23fsqqcu31ie","time":1609848172,"event":{"mods":["2.2 Compatiblity","AchievementEnabler","Aspiration","BaseMod","Bestiary","Better Altar","Better Match","Better Note","Better Sensory Stone","Better Skull","Better Third Choice","BetterRewards","Block Reminder","Colored Map","Colored Powertips","Conspire","Curses Come First","DeckTracker","Displayed Cursed Tome","Downfall","Evolution","Hermit","Highlight Path","Hubris","Marisa????????","Minty Spire (QoL Compilation)","Permanent Neow","Prisma Mod","Quick Restart","Rare Cards Sparkle","Relic Stats","Replay The Spire","Robot Space Explorer","Shade Mod","Shop Mod","StSLib","SuperFastMode","The Animator","The Bladedancer","The Bug Knight","The Construct","The Cursed","The Dragon Tamer","The Gatherer","The Marked","The Necromancer","The Runesmith","The Servant 0.9.4"],"gold_per_floor":[117,117,181,231,2,2,35,108,161,161,171,187,237,257,257,359,359,376,426,13,63,124,124,152,164,187,216,216,216],"floor_reached":28,"playtime":2020,"items_purged":["Amnesia"],"score":306,"play_id":"478153ad-b137-425a-95e4-c8eeb3d9c32f","local_time":"20210105230252","is_ascension_mode":false,"campfire_choices":[{"data":"PrismaMod:IllyaMinorZwei","floor":6.0,"key":"SMITH"},{"floor":10.0,"key":"RECALL"},{"data":"PrismaMod:IllyaBoysLove","floor":15.0,"key":"SMITH"},{"data":"PrismaMod:IllyaUberChannel","floor":23,"key":"SMITH"}],"circlet_count":0,"master_deck":["PrismaMod:IllyaCommonAttack","PrismaMod:IllyaCommonDefend","PrismaMod:IllyaCommonAttack","PrismaMod:IllyaCommonDefend","PrismaMod:IllyaCommonAttack","PrismaMod:IllyaCommonDefend","PrismaMod:IllyaCommonAttack","PrismaMod:IllyaCommonDefend","PrismaMod:IllyaCommonAttack","PrismaMod:IllyaCommonDefend","PrismaMod:IllyaUncommonAttack","PrismaMod:IllyaUncommonDefend+1","PrismaMod:IllyaCheapChannelPoison","PrismaMod:IllyaPoisonTippedWeapons","PrismaMod:IllyaCheapChannelAttack","PrismaMod:IllyaMinorZwei+1","PrismaMod:IllyaRapidFire","PrismaMod:IllyaCheapChannelDefend","PrismaMod:IllyaInstallSaber","PrismaMod:IllyaBoysLove+1","PrismaMod:IllyaGun","PrismaMod:IllyaUberPoisonChannel","PrismaMod:IllyaCheapChannelDefend","theMarked:Strike","PrismaMod:IllyaUberChannel+1","PrismaMod:IllyaBerserCAR+1","PrismaMod:IllyaBoysLove+1","PrismaMod:IllyaAOECommonAttack"],"relics":["PrismaMod:PrismaRuby","MerchantsRug","hubris:Potato","Akabeko","conspire:TreasureMap","SsserpentHead","Medical Kit","Strawberry","Odd Mushroom","Ring of Chaos","Oddly Smooth Stone","aspiration:HummingbirdHeart","conspire:TopHat","Juzu Bracelet","Blue Candle"],"acts_visited":["TheCity"],"potions_floor_usage":[22,27],"damage_taken":[{"damage":4.0,"enemies":"Small Slimes","floor":1.0,"turns":4.0},{"damage":0.0,"enemies":"Cultist","floor":3.0,"turns":3.0},{"damage":14.0,"enemies":"HollowMod:MossKnight","floor":7.0,"turns":12.0},{"damage":4.0,"enemies":"The Mushroom Lair","floor":8.0,"turns":5.0},{"damage":0.0,"enemies":"conspire:RoseBush","floor":11.0,"turns":1.0},{"damage":19.0,"enemies":"Large Slime","floor":12.0,"turns":5.0},{"damage":7.0,"enemies":"Red Slaver","floor":14.0,"turns":4.0},{"damage":0.0,"enemies":"Hexaghost","floor":16.0,"turns":9.0},{"damage":30.0,"enemies":"2 Thieves","floor":18.0,"turns":5.0},{"damage":23,"enemies":"3 Byrds","floor":22,"turns":7},{"damage":17,"enemies":"Slavers","floor":24,"turns":8},{"damage":0,"enemies":"Snecko","floor":25,"turns":4},{"damage":13,"enemies":"Gremlin Leader","floor":27,"turns":9},{"damage":39,"enemies":"Chosen and Byrds","floor":28,"turns":8}],"seed_played":"7625978841361634763","potions_obtained":[{"floor":1.0,"key":"Dexterity Potion"},{"floor":7.0,"key":"sneckomod:MuddlingPotion"},{"floor":11.0,"key":"LifebloodPotion"},{"floor":12.0,"key":"Venom Potion"},{"floor":16.0,"key":"Fire Potion"},{"floor":18,"key":"Swift Potion"},{"floor":22,"key":"SpeedPotion"}],"is_trial":false,"path_per_floor":["M","?","M","?","$","R","E","?","T","R","M","M","?","M","R","B",null,"M","?","$","?","M","R","E","M","T","E","M"],"character_chosen":"ILLYA","items_purchased":["MerchantsRug","PrismaMod:IllyaCheapChannelPoison","PrismaMod:IllyaPoisonTippedWeapons","Akabeko","conspire:TreasureMap","Medical Kit","Oddly Smooth Stone","aspiration:HummingbirdHeart"],"campfire_rested":0,"item_purchase_floors":[0,0,0,0,0,5,20,20],"current_hp_per_floor":[36,36,36,75,75,75,68,64,64,64,64,48,48,44,44,47,82,55,55,55,55,32,32,18,21,21,11,0,0],"gold":216,"neow_bonus":"","is_daily":false,"chose_seed":false,"campfire_upgraded":3,"win_rate":0.0,"timestamp":1609848172,"path_taken":["M","?","?","?","$","R","E","?","T","R","M","M","?","M","R","BOSS","M","?","$","?","?","R","E","M","T","E","M"],"items_purchased_type":["Relic","Card","Card","Relic","Relic","Relic","Relic","Relic"],"build_version":"2020-12-22","purchased_purges":1,"victory":false,"max_hp_per_floor":[75,75,75,75,75,75,82,82,82,82,82,82,82,82,82,82,82,82,82,82,82,82,82,82,82,82,82,82,82],"relic_stats":{"SsserpentHead":350,"counters":[22,110],"Blue Candle":[0],"Juzu Bracelet":0,"Medical Kit":[20],"obtain_stats":[{"MerchantsRug":0,"Lantern":6,"conspire:TreasureMap":0,"aspiration:Nostalgia":0,"animator:TheMissingPiece":0,"Blue Candle":27,"Oddly Smooth Stone":20,"Ring of Chaos":17,"aspiration:HummingbirdHeart":20,"Juzu Bracelet":26,"Odd Mushroom":8,"Medical Kit":5,"Akabeko":0,"conspire:TopHat":24,"SsserpentHead":2,"PrismaMod:PrismaRuby":0,"animator:PurgingStone":0,"Shuriken":9,"Strawberry":7,"animator:LivingPicture":0,"hubris:TenFootPole":12,"hubris:Potato":0},{"MerchantsRug":8,"Lantern":3,"conspire:TreasureMap":8,"aspiration:Nostalgia":0,"animator:TheMissingPiece":0,"Blue Candle":21,"Oddly Smooth Stone":17,"Ring of Chaos":16,"aspiration:HummingbirdHeart":17,"Juzu Bracelet":20,"Odd Mushroom":12,"Medical Kit":10,"Akabeko":8,"conspire:TopHat":19,"SsserpentHead":9,"PrismaMod:PrismaRuby":0,"animator:PurgingStone":0,"Shuriken":4,"Strawberry":11,"animator:LivingPicture":0,"hubris:TenFootPole":6,"hubris:Potato":8},{"MerchantsRug":26,"Lantern":15,"conspire:TreasureMap":26,"aspiration:Nostalgia":0,"animator:TheMissingPiece":0,"Blue Candle":102,"Oddly Smooth Stone":74,"Ring of Chaos":69,"aspiration:HummingbirdHeart":74,"Juzu Bracelet":93,"Odd Mushroom":50,"Medical Kit":33,"Akabeko":26,"conspire:TopHat":89,"SsserpentHead":30,"PrismaMod:PrismaRuby":0,"animator:PurgingStone":0,"Shuriken":18,"Strawberry":45,"animator:LivingPicture":0,"hubris:TenFootPole":22,"hubris:Potato":26}]},"card_choices":[{"not_picked":["PrismaMod:IllyaPoisonBlock","PrismaMod:IllyaAlice"],"picked":"PrismaMod:IllyaCheapChannelAttack","floor":1.0},{"not_picked":["PrismaMod:IllyaUncommonDefend","PrismaMod:IllyaFriendMaker"],"picked":"PrismaMod:IllyaMinorZwei","floor":3.0},{"not_picked":["PrismaMod:IllyaPoisonBlock","PrismaMod:IllyaUpgradeOrbs"],"picked":"PrismaMod:IllyaRapidFire","floor":7.0},{"not_picked":["PrismaMod:IllyaStunPoison","PrismaMod:IllyaCheapChannelPoison"],"picked":"PrismaMod:IllyaCheapChannelDefend","floor":8.0},{"not_picked":["PrismaMod:IllyaUncommonAOEAttack","PrismaMod:IllyaBlindPoisonToss"],"picked":"PrismaMod:IllyaInstallSaber","floor":11.0},{"not_picked":["PrismaMod:IllyaCheapChannelPoison","PrismaMod:IllyaPoisonTippedWeapons"],"picked":"PrismaMod:IllyaBoysLove","floor":12.0},{"not_picked":["PrismaMod:IllyaCheapChannelAttack","PrismaMod:IllyaDualEvoke"],"picked":"PrismaMod:IllyaGun","floor":14.0},{"not_picked":["PrismaMod:IllyaCarnivalDefend","PrismaMod:IllyaCarnivalAttack"],"picked":"PrismaMod:IllyaUberPoisonChannel","floor":16.0},{"not_picked":["PrismaMod:IllyaRussianRoulette","PrismaMod:IllyaSaphire"],"picked":"PrismaMod:IllyaCheapChannelDefend","floor":18},{"not_picked":["PrismaMod:IllyaCommandSeal","PrismaMod:IllyaUpgradeOrbs"],"picked":"PrismaMod:IllyaUberChannel","floor":22},{"not_picked":["PrismaMod:IllyaUncommonEvoke+1","PrismaMod:IllyaFeed"],"picked":"PrismaMod:IllyaBerserCAR+1","floor":24},{"not_picked":["PrismaMod:IllyaAOECommonAttack","PrismaMod:IllyaInstallAlterEgo"],"picked":"PrismaMod:IllyaBoysLove+1","floor":25},{"not_picked":["PrismaMod:IllyaUncommonDefend","PrismaMod:IllyaFeed"],"picked":"PrismaMod:IllyaAOECommonAttack","floor":27}],"player_experience":459961,"relics_obtained":[{"floor":7.0,"key":"Strawberry"},{"floor":8.0,"key":"Odd Mushroom"},{"floor":24,"key":"conspire:TopHat"},{"floor":26,"key":"Juzu Bracelet"},{"floor":27,"key":"Blue Candle"}],"event_choices":[{"damage_healed":0.0,"max_hp_gain":0.0,"max_hp_loss":0.0,"gold_gain":0.0,"event_name":"FaceTrader","player_choice":"Trade","floor":2.0,"gold_loss":0.0,"damage_taken":0.0,"relics_obtained":["SsserpentHead"]},{"damage_healed":0.0,"max_hp_gain":0.0,"max_hp_loss":0.0,"gold_gain":0.0,"event_name":"Mushrooms","player_choice":"Fought Mushrooms","floor":8.0,"gold_loss":0.0,"damage_taken":0.0},{"damage_healed":0.0,"max_hp_gain":0.0,"max_hp_loss":0.0,"gold_gain":0.0,"event_name":"Accursed Blacksmith","player_choice":"Forge","floor":13.0,"gold_loss":0.0,"damage_taken":0.0,"cards_upgraded":["PrismaMod:IllyaUncommonDefend"]},{"damage_healed":0,"gold_gain":0,"player_choice":"Take","damage_taken":0,"max_hp_gain":0,"max_hp_loss":0,"event_name":"betterNote:BetterNote","floor":19,"gold_loss":0,"cards_obtained":["theMarked:Strike"]},{"damage_healed":0,"gold_gain":0,"player_choice":"Ignored","damage_taken":0,"max_hp_gain":0,"max_hp_loss":0,"event_name":"N\u0027loth","floor":21,"gold_loss":0}],"is_beta":false,"boss_relics":[{"not_picked":["Ectoplasm","Fusion Hammer"],"picked":"Ring of Chaos"}],"items_purged_floors":[5],"is_endless":false,"potions_floor_spawned":[1,7,11,12,16,18,22],"killed_by":"Chosen and Byrds","ascension_level":0}}