{"host":"7xbu8gt067z192g2","time":1609844514,"event":{"mods":["BaseMod","Better Note","Colored Map","Colored Powertips","Googly Eyes","Highlight Path","Minty Spire (QoL Compilation)","Rare Cards Sparkle","Replay The Spire","StSLib","The Bladedancer","The Cursed","The Hierophant","The Valiant","The Wild Card"],"gold_per_floor":[111,111,111,131,142,175,187,187,187,202,237,237,255,30,30,127,127,142,155,19,19,19],"floor_reached":21,"playtime":2187,"items_purged":["Strike_R"],"score":201,"play_id":"8b88b3ee-dd46-42df-9590-cf2ba911d673","local_time":"20210105060154","is_ascension_mode":true,"campfire_choices":[{"data":"Sword Boomerang","floor":8,"key":"SMITH"},{"floor":12,"key":"REST"},{"data":"Replay:Many Hands","floor":15,"key":"SMITH"}],"circlet_count":0,"master_deck":["Strike_R","Strike_R","Strike_R","Defend_R","Defend_R","Defend_R","Defend_R","Bash+1","ReplayTheSpireMod:Strike From Hell","Thunderclap","Seeing Red","Pommel Strike","Sword Boomerang+1","Replay:Many Hands+1","Pummel","Berserk","Flame Barrier","Replay:Undeath\u0027s Touch","Offering"],"relics":["Burning Blood","NeowsBlessing","Art of War","Anchor","Paper Frog","HandDrill","Ring of Chaos"],"acts_visited":["Exordium","TheCity"],"potions_floor_usage":[16,16,16,18,21],"damage_taken":[{"damage":0,"enemies":"Jaw Worm","floor":1,"turns":1},{"damage":0,"enemies":"Cultist","floor":4,"turns":1},{"damage":0,"enemies":"Small Slimes","floor":5,"turns":1},{"damage":39,"enemies":"Lagavulin","floor":6,"turns":6},{"damage":16,"enemies":"2 Fungi Beasts","floor":7,"turns":4},{"damage":0,"enemies":"Blue Slaver","floor":10,"turns":2},{"damage":39,"enemies":"Gremlin Nob","floor":11,"turns":5},{"damage":3,"enemies":"3 Louse","floor":13,"turns":3},{"damage":36,"enemies":"Hexaghost","floor":16,"turns":7},{"damage":35,"enemies":"Spheric Guardian","floor":18,"turns":4},{"damage":22,"enemies":"3 Byrds","floor":19,"turns":6},{"damage":45,"enemies":"Sentry and Sphere","floor":21,"turns":4}],"seed_played":"392994454340885178","potions_obtained":[{"floor":4,"key":"Swift Potion"},{"floor":6,"key":"SkillPotion"},{"floor":7,"key":"Dexterity Potion"},{"floor":16,"key":"Fruit Juice"},{"floor":18,"key":"Swift Potion"}],"is_trial":false,"path_per_floor":["M","?","?","M","M","E","M","R","T","M","E","R","M","$","R","B",null,"M","M","$","M"],"character_chosen":"IRONCLAD","items_purchased":["HandDrill","Offering"],"campfire_rested":1,"item_purchase_floors":[14,20],"current_hp_per_floor":[80,73,73,79,80,47,37,37,37,43,10,34,37,37,37,7,80,56,40,40,0,0],"gold":19,"neow_bonus":"THREE_ENEMY_KILL","is_daily":false,"chose_seed":false,"campfire_upgraded":2,"win_rate":0.0,"timestamp":1609844514,"path_taken":["M","?","?","?","M","E","M","R","T","M","E","R","M","$","R","BOSS","M","M","$","M"],"items_purchased_type":["Relic","Card"],"build_version":"2020-12-22","purchased_purges":1,"victory":false,"max_hp_per_floor":[80,80,80,80,80,80,80,80,80,80,80,80,80,80,80,80,80,85,85,85,85,85],"card_choices":[{"not_picked":["Iron Wave","Blood for Blood"],"picked":"ReplayTheSpireMod:Strike From Hell","floor":1},{"not_picked":["Warcry","Armaments"],"picked":"Thunderclap","floor":4},{"not_picked":["Blood for Blood","Anger"],"picked":"Seeing Red","floor":5},{"not_picked":["Rampage","Thunderclap"],"picked":"Pommel Strike","floor":6},{"not_picked":["Headbutt","Blood for Blood"],"picked":"Sword Boomerang","floor":7},{"not_picked":["Body Slam","Warcry"],"picked":"Replay:Many Hands","floor":10},{"not_picked":["Clash","Run Through"],"picked":"Pummel","floor":11},{"not_picked":["Run Through","Clothesline","Replay:Undeath\u0027s Touch"],"picked":"SKIP","floor":13},{"not_picked":["Corruption","Immolate"],"picked":"Berserk","floor":16},{"not_picked":["Twin Strike","Cleave+1"],"picked":"Flame Barrier","floor":18},{"not_picked":["Reckless Charge+1","Entrench+1"],"picked":"Replay:Undeath\u0027s Touch","floor":19}],"player_experience":140462,"relics_obtained":[{"floor":6,"key":"Art of War"},{"floor":9,"key":"Anchor"},{"floor":11,"key":"Paper Frog"}],"event_choices":[{"cards_removed":["Strike_R"],"damage_healed":0,"gold_gain":0,"player_choice":"Card Removal","damage_taken":7,"max_hp_gain":0,"max_hp_loss":0,"event_name":"Golden Wing","floor":2,"gold_loss":0},{"damage_healed":0,"gold_gain":0,"player_choice":"Upgraded","damage_taken":0,"max_hp_gain":0,"max_hp_loss":0,"event_name":"Upgrade Shrine","floor":3,"gold_loss":0,"cards_upgraded":["Bash"]}],"is_beta":false,"boss_relics":[{"not_picked":["Electric Blood","SlaversCollar"],"picked":"Ring of Chaos"}],"items_purged_floors":[14],"is_endless":false,"potions_floor_spawned":[4,6,7,13,16,18],"killed_by":"Sentry and Sphere","ascension_level":1}}