{"host":"9l4mw5jqza9qz9hr","time":1609835914,"event":{"mods":["AchievementEnabler","Always Whale","BaseMod","Colored Map","Minty Spire (QoL Compilation)","StSLib","SuperFastMode"],"gold_per_floor":[312,312,325,325,343,369,369,399,399,27,42,42,42,77,77,178,178,197,112,131,131,51,78,78,78,104,129,129,129,129],"floor_reached":29,"playtime":720,"items_purged":["Strike_R","Clash"],"score":388,"play_id":"af6c930e-486e-4f47-995f-e4cf2030dea3","local_time":"20210105173834","is_ascension_mode":true,"campfire_choices":[{"data":"Uppercut","floor":7.0,"key":"SMITH"},{"data":"Body Slam","floor":12.0,"key":"SMITH"},{"data":"Flame Barrier","floor":15.0,"key":"SMITH"},{"data":"Armaments","floor":24,"key":"SMITH"}],"circlet_count":0,"master_deck":["Strike_R","Defend_R","Defend_R","Defend_R","Defend_R","Bash","Wild Strike","Body Slam+1","Uppercut+1","Pommel Strike","Flame Barrier+1","Corruption+1","Body Slam+1","Armaments+1","Spot Weakness","Shame"],"relics":["Burning Blood","Old Coin","Frozen Egg 2","Sundial","Matryoshka","Lee\u0027s Waffle","Bronze Scales","Question Card","Cursed Key","The Courier","InkBottle","Toxic Egg 2","Pen Nib","Incense Burner"],"acts_visited":["Exordium","TheCity"],"potions_floor_usage":[23,27,27],"damage_taken":[{"damage":1.0,"enemies":"Cultist","floor":1.0,"turns":3.0},{"damage":14.0,"enemies":"Small Slimes","floor":3.0,"turns":4.0},{"damage":4.0,"enemies":"Jaw Worm","floor":5.0,"turns":3.0},{"damage":28.0,"enemies":"Gremlin Nob","floor":6.0,"turns":4.0},{"damage":40.0,"enemies":"3 Sentries","floor":8.0,"turns":9.0},{"damage":2.0,"enemies":"2 Fungi Beasts","floor":11.0,"turns":3.0},{"damage":17.0,"enemies":"Gremlin Nob","floor":14.0,"turns":4.0},{"damage":43.0,"enemies":"The Guardian","floor":16.0,"turns":13.0},{"damage":13.0,"enemies":"Shell Parasite","floor":18.0,"turns":4.0},{"damage":7,"enemies":"Chosen","floor":20,"turns":3},{"damage":31,"enemies":"Slavers","floor":23,"turns":5},{"damage":31,"enemies":"Book of Stabbing","floor":27,"turns":4},{"damage":25,"enemies":"Gremlin Leader","floor":29,"turns":3}],"seed_played":"-9092971788785442071","potions_obtained":[{"floor":5.0,"key":"Swift Potion"},{"floor":11.0,"key":"SkillPotion"},{"floor":14.0,"key":"Fire Potion"},{"floor":20,"key":"Strength Potion"},{"floor":23,"key":"SneckoOil"},{"floor":27,"key":"SteroidPotion"}],"is_trial":false,"path_per_floor":["M","?","M","?","M","E","R","E","T","$","M","R","$","E","R","B",null,"M","?","M","?","$","E","R","$","T","E","?","E"],"character_chosen":"IRONCLAD","items_purchased":["Lee\u0027s Waffle","Bronze Scales"],"campfire_rested":0,"item_purchase_floors":[10,10],"current_hp_per_floor":[77,82,74,67,69,47,47,13,13,92,92,92,92,81,81,44,80,73,73,72,72,72,47,47,47,47,22,22,0,0],"gold":129,"neow_bonus":"ONE_RARE_RELIC","is_daily":false,"chose_seed":false,"campfire_upgraded":4,"win_rate":0.0,"timestamp":1609835914,"path_taken":["M","?","M","?","M","E","R","E","T","$","M","R","?","E","R","BOSS","M","?","M","?","?","E","R","$","T","E","?","E"],"items_purchased_type":["Relic","Relic"],"build_version":"2020-12-22","purchased_purges":2,"victory":false,"max_hp_per_floor":[80,85,85,85,85,85,85,85,85,92,92,92,92,92,92,92,92,92,92,92,92,92,92,92,92,92,92,92,92,92],"card_choices":[{"not_picked":["Anger","Rampage"],"picked":"Wild Strike","floor":1.0},{"not_picked":["Iron Wave","Reckless Charge"],"picked":"Body Slam","floor":3.0},{"not_picked":["Twin Strike","Sentinel"],"picked":"Uppercut","floor":5.0},{"not_picked":["Havoc","Intimidate"],"picked":"Pommel Strike","floor":6.0},{"not_picked":["Reckless Charge","Bloodletting","Warcry"],"picked":"SKIP","floor":8.0},{"not_picked":["Thunderclap","Warcry","Havoc"],"picked":"SKIP","floor":11.0},{"not_picked":["Thunderclap","Warcry","Havoc"],"picked":"SKIP","floor":11.0},{"not_picked":["Inflame+1","Searing Blow"],"picked":"Flame Barrier","floor":14.0},{"not_picked":["Brutality+1","Feed","Berserk+1"],"picked":"Corruption+1","floor":16.0},{"not_picked":["Iron Wave+1","Wild Strike","Headbutt"],"picked":"Body Slam+1","floor":18.0},{"not_picked":["Juggernaut+1","Iron Wave","Wild Strike+1"],"picked":"Armaments","floor":20},{"not_picked":["Cleave","Clash","Searing Blow+1","Uppercut"],"picked":"SKIP","floor":23},{"not_picked":["Armaments+1","Rampage","Inflame+1","Rage+1"],"picked":"SKIP","floor":27}],"player_experience":167471,"relics_obtained":[{"floor":6.0,"key":"Frozen Egg 2"},{"floor":8.0,"key":"Sundial"},{"floor":9.0,"key":"Matryoshka"},{"floor":14.0,"key":"Question Card"},{"floor":23,"key":"InkBottle"},{"floor":26,"key":"Toxic Egg 2"},{"floor":26,"key":"Pen Nib"},{"floor":27,"key":"Incense Burner"}],"event_choices":[{"damage_healed":0.0,"max_hp_gain":5.0,"max_hp_loss":0.0,"gold_gain":0.0,"event_name":"Big Fish","player_choice":"Donut","floor":2.0,"gold_loss":0.0,"damage_taken":0.0},{"cards_removed":["Strike_R"],"damage_healed":0.0,"max_hp_gain":0.0,"max_hp_loss":0.0,"gold_gain":0.0,"event_name":"Golden Wing","player_choice":"Card Removal","floor":4.0,"gold_loss":0.0,"damage_taken":7.0},{"damage_healed":0,"gold_gain":0,"player_choice":"Obtained Relic","damage_taken":0,"relics_obtained":["The Courier"],"max_hp_gain":0,"max_hp_loss":0,"event_name":"Addict","floor":19,"gold_loss":85},{"damage_healed":0,"gold_gain":0,"cards_transformed":["Strike_R","Strike_R"],"player_choice":"Became Test Subject","damage_taken":0,"max_hp_gain":0,"max_hp_loss":0,"event_name":"Drug Dealer","floor":21,"gold_loss":0,"cards_obtained":["Clash","Spot Weakness"]},{"damage_healed":0,"gold_gain":0,"player_choice":"Ignored","damage_taken":0,"max_hp_gain":0,"max_hp_loss":0,"event_name":"Vampires","floor":28,"gold_loss":0}],"is_beta":false,"boss_relics":[{"not_picked":["Coffee Dripper","Busted Crown"],"picked":"Cursed Key"}],"items_purged_floors":[10,22],"is_endless":false,"potions_floor_spawned":[5,11,14,20,23,27],"killed_by":"Gremlin Leader","ascension_level":8}}