{"host":"cl5ee6jxhpbkfa4l","time":1609832924,"event":{"mods":["Arknights The Spire","BaseMod","Friendly Minions","Minty Spire (QoL Compilation)","StSLib","Waifu the Spire"],"gold_per_floor":[117,70,70,1,1,20,45,45,45,61,7,82,120,67,67,67,67],"floor_reached":16,"playtime":590,"items_purged":[],"score":98,"play_id":"ad1a952d-a809-4f28-b94f-f723723c6b22","local_time":"20210105154844","is_ascension_mode":false,"campfire_choices":[{"data":"ats:Hammer On","floor":8,"key":"SMITH"},{"floor":15,"key":"REST"}],"circlet_count":0,"master_deck":["ats:Strike G","ats:Strike S","ats:Strike V","ats:Armor Crushing Shot","ats:Defend","ats:Defend","ats:Defend","ats:Defend","ats:Emotion Absorption+1","ats:Shell Defense","ats:Cat Scratch","ats:Magnetic Hammer","ats:Hammer On+1","ats:Closed Bolt Burst Fire","ats:Assault Order","ats:Apocalypse","ats:Hammer On","ats:Leaping Hammer"],"relics":["ats:Sanity","Golden Idol","Gremlin Horn","ats:Originium","ats:Bonebreaker"],"acts_visited":["Exordium"],"potions_floor_usage":[13,16],"damage_taken":[{"damage":5,"enemies":"Cultist","floor":1,"turns":4},{"damage":0,"enemies":"Jaw Worm","floor":6,"turns":5},{"damage":1,"enemies":"2 Louse","floor":7,"turns":2},{"damage":0,"enemies":"Large Slime","floor":10,"turns":6},{"damage":16,"enemies":"Gremlin Nob","floor":13,"turns":4},{"damage":53,"enemies":"Slime Boss","floor":16,"turns":6}],"seed_played":"3362796124989867515","potions_obtained":[{"floor":1,"key":"Fire Potion"},{"floor":7,"key":"LiquidBronze"},{"floor":10,"key":"ColorlessPotion"}],"is_trial":false,"path_per_floor":["M","$","?","$","?","M","M","R","T","M","$","?","E","$","R","B"],"character_chosen":"DOCTOR_CLASS","items_purchased":["ats:Cat Scratch","ats:Magnetic Hammer","ats:Apocalypse","ats:Leaping Hammer"],"campfire_rested":1,"item_purchase_floors":[2,4,11,14],"current_hp_per_floor":[67,67,49,49,42,48,47,47,47,50,50,39,27,27,48,2,2],"gold":67,"neow_bonus":"UPGRADE_CARD","is_daily":false,"chose_seed":false,"campfire_upgraded":1,"win_rate":0.0,"timestamp":1609832924,"path_taken":["M","?","?","?","?","M","M","R","T","M","$","?","E","?","R","BOSS"],"items_purchased_type":["Card","Card","Card","Card"],"build_version":"2020-12-22","purchased_purges":0,"victory":false,"max_hp_per_floor":[72,72,72,72,72,72,72,72,72,72,72,72,72,72,72,72,72],"card_choices":[{"not_picked":["ats:Healing Drone","ats:Flame Of Heaven"],"picked":"ats:Shell Defense","floor":1},{"not_picked":["ats:Healing Strengthening","ats:Poison Spread"],"picked":"ats:Hammer On","floor":6},{"not_picked":["ats:Ignite","ats:Overload"],"picked":"ats:Closed Bolt Burst Fire","floor":7},{"not_picked":["ats:Collapsing Strike","ats:Childhood Dance"],"picked":"ats:Assault Order","floor":10},{"not_picked":["ats:Flame Of Heaven","ats:Mental Burst"],"picked":"ats:Hammer On","floor":13}],"player_experience":59083,"relics_obtained":[{"floor":9,"key":"Gremlin Horn"},{"floor":13,"key":"ats:Originium"},{"floor":13,"key":"ats:Bonebreaker"}],"event_choices":[{"damage_healed":0,"gold_gain":0,"player_choice":"Take Damage","damage_taken":18,"relics_obtained":["Golden Idol"],"max_hp_gain":0,"max_hp_loss":0,"event_name":"Golden Idol","floor":3,"gold_loss":0},{"cards_removed":["ats:Strike C"],"damage_healed":0,"gold_gain":0,"player_choice":"Card Removal","damage_taken":7,"max_hp_gain":0,"max_hp_loss":0,"event_name":"Golden Wing","floor":5,"gold_loss":0},{"damage_healed":0,"gold_gain":75,"player_choice":"Gather Gold","damage_taken":11,"max_hp_gain":0,"max_hp_loss":0,"event_name":"World of Goop","floor":12,"gold_loss":0}],"is_beta":false,"boss_relics":[],"items_purged_floors":[],"is_endless":false,"potions_floor_spawned":[1,7,10],"killed_by":"Slime Boss","ascension_level":0}}