{"host":"lpogke4cwz8zw1ju","time":1609815045,"event":{"mods":["Always Whale","BaseMod","Minty Spire (QoL Compilation)","Permanent Neow"],"gold_per_floor":[215,226,244,244,262,262,273,25,25,42,42,62,74,87,87,184,184,199,124,136,136,155,155,155,155,155,175,192,192,192,212,212,212,212],"floor_reached":33,"playtime":1323,"items_purged":["Strike_B"],"score":245,"play_id":"0a41adbc-5c99-4ff1-ab34-43ffa39a456d","local_time":"20210105035045","is_ascension_mode":false,"campfire_choices":[{"data":"Beam Cell","floor":6,"key":"SMITH"},{"floor":15,"key":"REST"},{"floor":23,"key":"REST"},{"data":"1","floor":25,"key":"LIFT"},{"floor":29,"key":"REST"},{"floor":32,"key":"REST"}],"circlet_count":0,"master_deck":["Strike_B","Strike_B","Strike_B","Defend_B","Defend_B","Defend_B","Zap","Dualcast","Beam Cell+1","Go for the Eyes","Reprogram","Rebound","Beam Cell","Gash","Gash","All For One","Beam Cell+1","Rebound","Melter","Go for the Eyes","Skim+1","Shame"],"relics":["Cracked Core","Mummified Hand","Bottled Flame","Girya","Sozu","Du-Vu Doll","Centennial Puzzle"],"acts_visited":["Exordium","TheCity"],"potions_floor_usage":[14,16,16],"damage_taken":[{"damage":9,"enemies":"2 Louse","floor":1,"turns":3},{"damage":0,"enemies":"Cultist","floor":2,"turns":2},{"damage":1,"enemies":"Jaw Worm","floor":3,"turns":3},{"damage":20,"enemies":"Looter","floor":5,"turns":3},{"damage":8,"enemies":"Exordium Wildlife","floor":7,"turns":3},{"damage":14,"enemies":"Gremlin Gang","floor":10,"turns":4},{"damage":0,"enemies":"2 Fungi Beasts","floor":12,"turns":2},{"damage":1,"enemies":"Looter","floor":13,"turns":3},{"damage":5,"enemies":"Blue Slaver","floor":14,"turns":3},{"damage":35,"enemies":"The Guardian","floor":16,"turns":7},{"damage":6,"enemies":"Chosen","floor":18,"turns":3},{"damage":20,"enemies":"2 Thieves","floor":20,"turns":3},{"damage":19,"enemies":"Sentry and Sphere","floor":22,"turns":4},{"damage":15,"enemies":"Snake Plant","floor":27,"turns":4},{"damage":6,"enemies":"3 Cultists","floor":28,"turns":4},{"damage":20,"enemies":"Centurion and Healer","floor":31,"turns":3},{"damage":57,"enemies":"Collector","floor":33,"turns":5}],"seed_played":"-3243760482457516674","potions_obtained":[{"floor":2,"key":"AttackPotion"},{"floor":5,"key":"CultistPotion"},{"floor":7,"key":"Dexterity Potion"}],"is_trial":false,"path_per_floor":["M","M","M","?","M","R","M","$","T","M","T","M","M","M","R","B",null,"M","?","M","?","M","R","$","R","T","M","M","R","?","M","R","B"],"character_chosen":"DEFECT","items_purchased":["Go for the Eyes","Reprogram","Rebound"],"campfire_rested":4,"item_purchase_floors":[8,8,8],"current_hp_per_floor":[66,66,65,65,45,45,37,37,37,23,23,23,22,17,39,4,75,69,69,49,49,30,52,52,52,52,37,31,53,53,33,55,0,0],"gold":212,"neow_bonus":"HUNDRED_GOLD","is_daily":false,"chose_seed":false,"campfire_upgraded":1,"win_rate":0.0,"timestamp":1609815045,"path_taken":["M","M","M","?","M","R","M","?","T","M","?","M","M","M","R","BOSS","M","?","M","?","M","R","$","R","T","M","?","R","?","M","R","BOSS"],"items_purchased_type":["Card","Card","Card"],"build_version":"2020-12-22","purchased_purges":1,"victory":false,"max_hp_per_floor":[75,75,75,75,75,75,75,75,75,75,75,75,75,75,75,75,75,75,75,75,75,75,75,75,75,75,75,75,75,75,75,75,75,75],"card_choices":[{"not_picked":["BootSequence","Auto Shields"],"picked":"Beam Cell","floor":1},{"not_picked":["Turbo","Streamline","Leap"],"picked":"SKIP","floor":2},{"not_picked":["Double Energy","Barrage","Chill"],"picked":"SKIP","floor":3},{"not_picked":["Compile Driver","Sunder","Streamline"],"picked":"SKIP","floor":5},{"not_picked":["Undo","Conserve Battery","Defragment"],"picked":"SKIP","floor":7},{"not_picked":["Steam","Rebound"],"picked":"Beam Cell","floor":10},{"not_picked":["Doom and Gloom","Go for the Eyes"],"picked":"Gash","floor":12},{"not_picked":["Conserve Battery","Coolheaded"],"picked":"Gash","floor":13},{"not_picked":["Cold Snap","Ball Lightning","Rainbow"],"picked":"SKIP","floor":14},{"not_picked":["Seek","Reboot"],"picked":"All For One","floor":16},{"not_picked":["Steam","Coolheaded"],"picked":"Beam Cell+1","floor":18},{"not_picked":["Static Discharge","Steam Power"],"picked":"Rebound","floor":20},{"not_picked":["Redo","Blizzard+1"],"picked":"Go for the Eyes","floor":22},{"not_picked":["Barrage+1","Undo","Cold Snap+1"],"picked":"SKIP","floor":27},{"not_picked":["Undo","Conserve Battery"],"picked":"Skim+1","floor":28},{"not_picked":["Storm","Turbo","Double Energy"],"picked":"SKIP","floor":31}],"player_experience":176480,"relics_obtained":[{"floor":4,"key":"Mummified Hand"},{"floor":9,"key":"Bottled Flame"},{"floor":11,"key":"Girya"},{"floor":26,"key":"Du-Vu Doll"}],"event_choices":[{"damage_healed":0,"gold_gain":0,"player_choice":"Relic","damage_taken":0,"max_hp_gain":0,"max_hp_loss":0,"event_name":"Wheel of Change","floor":4,"gold_loss":0},{"cards_removed":["Defend_B"],"damage_healed":0,"gold_gain":0,"player_choice":"Gave Gold","damage_taken":0,"max_hp_gain":0,"max_hp_loss":0,"event_name":"Beggar","floor":19,"gold_loss":75},{"damage_healed":0,"gold_gain":0,"player_choice":"1 cards matched","damage_taken":0,"max_hp_gain":0,"max_hp_loss":0,"event_name":"Match and Keep!","floor":21,"gold_loss":0,"cards_obtained":["Melter"]},{"damage_healed":0,"gold_gain":0,"player_choice":"Stole Relic","damage_taken":0,"relics_obtained":["Centennial Puzzle"],"max_hp_gain":0,"max_hp_loss":0,"event_name":"Addict","floor":30,"gold_loss":0,"cards_obtained":["Shame"]}],"is_beta":false,"boss_relics":[{"not_picked":["Velvet Choker","Fusion Hammer"],"picked":"Sozu"}],"items_purged_floors":[8],"is_endless":false,"potions_floor_spawned":[2,5,7,13,20,27],"killed_by":"Collector","ascension_level":0}}