{"host":"qheym18ww6mhskxf","time":1609881552,"event":{"mods":["BaseMod","CapriCore","Friendly Minions","GungeonMod","KOR Keyword Fix","Minty Spire (QoL Compilation)","Prisma Mod","Quick Restart","RRrroohrrRGHHhhh!!","Rare Cards Sparkle","Shop Mod","Spicy Shops","StSLib","Username Fix"],"gold_per_floor":[113,113,288,288,306,306,20,20,47,66,66,94,94,127,127,229,229,245,245,99,198,52,52,77,111,111,111,143,35,48,83,83,83,83],"floor_reached":33,"playtime":760,"items_purged":["Doubt","Regret","Strike_B"],"score":653,"play_id":"1af50433-64b8-4fb8-a387-d952000b18af","local_time":"20210106061912","daily_mods":["Time Dilation","Flight","DeadlyEvents","Elite Swarm"],"is_ascension_mode":true,"campfire_choices":[{"data":"Dualcast","floor":6.0,"key":"SMITH"},{"data":"PrismaMod:IllyaBerserCAR","floor":8.0,"key":"SMITH"},{"data":"PrismaMod:IllyaGun","floor":11.0,"key":"SMITH"},{"data":"PrismaMod:ChloeCarnivalDefend","floor":13.0,"key":"SMITH"},{"data":"PrismaMod:ChloeCheapDefendTwo","floor":15.0,"key":"SMITH"},{"data":"Defend_B","floor":23.0,"key":"SMITH"},{"floor":27.0,"key":"REST"},{"floor":32.0,"key":"REST"}],"circlet_count":0,"master_deck":["Strike_B","Strike_B","Strike_B","Defend_B+1","Defend_B","Defend_B","Zap+1","Dualcast+1","PrismaMod:IllyaBerserCAR+1","PrismaMod:IllyaGun+1","PrismaMod:ChloeCheapDefendTwo+1","PrismaMod:ChloeCarnivalDefend+1","PrismaMod:ChloeCarnivalAttack","PrismaMod:ChloeRhongomyniad","Core Surge"],"relics":["Cracked Core","MerchantsRug","DemoMod:WhiteGuonStone","rorgmod:Data Disk","Bag of Marbles","Philosopher\u0027s Stone","Sling","ClockworkSouvenir","Cables","Prayer Wheel","PreservedInsect","Bronze Scales","DemoMod:Relodestone"],"acts_visited":["Exordium","TheCity"],"potions_floor_usage":[],"damage_taken":[{"damage":0.0,"enemies":"Cultist","floor":1.0,"turns":4.0},{"damage":0.0,"enemies":"2 Louse","floor":5.0,"turns":2.0},{"damage":0.0,"enemies":"Small Slimes","floor":10.0,"turns":2.0},{"damage":9.0,"enemies":"Lagavulin","floor":12.0,"turns":6.0},{"damage":0.0,"enemies":"Gremlin Nob","floor":14.0,"turns":3.0},{"damage":16.0,"enemies":"Hexaghost","floor":16.0,"turns":10.0},{"damage":0.0,"enemies":"3 Byrds","floor":18.0,"turns":4.0},{"damage":26.0,"enemies":"Gremlin Leader","floor":24.0,"turns":6.0},{"damage":13.0,"enemies":"Book of Stabbing","floor":25.0,"turns":4.0},{"damage":18.0,"enemies":"Gremlin Leader","floor":28.0,"turns":4.0},{"damage":3.0,"enemies":"Spheric Guardian","floor":30.0,"turns":3.0},{"damage":17.0,"enemies":"Book of Stabbing","floor":31.0,"turns":3.0},{"damage":21,"enemies":"Automaton","floor":33,"turns":4}],"seed_played":"5819465682169460965","potions_obtained":[{"floor":1.0,"key":"EssenceOfSteel"},{"floor":5.0,"key":"Energy Potion"},{"floor":10.0,"key":"Energy Potion"},{"floor":25.0,"key":"Fire Potion"}],"is_trial":true,"path_per_floor":["M","?","?","?","M","R","$","R","T","M","R","E","R","E","R","B",null,"M","?","$","?","$","R","E","E","T","R","E","$","M","E","R","B"],"character_chosen":"DEFECT","items_purchased":["MerchantsRug","PrismaMod:IllyaBerserCAR","PrismaMod:IllyaGun","Sling","ClockworkSouvenir"],"campfire_rested":2,"item_purchase_floors":[7,7,7,20,22],"current_hp_per_floor":[68,61,61,61,61,61,61,61,61,61,61,52,52,52,52,36,65,65,65,65,65,65,65,39,26,26,48,30,30,27,10,32,11,11],"gold":83,"neow_bonus":"","is_daily":false,"chose_seed":false,"campfire_upgraded":6,"win_rate":0.0,"timestamp":1609881552,"path_taken":["M","?","?","?","?","R","$","R","T","M","R","E","R","?","R","BOSS","M","?","$","?","$","R","E","E","T","R","E","$","?","?","R","BOSS"],"items_purchased_type":["Relic","Card","Card","Relic","Relic"],"build_version":"2020-12-22","purchased_purges":3,"victory":false,"max_hp_per_floor":[75,75,75,75,75,75,75,75,75,75,75,75,75,75,75,75,75,75,75,75,75,75,75,75,75,75,75,75,75,75,75,75,75,75],"card_choices":[{"not_picked":["Reinforced Body","PrismaMod:ChloeRitsuka","Cold Snap"],"picked":"SKIP","floor":1.0},{"not_picked":["Hologram","Force Field","rorgmod:Refrigerate"],"picked":"SKIP","floor":5.0},{"not_picked":["PrismaMod:IllyaFriendMaker","PrismaMod:ChloeCheapDefendTwo","rorgmod:Hot Sockets"],"picked":"SKIP","floor":10.0},{"not_picked":["PrismaMod:IllyaFriendMaker","PrismaMod:ChloeCheapDefendTwo","rorgmod:Hot Sockets"],"picked":"SKIP","floor":10.0},{"not_picked":["PrismaMod:IllyaFriendMaker","rorgmod:Hot Sockets"],"picked":"PrismaMod:ChloeCheapDefendTwo","floor":10.0},{"not_picked":["Hyperbeam","PrismaMod:IllyaCarnivalPrismaAstolfo"],"picked":"PrismaMod:ChloeCarnivalDefend","floor":12.0},{"not_picked":["PrismaMod:ChloeAnyPowerTrace","Machine Learning","Fission"],"picked":"SKIP","floor":14.0},{"not_picked":["PrismaMod:IllyaAOECommonAttack","rorgmod:Fragmentation","PrismaMod:IllyaBoysLove+1"],"picked":"SKIP","floor":18.0},{"not_picked":["PrismaMod:ChloeReshuffleDiscard","Meteor Strike","PrismaMod:ChloeDevil"],"picked":"SKIP","floor":24.0},{"not_picked":["rorgmod:Loose Screws","PrismaMod:ChloeExhaustThree","PrismaMod:ChloeReshuffleDiscard"],"picked":"SKIP","floor":25.0},{"not_picked":["PrismaMod:ChloeGreatTracePools","rorgmod:Biogeneration"],"picked":"PrismaMod:ChloeCarnivalAttack","floor":28.0},{"not_picked":["PrismaMod:ChloeEyeOfTheEuryale","Ball Lightning"],"picked":"PrismaMod:ChloeRhongomyniad","floor":30.0},{"not_picked":["Hello World","rorgmod:Fragmentation","rorgmod:Hot Sockets"],"picked":"SKIP","floor":30.0},{"not_picked":["PrismaMod:ChloeDevil","Echo Form"],"picked":"Core Surge","floor":31.0}],"player_experience":517487,"relics_obtained":[{"floor":9.0,"key":"DemoMod:WhiteGuonStone"},{"floor":12.0,"key":"rorgmod:Data Disk"},{"floor":14.0,"key":"Bag of Marbles"},{"floor":24.0,"key":"Cables"},{"floor":25.0,"key":"Prayer Wheel"},{"floor":26.0,"key":"PreservedInsect"},{"floor":28.0,"key":"Bronze Scales"},{"floor":31.0,"key":"DemoMod:Relodestone"}],"event_choices":[{"cards_removed":["Defend_B"],"damage_healed":0.0,"max_hp_gain":0.0,"max_hp_loss":0.0,"gold_gain":0.0,"event_name":"Golden Wing","player_choice":"Card Removal","floor":2.0,"gold_loss":0.0,"damage_taken":7.0},{"damage_healed":0.0,"max_hp_gain":0.0,"max_hp_loss":0.0,"gold_gain":175.0,"event_name":"Liars Game","player_choice":"AGREE","floor":3.0,"gold_loss":0.0,"damage_taken":0.0,"cards_obtained":["Doubt"]},{"damage_healed":0.0,"max_hp_gain":0.0,"max_hp_loss":0.0,"gold_gain":0.0,"event_name":"Upgrade Shrine","player_choice":"Upgraded","floor":4.0,"gold_loss":0.0,"damage_taken":0.0,"cards_upgraded":["Zap"]},{"damage_healed":0.0,"max_hp_gain":0.0,"max_hp_loss":0.0,"gold_gain":0.0,"event_name":"Beggar","player_choice":"Ignored","floor":19.0,"gold_loss":0.0,"damage_taken":0.0},{"damage_healed":0.0,"max_hp_gain":0.0,"max_hp_loss":0.0,"gold_gain":99.0,"event_name":"Nest","player_choice":"Stole From Cult","floor":21.0,"gold_loss":0.0,"damage_taken":0.0}],"is_beta":false,"boss_relics":[{"not_picked":["Calling Bell","Ectoplasm"],"picked":"Philosopher\u0027s Stone"}],"items_purged_floors":[7,20,29],"is_endless":true,"potions_floor_spawned":[1,5,10,25],"killed_by":"Automaton","ascension_level":9}}