{"host":"9ndbo4kgsfoemf7y","time":1609839799,"event":{"mods":["AchievementEnabler","BaseMod","Colored Map","DeckTracker","Keyboard Shortcuts","Minty Spire (QoL Compilation)","Permanent Neow","Quick Restart","Relic Stats","StSLib","SuperFastMode"],"gold_per_floor":[10,22,37,56,56,56,56],"floor_reached":6,"playtime":180,"items_purged":[],"score":76,"play_id":"a57fd473-5f5d-45fc-841a-c156aab34425","local_time":"20210105184319","is_ascension_mode":true,"campfire_choices":[],"circlet_count":0,"master_deck":["AscendersBane","Strike_R","Strike_R","Strike_R","Strike_R","Strike_R","Defend_R","Defend_R","Defend_R","Defend_R","Bash","Mayhem","Perfected Strike","Limit Break","Flex","Headbutt"],"relics":["Burning Blood","Golden Idol"],"acts_visited":["Exordium"],"potions_floor_usage":[],"damage_taken":[{"damage":6,"enemies":"2 Louse","floor":1,"turns":2},{"damage":7,"enemies":"Jaw Worm","floor":2,"turns":2},{"damage":1,"enemies":"Small Slimes","floor":3,"turns":4},{"damage":54,"enemies":"Exordium Thugs","floor":4,"turns":6},{"damage":25,"enemies":"3 Sentries","floor":6,"turns":3}],"seed_played":"2398935202132661893","potions_obtained":[],"is_trial":false,"path_per_floor":["M","M","M","M","?","E"],"character_chosen":"IRONCLAD","items_purchased":[],"campfire_rested":0,"item_purchase_floors":[],"current_hp_per_floor":[68,67,72,24,24,0,0],"gold":56,"neow_bonus":"RANDOM_COLORLESS_2","is_daily":false,"chose_seed":false,"campfire_upgraded":0,"win_rate":0.0,"timestamp":1609839799,"path_taken":["M","M","M","M","?","E"],"items_purchased_type":[],"build_version":"2020-12-22","purchased_purges":0,"victory":false,"max_hp_per_floor":[75,75,75,75,68,68,68],"relic_stats":{"counters":[5,17],"Golden Idol":0,"obtain_stats":[{"Golden Idol":5,"Burning Blood":0},{"Golden Idol":4,"Burning Blood":0},{"Golden Idol":14,"Burning Blood":0}],"Burning Blood":24},"card_choices":[{"not_picked":["Metamorphosis","Sadistic Nature"],"picked":"Mayhem","floor":0},{"not_picked":["Wild Strike","Body Slam"],"picked":"Perfected Strike","floor":1},{"not_picked":["Warcry","Body Slam"],"picked":"Limit Break","floor":2},{"not_picked":["Combust","Rupture"],"picked":"Flex","floor":3},{"not_picked":["Body Slam","Havoc"],"picked":"Headbutt","floor":4}],"player_experience":778076,"relics_obtained":[],"event_choices":[{"damage_healed":0,"gold_gain":0,"player_choice":"Lose Max HP","damage_taken":0,"relics_obtained":["Golden Idol"],"max_hp_gain":0,"max_hp_loss":7,"event_name":"Golden Idol","floor":5,"gold_loss":0}],"is_beta":false,"boss_relics":[],"items_purged_floors":[],"is_endless":false,"potions_floor_spawned":[],"killed_by":"3 Sentries","ascension_level":20}}