{"host":"a9vnnms65xyhpnqu","time":1609838333,"event":{"mods":["Bard","BaseMod","Colored Map","Colored Powertips","DeckTracker","Highlight Path","Minty Spire (QoL Compilation)","StSLib","The Bladedancer","The Cursed","The Elementalist","The Forsaken","The Necromancer","The Runesmith","The Servant 0.9.4","TheArtist","slay the spire mod where everything is the same but ironclad has a cowboy hat"],"gold_per_floor":[111,111,122,122,122,122,139,139,166,166,184,209,209,34,34,136,136,151,151,151,0,17,17,52,72,372,425,425,444,444,464,464,560,560,571,571,9,59,59,59,59,59,59,78,91,109,0,15,15,15,15],"floor_reached":50,"playtime":1620,"items_purged":[],"score":598,"play_id":"91517a09-d690-43ec-a25d-74668d7bbf93","local_time":"20210105011853","is_ascension_mode":false,"campfire_choices":[{"data":"Summon_Undead_Army","floor":6,"key":"SMITH"},{"data":"Negative_Energy_Sphere","floor":13,"key":"SMITH"},{"floor":15,"key":"REST"},{"floor":23,"key":"REST"},{"floor":28,"key":"REST"},{"data":"Detonate_Bones","floor":32,"key":"SMITH"},{"floor":40,"key":"REST"},{"data":"Summon_Undead_Army","floor":42,"key":"SMITH"},{"floor":49,"key":"REST"}],"circlet_count":0,"master_deck":["Strike_W","Strike_W","Strike_W","Strike_W","Defend_W+1","Defend_W","Defend_W","Defend_W","Negative_Energy_Arrows","Bone_Wall+1","Summon_Undead_Army+1","Negative_Energy_Sphere+1","Bone_Prison","Bone_Bullets","Detonate_Bones+1","Acid_Javelin","Summon_Vampire_Lady","Negative_Energy_Sphere+1","Dramatic Entrance","Bandage Up","Bone_Armor","Bone_Bullets","Bone_Armory","Bone_Bullets","Bone_Bullets","Bone_Prison+1","Negative_Energy_Sphere","Death_Coil+1","Skeleton_Dragon","Bone_Bullets+1","Madness","Summon_Undead_Army+1","Life_Tap","Negative_Energy_Sphere","Bone_Shift","Finger_Of_Death","Bone_Armor","Spectral_Armor","Toxic_Smoke_Screen","Negative_Energy_Mist+1","Finger_Of_Death+1"],"relics":["Vampire_Amulet","Pear","PreservedInsect","Pen Nib","Smiling Mask","Sozu","Old Coin","Omamori","Nunchaku","SlaversCollar","Incense Burner","Mango","Pantograph","Red Mask"],"acts_visited":["Exordium","TheCity","TheBeyond"],"potions_floor_usage":[33,33],"damage_taken":[{"damage":5,"enemies":"Cultist","floor":1,"turns":4},{"damage":2,"enemies":"Jaw Worm","floor":3,"turns":3},{"damage":0,"enemies":"Small Slimes","floor":7,"turns":3},{"damage":7,"enemies":"3 Louse","floor":11,"turns":3},{"damage":20,"enemies":"Slime Boss","floor":16,"turns":10},{"damage":0,"enemies":"3 Byrds","floor":18,"turns":4},{"damage":15,"enemies":"Shell Parasite","floor":22,"turns":5},{"damage":27,"enemies":"Slavers","floor":24,"turns":3},{"damage":31,"enemies":"Snake Plant","floor":25,"turns":3},{"damage":8,"enemies":"Chosen and Byrds","floor":29,"turns":5},{"damage":23,"enemies":"3 Cultists","floor":31,"turns":4},{"damage":100,"enemies":"Champ","floor":33,"turns":10},{"damage":31,"enemies":"3 Darklings","floor":35,"turns":6},{"damage":34,"enemies":"Mind Bloom Boss Battle","floor":38,"turns":10},{"damage":25,"enemies":"Orb Walker","floor":44,"turns":4},{"damage":19,"enemies":"Writhing Mass","floor":45,"turns":7},{"damage":30,"enemies":"3 Darklings","floor":46,"turns":4},{"damage":16,"enemies":"4 Shapes","floor":48,"turns":4},{"damage":125,"enemies":"Time Eater","floor":50,"turns":12}],"seed_played":"-2048470509370943417","potions_obtained":[{"floor":1,"key":"SteroidPotion"},{"floor":11,"key":"Weak Potion"}],"is_trial":false,"path_per_floor":["M","?","M","T","?","R","M","?","T","?","M","T","R","$","R","B",null,"M","?","?","$","M","R","E","M","T","T","R","M","T","M","R","B",null,"M","?","$","?","?","R","$","R","T","M","M","M","?","M","R","B"],"character_chosen":"NECROMANCER","items_purchased":["Detonate_Bones","Acid_Javelin","Bone_Armor","Bone_Bullets","Bone_Armory","Summon_Undead_Army","Incense Burner","Life_Tap","Negative_Energy_Sphere","Bone_Shift","Finger_Of_Death"],"campfire_rested":5,"item_purchase_floors":[14,14,21,21,21,37,37,37,37,37,37],"current_hp_per_floor":[79,79,79,89,71,71,75,57,57,57,56,56,56,56,83,71,92,92,92,73,73,64,91,79,54,54,54,81,84,84,78,78,8,92,76,64,64,68,68,99,99,99,99,80,67,43,43,35,66,0,0],"gold":15,"neow_bonus":"TEN_PERCENT_HP_BONUS","is_daily":false,"chose_seed":false,"campfire_upgraded":4,"win_rate":0.0,"timestamp":1609838333,"path_taken":["M","?","M","?","?","R","M","?","T","?","M","?","R","$","R","BOSS","M","?","?","$","?","R","E","M","T","?","R","M","?","M","R","BOSS","M","?","$","?","?","R","?","R","T","?","?","M","?","M","R","BOSS"],"items_purchased_type":["Card","Card","Card","Card","Card","Card","Relic","Card","Card","Card","Card"],"build_version":"2020-12-22","purchased_purges":0,"victory":false,"max_hp_per_floor":[82,82,82,92,92,92,92,92,92,92,92,92,92,92,92,92,92,92,92,92,92,92,92,92,92,92,92,92,92,92,92,92,92,92,92,92,92,106,106,106,106,106,106,106,106,106,106,106,106,106,106],"card_choices":[{"not_picked":["Blood_Shield","Death_Coil"],"picked":"Summon_Undead_Army","floor":1},{"not_picked":["Acid_Javelin","Death_March_Dance"],"picked":"Negative_Energy_Sphere","floor":3},{"not_picked":["Negative_Energy_Mist","Bone_Shift"],"picked":"Bone_Prison","floor":7},{"not_picked":["Death_March_Dance","Vampiric_Strike"],"picked":"Bone_Bullets","floor":11},{"not_picked":["Blood_Magic","Hellfire"],"picked":"Summon_Vampire_Lady","floor":16},{"not_picked":["Whirlwind_of_Bones","Stop_Heart"],"picked":"Negative_Energy_Sphere+1","floor":18},{"not_picked":["Death_March_Dance+1","Negative_Energy_Shield"],"picked":"Bone_Bullets","floor":22},{"not_picked":["Life_Tap","Pandemic+1"],"picked":"Bone_Bullets","floor":24},{"not_picked":["Chill_Blood","Negative_Energy_Shield+1"],"picked":"Bone_Prison+1","floor":25},{"not_picked":["Blood_Is_Power","Death_March_Dance+1"],"picked":"Negative_Energy_Sphere","floor":29},{"not_picked":["Flesh_Made_Foul","Consume_Illness+1"],"picked":"Death_Coil+1","floor":31},{"not_picked":["Summon_Death_Knight","Negative_Energy_Bomb"],"picked":"Skeleton_Dragon","floor":33},{"not_picked":["Whirlwind_of_Bones","Death_March_Dance"],"picked":"Bone_Bullets+1","floor":35},{"not_picked":["Shade_Step","Bone_Spikes"],"picked":"Bone_Armor","floor":38},{"not_picked":["Thousand_Bone_Knives+1","Violent_Necrosis+1"],"picked":"Spectral_Armor","floor":44},{"not_picked":["Deaths_Shadow+1","Blood_Whip+1"],"picked":"Toxic_Smoke_Screen","floor":45},{"not_picked":["Violent_Necrosis+1","Scare+1"],"picked":"Negative_Energy_Mist+1","floor":46},{"not_picked":["Reap_The_Weak","Epidemic"],"picked":"Finger_Of_Death+1","floor":48}],"player_experience":56164,"relics_obtained":[{"floor":4,"key":"Pear"},{"floor":9,"key":"Pen Nib"},{"floor":12,"key":"Smiling Mask"},{"floor":26,"key":"Old Coin"},{"floor":27,"key":"Omamori"},{"floor":30,"key":"Nunchaku"},{"floor":38,"key":"Mango"},{"floor":43,"key":"Pantograph"}],"event_choices":[{"damage_healed":0,"gold_gain":0,"player_choice":"Leave","damage_taken":0,"max_hp_gain":0,"max_hp_loss":0,"event_name":"The Cleric","floor":2,"gold_loss":0},{"damage_healed":0,"gold_gain":0,"player_choice":"Entered Light","damage_taken":18,"max_hp_gain":0,"max_hp_loss":0,"event_name":"Shining Light","floor":5,"gold_loss":0,"cards_upgraded":["Bone_Wall","Defend_W"]},{"damage_healed":0,"gold_gain":0,"player_choice":"Success","damage_taken":18,"relics_obtained":["PreservedInsect"],"max_hp_gain":0,"max_hp_loss":0,"event_name":"Scrap Ooze","floor":8,"gold_loss":0},{"damage_healed":0,"gold_gain":0,"player_choice":"Ignored","damage_taken":0,"max_hp_gain":0,"max_hp_loss":0,"event_name":"Golden Idol","floor":10,"gold_loss":0},{"damage_healed":0,"gold_gain":0,"player_choice":"CARD CARD ","damage_taken":19,"max_hp_gain":0,"max_hp_loss":0,"event_name":"Knowing Skull","floor":20,"potions_obtained":[],"gold_loss":0,"cards_obtained":["Dramatic Entrance","Bandage Up"]},{"damage_healed":0,"gold_gain":0,"player_choice":"Embrace Madness","damage_taken":12,"max_hp_gain":0,"max_hp_loss":0,"event_name":"Winding Halls","floor":36,"gold_loss":0,"cards_obtained":["Madness","Madness"]},{"damage_healed":0,"gold_gain":0,"player_choice":"Fight","damage_taken":0,"max_hp_gain":0,"max_hp_loss":0,"event_name":"MindBloom","floor":38,"gold_loss":0},{"cards_removed":["Madness"],"damage_healed":0,"gold_gain":0,"player_choice":"Removed Skill","damage_taken":0,"max_hp_gain":0,"max_hp_loss":0,"event_name":"Falling","floor":39,"gold_loss":0},{"damage_healed":0,"gold_gain":0,"player_choice":"Paid","damage_taken":0,"relics_obtained":["Red Mask"],"max_hp_gain":0,"max_hp_loss":0,"event_name":"Tomb of Lord Red Mask","floor":47,"gold_loss":109}],"is_beta":false,"boss_relics":[{"not_picked":["Calling Bell","Cursed Key"],"picked":"Sozu"},{"not_picked":["Snecko Eye","Busted Crown"],"picked":"SlaversCollar"}],"items_purged_floors":[],"is_endless":false,"potions_floor_spawned":[1,11,18,25,29,33,45,46],"killed_by":"Time Eater","ascension_level":0}}