{"host":"rylkjufw9dlhr07b","time":1609869840,"event":{"mods":["AchievementEnabler","BaseMod","Better Note","BetterRewards","Hubris","Minty Spire (QoL Compilation)","Quick Restart","Replay The Spire","StSLib"],"gold_per_floor":[117,117,129,49,49,60,60,60,88,107,107,107,124,124,124,140,140,242,242,227,227,227],"floor_reached":21,"playtime":686,"items_purged":[],"score":277,"play_id":"ceaa9634-2fd5-4381-9fdd-9ec8c947dc56","local_time":"20210105190400","is_ascension_mode":true,"campfire_choices":[{"floor":12,"key":"REST"},{"floor":15,"key":"REST"},{"floor":17,"key":"REST"}],"circlet_count":0,"master_deck":["AscendersBane","Strike_B+1","Strike_B","Strike_B","Strike_B","Defend_B","Defend_B","Defend_B","Defend_B+1","Zap","Dualcast","Redo+1","Stack","Armaments+1","Storm","Defragment","Streamline","Redo","Buffer","Redo","Storm","Capacitor","Echo Form","CurseOfTheBell","Genetic Algorithm+1"],"relics":["Cracked Core","Simple Rune","Regal Pillow","Question Card","Calling Bell","Omamori","Sundial","Lizard Tail"],"acts_visited":["Exordium","TheCity"],"potions_floor_usage":[9,18],"damage_taken":[{"damage":7,"enemies":"Jaw Worm","floor":1,"turns":4},{"damage":0,"enemies":"Cultist","floor":3,"turns":3},{"damage":10,"enemies":"Small Slimes","floor":6,"turns":4},{"damage":28,"enemies":"Lagavulin","floor":9,"turns":5},{"damage":17,"enemies":"3 Louse","floor":10,"turns":3},{"damage":42,"enemies":"Gremlin Gang","floor":13,"turns":5},{"damage":18,"enemies":"Large Slime","floor":16,"turns":3},{"damage":25,"enemies":"Slime Boss","floor":18,"turns":7},{"damage":33,"enemies":"2 Thieves","floor":20,"turns":4},{"damage":69,"enemies":"3 Byrds","floor":21,"turns":5}],"seed_played":"-7524238217955665008","potions_obtained":[{"floor":3,"key":"PowerPotion"},{"floor":6,"key":"SpeedPotion"},{"floor":10,"key":"FocusPotion"}],"is_trial":false,"path_per_floor":["M","?","M","$","?","M","PTL","PTL","E","M","T","R","M","?","R","M","R","B",null,"M","M"],"character_chosen":"DEFECT","items_purchased":["Redo+1","Defragment","Streamline"],"campfire_rested":3,"item_purchase_floors":[0,4,4],"current_hp_per_floor":[61,61,61,61,61,51,51,51,23,6,6,43,1,1,38,20,57,32,64,31,0,0],"gold":227,"neow_bonus":"","is_daily":false,"chose_seed":false,"campfire_upgraded":0,"win_rate":0.0,"timestamp":1609869840,"path_taken":["M","?","?","$","?","M","PTL","PTL","E","M","T","R","M","?","R","?","R","BOSS","M","M"],"items_purchased_type":["Card","Card","Card"],"build_version":"2020-12-22","purchased_purges":0,"victory":false,"max_hp_per_floor":[75,75,75,75,75,75,75,75,75,75,75,75,75,75,75,75,75,75,75,75,75,75],"card_choices":[{"not_picked":["BasicCrystalCard","Cold Snap"],"picked":"Stack","floor":1},{"not_picked":["ReplaySort","Aggregate"],"picked":"Storm","floor":3},{"not_picked":["Turbo","Double Energy"],"picked":"Redo","floor":6},{"not_picked":["Rebound","Compile Driver"],"picked":"Buffer","floor":9},{"not_picked":["Scrape","Beam Cell"],"picked":"Redo","floor":10},{"not_picked":["ReplaySort","Go for the Eyes"],"picked":"Storm","floor":13},{"not_picked":["Darkness","FIFO Queue","Rebound"],"picked":"Capacitor","floor":16},{"not_picked":["hubris:SpecializedCircuitry","hubris:Prefetch","Rainbow"],"picked":"Echo Form","floor":18},{"not_picked":["Compile Driver","Skim+1","ReplaySolidLightProjector"],"picked":"Genetic Algorithm+1","floor":20}],"player_experience":518398,"relics_obtained":[{"floor":9,"key":"Simple Rune"},{"floor":11,"key":"Regal Pillow"},{"floor":19,"key":"Omamori"},{"floor":19,"key":"Sundial"},{"floor":19,"key":"Lizard Tail"}],"event_choices":[{"cards_removed":["Redo"],"damage_healed":0,"gold_gain":0,"player_choice":"Take \u0026 Give","damage_taken":0,"max_hp_gain":0,"max_hp_loss":0,"event_name":"betterNote:BetterNote","floor":2,"gold_loss":0,"cards_obtained":["Armaments"]},{"damage_healed":0,"gold_gain":0,"player_choice":"Leave","damage_taken":0,"max_hp_gain":0,"max_hp_loss":0,"event_name":"The Cleric","floor":5,"gold_loss":0},{"damage_healed":0,"gold_gain":0,"player_choice":"Gave Potion","damage_taken":0,"relics_obtained":["Question Card"],"max_hp_gain":0,"max_hp_loss":0,"event_name":"WeMeetAgain","floor":14,"gold_loss":0}],"is_beta":false,"boss_relics":[{"not_picked":["Ectoplasm","hubris:HollowSoul"],"picked":"Calling Bell"}],"items_purged_floors":[],"is_endless":false,"potions_floor_spawned":[3,6,10],"killed_by":"3 Byrds","ascension_level":11}}