{"host":"dmdprxj8bosbz96f","time":1609881264,"event":{"mods":["AchievementEnabler","BaseMod","Colored Map","DeckTracker","Minty Spire (QoL Compilation)","Quick Restart","SuperFastMode","everything is the same but u backflip on backflip"],"gold_per_floor":[99,99,99,99,69,19,19,19,19,19,19,19,19,19,19,19,19,0,0,0,0,0,0,0,0,0,0,0,0,0,0,0,0,0,0,0,0,0,0,0,0,0],"floor_reached":41,"playtime":1102,"items_purged":[],"score":520,"play_id":"5418c2fb-39bd-4c8b-a8bb-46b8c1cccaea","local_time":"20210106061424","is_ascension_mode":true,"campfire_choices":[{"data":"Perfected Strike","floor":11.0,"key":"SMITH"},{"floor":13.0,"key":"REST"},{"data":"Pommel Strike","floor":15.0,"key":"SMITH"},{"data":"Perfected Strike","floor":23.0,"key":"SMITH"},{"data":"Double Tap","floor":25.0,"key":"SMITH"},{"data":"Impervious","floor":28.0,"key":"SMITH"},{"floor":32.0,"key":"REST"},{"data":"Normality","floor":40.0,"key":"PURGE"}],"circlet_count":0,"master_deck":["Strike_R","Strike_R","Strike_R","Strike_R","Strike_R","Defend_R","Bash","Pommel Strike+1","Impervious+1","Perfected Strike+1","Double Tap+1","Seeing Red+1","Perfected Strike+1","Headbutt","Parasite","Anger","Burning Pact","Seeing Red","Offering","Pommel Strike","Bloodletting","Normality"],"relics":["Ectoplasm","Bird Faced Urn","Akabeko","SlaversCollar","Blood Vial","Magic Flower","Potion Belt","Runic Cube","Peace Pipe"],"acts_visited":["Exordium","TheCity","TheBeyond"],"potions_floor_usage":[],"damage_taken":[{"damage":6.0,"enemies":"2 Louse","floor":1.0,"turns":2.0},{"damage":0.0,"enemies":"Small Slimes","floor":3.0,"turns":3.0},{"damage":0.0,"enemies":"Cultist","floor":4.0,"turns":3.0},{"damage":6.0,"enemies":"Looter","floor":5.0,"turns":3.0},{"damage":26.0,"enemies":"3 Sentries","floor":7.0,"turns":10.0},{"damage":13.0,"enemies":"Blue Slaver","floor":8.0,"turns":2.0},{"damage":0.0,"enemies":"Large Slime","floor":14.0,"turns":2.0},{"damage":36.0,"enemies":"Slime Boss","floor":16.0,"turns":7.0},{"damage":11.0,"enemies":"2 Thieves","floor":18.0,"turns":3.0},{"damage":19.0,"enemies":"3 Byrds","floor":21.0,"turns":4.0},{"damage":0.0,"enemies":"Gremlin Leader","floor":24.0,"turns":5.0},{"damage":9.0,"enemies":"Slavers","floor":29.0,"turns":3.0},{"damage":0.0,"enemies":"Centurion and Healer","floor":30.0,"turns":3.0},{"damage":27.0,"enemies":"Champ","floor":33.0,"turns":6.0},{"damage":17.0,"enemies":"Orb Walker","floor":35.0,"turns":3.0},{"damage":37.0,"enemies":"2 Orb Walkers","floor":37.0,"turns":4.0},{"damage":22.0,"enemies":"3 Darklings","floor":38.0,"turns":2.0},{"damage":3,"enemies":"Jaw Worm Horde","floor":41,"turns":2}],"seed_played":"-644553057933154583","potions_obtained":[{"floor":5.0,"key":"EssenceOfSteel"},{"floor":7.0,"key":"CultistPotion"},{"floor":8.0,"key":"DuplicationPotion"},{"floor":14.0,"key":"FearPotion"},{"floor":18.0,"key":"FearPotion"},{"floor":30.0,"key":"Energy Potion"},{"floor":33.0,"key":"SteroidPotion"},{"floor":38.0,"key":"Ancient Potion"}],"is_trial":false,"path_per_floor":["M","?","M","M","M","?","E","M","T","?","R","$","R","M","R","B",null,"M","?","?","M","?","R","E","R","T","?","R","E","M","$","R","B",null,"M","?","?","M","?","R","M"],"character_chosen":"IRONCLAD","items_purchased":[],"campfire_rested":2,"item_purchase_floors":[],"current_hp_per_floor":[74,74,74,74,68,68,42,29,29,29,29,29,53,53,53,17,80,69,69,69,50,50,50,50,50,50,50,50,44,47,47,71,47,80,63,63,29,10,10,10,10,10],"gold":0,"neow_bonus":"BOSS_RELIC","is_daily":false,"chose_seed":false,"campfire_upgraded":5,"win_rate":0.0,"timestamp":1609881264,"path_taken":["M","?","M","M","M","?","E","M","T","?","R","$","R","M","R","BOSS","M","?","?","?","?","R","E","R","T","?","R","E","M","?","R","BOSS","M","?","?","M","?","R","M"],"items_purchased_type":[],"build_version":"2020-12-22","purchased_purges":0,"victory":false,"max_hp_per_floor":[80,80,80,80,80,80,80,80,80,80,80,80,80,80,80,80,80,80,80,80,80,80,80,80,80,80,80,80,80,80,80,80,80,80,80,76,76,76,76,76,76,76],"card_choices":[{"not_picked":["Anger","Heavy Blade","Havoc"],"picked":"SKIP","floor":1.0},{"not_picked":["Clothesline","Twin Strike"],"picked":"Pommel Strike","floor":3.0},{"not_picked":["Searing Blow","Thunderclap"],"picked":"Impervious","floor":4.0},{"not_picked":["Thunderclap","Sword Boomerang","Heavy Blade"],"picked":"SKIP","floor":5.0},{"not_picked":["Pommel Strike","Flex"],"picked":"Perfected Strike","floor":7.0},{"not_picked":["Heavy Blade","Reckless Charge","Whirlwind"],"picked":"SKIP","floor":8.0},{"not_picked":["True Grit","Anger","Rampage"],"picked":"SKIP","floor":14.0},{"not_picked":["Reaper","Impervious"],"picked":"Double Tap","floor":16.0},{"not_picked":["Shrug It Off","Heavy Blade"],"picked":"Seeing Red+1","floor":18.0},{"not_picked":["Clothesline","Thunderclap","Dark Embrace+1"],"picked":"SKIP","floor":21.0},{"not_picked":["Clothesline","Flex+1"],"picked":"Headbutt","floor":24.0},{"not_picked":["Juggernaut","True Grit"],"picked":"Burning Pact","floor":29.0},{"not_picked":["Anger+1","Cleave"],"picked":"Seeing Red","floor":30.0},{"not_picked":["Exhume","Demon Form"],"picked":"Offering","floor":33.0},{"not_picked":["Flex+1","Wild Strike+1"],"picked":"Pommel Strike","floor":35.0},{"not_picked":["Burning Pact","Blood for Blood"],"picked":"Bloodletting","floor":38.0}],"player_experience":143477,"relics_obtained":[{"floor":7.0,"key":"Bird Faced Urn"},{"floor":9.0,"key":"Akabeko"},{"floor":24.0,"key":"Blood Vial"},{"floor":26.0,"key":"Magic Flower"},{"floor":29.0,"key":"Potion Belt"},{"floor":37.0,"key":"Peace Pipe"}],"event_choices":[{"damage_healed":0.0,"max_hp_gain":0.0,"max_hp_loss":0.0,"gold_gain":175.0,"event_name":"Liars Game","player_choice":"AGREE","floor":2.0,"gold_loss":0.0,"damage_taken":0.0,"cards_obtained":["Doubt"]},{"cards_removed":["Defend_R"],"damage_healed":0.0,"max_hp_gain":0.0,"max_hp_loss":0.0,"gold_gain":0.0,"event_name":"The Cleric","player_choice":"Card Removal","floor":6.0,"gold_loss":50.0,"damage_taken":0.0},{"cards_removed":["Defend_R"],"damage_healed":0.0,"max_hp_gain":0.0,"max_hp_loss":0.0,"gold_gain":0.0,"event_name":"Living Wall","player_choice":"Forget","floor":10.0,"gold_loss":0.0,"damage_taken":0.0},{"damage_healed":0.0,"max_hp_gain":0.0,"max_hp_loss":0.0,"gold_gain":0.0,"event_name":"The Library","player_choice":"Read","floor":19.0,"gold_loss":0.0,"damage_taken":0.0,"cards_obtained":["Perfected Strike"]},{"damage_healed":0.0,"max_hp_gain":0.0,"max_hp_loss":0.0,"gold_gain":100.0,"event_name":"Golden Shrine","player_choice":"Pray","floor":20.0,"gold_loss":0.0,"damage_taken":0.0},{"damage_healed":0.0,"max_hp_gain":0.0,"max_hp_loss":0.0,"gold_gain":0.0,"event_name":"Vampires","player_choice":"Ignored","floor":22.0,"gold_loss":0.0,"damage_taken":0.0},{"damage_healed":0.0,"max_hp_gain":0.0,"max_hp_loss":0.0,"gold_gain":0.0,"cards_transformed":["Doubt","Defend_R"],"event_name":"Drug Dealer","player_choice":"Became Test Subject","floor":27.0,"gold_loss":0.0,"damage_taken":0.0,"cards_obtained":["Parasite","Anger"]},{"damage_healed":0.0,"max_hp_gain":0.0,"max_hp_loss":4.0,"gold_gain":0.0,"event_name":"Winding Halls","player_choice":"Max HP","floor":36.0,"gold_loss":0.0,"damage_taken":0.0},{"damage_healed":0.0,"max_hp_gain":0.0,"max_hp_loss":0.0,"gold_gain":0.0,"event_name":"Mysterious Sphere","player_choice":"Fight","floor":37.0,"gold_loss":0.0,"damage_taken":0.0},{"damage_healed":0.0,"max_hp_gain":0.0,"max_hp_loss":0.0,"gold_gain":999.0,"event_name":"MindBloom","player_choice":"Gold","floor":39.0,"gold_loss":0.0,"damage_taken":0.0,"cards_obtained":["Normality","Normality"]}],"is_beta":false,"boss_relics":[{"not_picked":["Black Star","Mark of Pain"],"picked":"SlaversCollar"},{"not_picked":["Velvet Choker","Astrolabe"],"picked":"Runic Cube"}],"items_purged_floors":[],"is_endless":false,"potions_floor_spawned":[5,7,8,14,18,30,33,38],"killed_by":"Jaw Worm Horde","ascension_level":3}}