{"host":"cyiefo55v5hz1ih5","time":1609814690,"event":{"mods":["2.2 Compatiblity","AchievementEnabler","BaseMod","GifTheSpireLib","Hubris","Minty Spire (QoL Compilation)","Replay The Spire","Spicy Shops","StSLib","The Construct"],"gold_per_floor":[365,365,365,375,200,219,245,257,324,368,429,441,487,525,537,662,674,715,727,300,375,403,403,432,483,483,535,549,549],"floor_reached":28,"playtime":2772,"items_purged":["construct:Strike_Gold","construct:Defend_Gold","construct:Defend_Gold"],"score":306,"play_id":"502f88cf-91b7-4745-b7ec-868d9c916315","local_time":"20210104214450","is_ascension_mode":true,"campfire_choices":[{"data":"construct:GuardCore","floor":8,"key":"SMITH"},{"floor":12,"key":"REST"},{"floor":15,"key":"REST"},{"data":"construct:BatteryCore","floor":23,"key":"SMITH"}],"circlet_count":0,"master_deck":["construct:Strike_Gold","construct:Strike_Gold","construct:Strike_Gold","construct:Defend_Gold","construct:Defend_Gold","construct:Defend_Gold","construct:AttackMode+1","construct:DefenseMode+1","construct:SweepLaser","construct:GuardCore+1","construct:Electrocute","construct:QuickAttack","construct:ChargeShot","construct:OneWayMirror","construct:BatteryCore+1","AbeCurse","construct:PanicFire","construct:Failsafe"],"relics":["construct:Cogwheel","MawBank","Replay:Bandana","Vajra","Abe\u0027s Treasure","Tiny Chest","MealTicket","Art of War","Replay:WaspNest"],"acts_visited":["Exordium","TheCity"],"potions_floor_usage":[10,11,16,24,24,27],"damage_taken":[{"damage":0,"enemies":"2 Louse","floor":1,"turns":3},{"damage":0,"enemies":"Cultist","floor":4,"turns":3},{"damage":7,"enemies":"Jaw Worm","floor":6,"turns":3},{"damage":22,"enemies":"3 Sentries","floor":7,"turns":8},{"damage":4,"enemies":"Lots of Slimes","floor":10,"turns":6},{"damage":19,"enemies":"Lagavulin","floor":11,"turns":6},{"damage":2,"enemies":"2 Fungi Beasts","floor":13,"turns":3},{"damage":5,"enemies":"Exordium Thugs","floor":14,"turns":3},{"damage":11,"enemies":"The Guardian","floor":16,"turns":12},{"damage":7,"enemies":"Shell Parasite","floor":18,"turns":5},{"damage":14,"enemies":"3 Byrds","floor":22,"turns":5},{"damage":29,"enemies":"Sentry and Sphere","floor":24,"turns":6},{"damage":30,"enemies":"Gremlin Leader","floor":25,"turns":6},{"damage":25,"enemies":"Slavers","floor":27,"turns":5},{"damage":7,"enemies":"3 Cultists","floor":28,"turns":2}],"seed_played":"-7015954794606416170","potions_obtained":[{"floor":6,"key":"Adrenaline Potion"},{"floor":7,"key":"EssenceOfSteel"},{"floor":11,"key":"EssenceOfSteel"},{"floor":16,"key":"FairyPotion"},{"floor":18,"key":"Regen Potion"},{"floor":22,"key":"Swift Potion"},{"floor":25,"key":"EssenceOfSteel"}],"is_trial":false,"path_per_floor":["M","?","?","M","$","M","E","R","T","M","E","R","M","M","R","B",null,"M","?","$","?","M","R","M","E","T","E","M"],"character_chosen":"THE_CONSTRUCT_MOD","items_purchased":["construct:PanicFire","Tiny Chest"],"campfire_rested":2,"item_purchase_floors":[20,20],"current_hp_per_floor":[77,77,77,77,77,70,48,48,48,44,25,48,46,41,64,53,77,70,70,70,63,49,49,35,5,5,6,0,0],"gold":549,"neow_bonus":"TWO_FIFTY_GOLD","is_daily":false,"chose_seed":false,"campfire_upgraded":2,"win_rate":0.0,"timestamp":1609814690,"path_taken":["M","?","?","?","?","M","E","R","T","M","E","R","M","?","R","BOSS","M","?","?","?","?","R","M","E","T","E","M"],"items_purchased_type":["Card","Relic"],"build_version":"2020-12-22","purchased_purges":3,"victory":false,"max_hp_per_floor":[77,77,77,77,77,77,77,77,77,77,77,77,77,77,77,77,77,77,77,77,77,77,77,77,77,77,77,77,77],"card_choices":[{"not_picked":["construct:Tumble","construct:Boost"],"picked":"construct:SweepLaser","floor":1},{"not_picked":["construct:Anticipate","construct:CripplingShot"],"picked":"construct:GuardCore","floor":4},{"not_picked":["construct:ShiftGuard","construct:Analyze","construct:ShiftStrike"],"picked":"SKIP","floor":6},{"not_picked":["construct:SpinDrive","construct:SuppressiveFire"],"picked":"construct:Electrocute","floor":7},{"not_picked":["construct:Anticipate","construct:HeavyBolt"],"picked":"construct:QuickAttack","floor":10},{"not_picked":["construct:FlakBarrage","construct:Boost"],"picked":"construct:ChargeShot","floor":11},{"not_picked":["construct:Backfire","construct:SuppressiveFire"],"picked":"construct:OneWayMirror","floor":13},{"not_picked":["construct:Backfire","construct:FocusedBeam","construct:VentSteam"],"picked":"SKIP","floor":14},{"not_picked":["construct:ShieldGenerator","construct:ShiftingStance"],"picked":"construct:BatteryCore","floor":16},{"not_picked":["construct:ScrapCannon","construct:FocusedBeam","construct:GuardCore+1"],"picked":"SKIP","floor":18},{"not_picked":["construct:Backup+1","construct:Forcefield","construct:HeavyBolt"],"picked":"SKIP","floor":22},{"not_picked":["construct:VentSteam","construct:Stasis+1","construct:SaveState"],"picked":"SKIP","floor":24},{"not_picked":["construct:SweepLaser","construct:Electrocute","construct:SaveState"],"picked":"SKIP","floor":25},{"not_picked":["construct:Tumble","construct:SuppressiveFire"],"picked":"construct:Failsafe","floor":27}],"player_experience":590017,"relics_obtained":[{"floor":7,"key":"MawBank"},{"floor":9,"key":"Replay:Bandana"},{"floor":11,"key":"Vajra"},{"floor":25,"key":"MealTicket"},{"floor":26,"key":"Art of War"},{"floor":27,"key":"Replay:WaspNest"}],"event_choices":[{"damage_healed":0,"gold_gain":0,"player_choice":"Upgraded","damage_taken":0,"max_hp_gain":0,"max_hp_loss":0,"event_name":"Upgrade Shrine","floor":3,"gold_loss":0,"cards_upgraded":["construct:DefenseMode"]},{"cards_removed":["construct:Strike_Gold"],"damage_healed":0,"gold_gain":0,"player_choice":"Purged","damage_taken":0,"max_hp_gain":0,"max_hp_loss":0,"event_name":"Purifier","floor":19,"gold_loss":0},{"damage_healed":0,"gold_gain":75,"player_choice":"Touch","damage_taken":7,"max_hp_gain":0,"max_hp_loss":0,"event_name":"FaceTrader","floor":21,"gold_loss":0}],"is_beta":false,"boss_relics":[{"not_picked":["Empty Cage","Black Star"],"picked":"Abe\u0027s Treasure"}],"items_purged_floors":[5,5,20],"is_endless":false,"potions_floor_spawned":[6,7,11,16,18,22,25],"killed_by":"3 Cultists","ascension_level":1}}