{"host":"q4axc00jr2bozlh9","time":1609878689,"event":{"mods":["AchievementEnabler","BaseMod","Bestiary","Colored Map","Colored Powertips","Curses Come First","Minty Spire (QoL Compilation)","Relic Stats","StSLib","SuperFastMode"],"gold_per_floor":[112,128,128,145,320,347,347,363,363,438,470,490,142,162,162,261,261,281,281,28,28,46,80,80,91,142,142,142],"floor_reached":27,"playtime":1172,"items_purged":["Doubt","Writhe"],"score":243,"play_id":"07c9f093-effe-495e-b350-b1c49b9917c2","local_time":"20210105213129","is_ascension_mode":false,"campfire_choices":[{"data":"Carnage","floor":7,"key":"SMITH"},{"data":"Armaments","floor":15,"key":"SMITH"},{"data":"Strike_R","floor":24,"key":"PURGE"}],"circlet_count":0,"master_deck":["Strike_R","Defend_R","Defend_R","Defend_R","Defend_R","Bash","Carnage+1","Infernal Blade","Iron Wave","Spot Weakness","Flame Barrier","Intimidate","Armaments+1","Mayhem+1","Madness","Impervious","Clash+1","Bloodletting+1","Clash+1","Fire Breathing+1","Second Wind"],"relics":["Burning Blood","Oddly Smooth Stone","Regal Pillow","Frozen Egg 2","Unceasing Top","Juzu Bracelet","Astrolabe","Pantograph","Anchor","Peace Pipe","Bag of Preparation"],"acts_visited":["Exordium","TheCity"],"potions_floor_usage":[11,11,11,23,25],"damage_taken":[{"damage":0,"enemies":"Cultist","floor":1,"turns":3},{"damage":11,"enemies":"2 Louse","floor":2,"turns":3},{"damage":1,"enemies":"Small Slimes","floor":4,"turns":3},{"damage":21,"enemies":"3 Sentries","floor":6,"turns":9},{"damage":0,"enemies":"3 Louse","floor":8,"turns":4},{"damage":22,"enemies":"Lagavulin","floor":11,"turns":6},{"damage":1,"enemies":"Blue Slaver","floor":12,"turns":4},{"damage":7,"enemies":"Exordium Thugs","floor":14,"turns":3},{"damage":38,"enemies":"The Guardian","floor":16,"turns":8},{"damage":16,"enemies":"Shell Parasite","floor":18,"turns":5},{"damage":0,"enemies":"Chosen","floor":22,"turns":4},{"damage":45,"enemies":"Book of Stabbing","floor":23,"turns":6},{"damage":32,"enemies":"Centurion and Healer","floor":25,"turns":8},{"damage":11,"enemies":"Shelled Parasite and Fungi","floor":27,"turns":3}],"seed_played":"-6384459133452691497","potions_obtained":[{"floor":4,"key":"SkillPotion"},{"floor":6,"key":"Ancient Potion"},{"floor":8,"key":"DuplicationPotion"},{"floor":14,"key":"Fire Potion"},{"floor":23,"key":"DistilledChaos"}],"is_trial":false,"path_per_floor":["M","M","T","M","?","E","R","M","T","?","E","M","$","M","R","B",null,"M","?","$","?","M","E","R","M","T","M"],"character_chosen":"IRONCLAD","items_purchased":["Mayhem+1","Madness","Anchor"],"campfire_rested":0,"item_purchase_floors":[13,13,20],"current_hp_per_floor":[80,75,75,80,80,65,65,71,71,60,44,49,49,48,48,16,80,70,70,70,70,76,37,37,11,11,0,0],"gold":142,"neow_bonus":"RANDOM_COMMON_RELIC","is_daily":false,"chose_seed":false,"campfire_upgraded":2,"win_rate":0.0,"timestamp":1609878689,"path_taken":["M","?","?","M","?","E","R","M","T","?","E","M","$","M","R","BOSS","M","?","$","?","M","E","R","M","T","M"],"items_purchased_type":["Card","Card","Relic"],"build_version":"2020-12-22","purchased_purges":2,"victory":false,"max_hp_per_floor":[80,80,80,80,80,80,80,80,80,80,80,80,80,80,80,80,80,80,80,80,80,80,80,80,80,80,80,80],"relic_stats":{"Peace Pipe":1,"Regal Pillow":0,"counters":[14,69],"Astrolabe":["Clash","Bloodletting","Clash"],"Pantograph":0,"Juzu Bracelet":0,"Bag of Preparation":[2],"obtain_stats":[{"Peace Pipe":23,"Regal Pillow":3,"Anchor":20,"Astrolabe":17,"Pantograph":19,"Oddly Smooth Stone":0,"Juzu Bracelet":11,"Bag of Preparation":26,"Frozen Egg 2":6,"Burning Blood":0,"Unceasing Top":9},{"Peace Pipe":12,"Regal Pillow":2,"Anchor":10,"Astrolabe":9,"Pantograph":10,"Oddly Smooth Stone":0,"Juzu Bracelet":6,"Bag of Preparation":13,"Frozen Egg 2":4,"Burning Blood":0,"Unceasing Top":5},{"Peace Pipe":58,"Regal Pillow":6,"Anchor":48,"Astrolabe":43,"Pantograph":48,"Oddly Smooth Stone":0,"Juzu Bracelet":28,"Bag of Preparation":66,"Frozen Egg 2":18,"Burning Blood":0,"Unceasing Top":22}],"Burning Blood":72,"Unceasing Top":[7]},"card_choices":[{"not_picked":["Twin Strike","Body Slam"],"picked":"Carnage","floor":1},{"not_picked":["Wild Strike","Entrench"],"picked":"Infernal Blade","floor":2},{"not_picked":["Anger","Carnage"],"picked":"Iron Wave","floor":4},{"not_picked":["Twin Strike","Bludgeon"],"picked":"Spot Weakness","floor":6},{"not_picked":["Spot Weakness","Thunderclap"],"picked":"Flame Barrier","floor":8},{"not_picked":["Pummel","Battle Trance"],"picked":"Intimidate","floor":11},{"not_picked":["Thunderclap","Hemokinesis"],"picked":"Armaments","floor":12},{"not_picked":["Entrench","Second Wind","Whirlwind"],"picked":"SKIP","floor":14},{"not_picked":["Limit Break","Brutality+1"],"picked":"Impervious","floor":16},{"not_picked":["Shockwave","Power Through","Wild Strike+1"],"picked":"SKIP","floor":18},{"not_picked":["Reckless Charge","Flame Barrier","Dropkick"],"picked":"SKIP","floor":22},{"not_picked":["Headbutt","Thunderclap+1"],"picked":"Second Wind","floor":23},{"not_picked":["Pommel Strike","Reckless Charge","Thunderclap+1"],"picked":"SKIP","floor":25}],"player_experience":197264,"relics_obtained":[{"floor":3,"key":"Regal Pillow"},{"floor":6,"key":"Frozen Egg 2"},{"floor":9,"key":"Unceasing Top"},{"floor":11,"key":"Juzu Bracelet"},{"floor":23,"key":"Peace Pipe"},{"floor":26,"key":"Bag of Preparation"}],"event_choices":[{"damage_healed":0,"gold_gain":175,"player_choice":"AGREE","damage_taken":0,"max_hp_gain":0,"max_hp_loss":0,"event_name":"Liars Game","floor":5,"gold_loss":0,"cards_obtained":["Doubt"]},{"damage_healed":0,"gold_gain":75,"player_choice":"Gather Gold","damage_taken":11,"max_hp_gain":0,"max_hp_loss":0,"event_name":"World of Goop","floor":10,"gold_loss":0},{"damage_healed":0,"gold_gain":0,"player_choice":"Opened","damage_taken":0,"relics_obtained":["Pantograph"],"max_hp_gain":0,"max_hp_loss":0,"event_name":"The Mausoleum","floor":19,"gold_loss":0,"cards_obtained":["Writhe"]},{"damage_healed":0,"gold_gain":0,"player_choice":"Read","damage_taken":0,"max_hp_gain":0,"max_hp_loss":0,"event_name":"The Library","floor":21,"gold_loss":0,"cards_obtained":["Fire Breathing"]}],"is_beta":false,"boss_relics":[{"not_picked":["Mark of Pain","Tiny House"],"picked":"Astrolabe"}],"items_purged_floors":[13,20],"is_endless":false,"potions_floor_spawned":[4,6,8,14,23],"killed_by":"Shelled Parasite and Fungi","ascension_level":0}}