{"host":"tq6qmx9nj4kgfpqr","time":1609884925,"event":{"mods":["AchievementEnabler","Bard","BaseMod","Colored Map","Colored Powertips","Gremlin Skip","Minty Spire (QoL Compilation)","Quarter Circle Forward PUNCH!","Quick Restart","READ ME - Guardian Mod","Somnambulant","StSLib","The Bladedancer","The Construct","The Cursed","The Juggle","The Poker Player","The Sage","themimic"],"gold_per_floor":[114,114,84,98,169,169,204,204,231,257,257,35,51,51,51,146,146,166,183,183,283,297,328,346,376,403,438,438,438,438,106,106,202,202,218,230,36,36,61,96,146,146,169,169,194,21,38,69,69,69],"floor_reached":51,"playtime":5958,"items_purged":["Corruption"],"score":895,"play_id":"824a86f1-cdff-4a57-a6a2-58a3f4b9f84d","local_time":"20210105171525","daily_mods":["SealedDeck","Heirloom","Time Dilation","Flight"],"is_ascension_mode":false,"campfire_choices":[{"data":"White Noise","floor":6.0,"key":"SMITH"},{"data":"Recycle","floor":8.0,"key":"SMITH"},{"data":"Conserve Battery","floor":11.0,"key":"SMITH"},{"data":"Conserve Battery","floor":15.0,"key":"SMITH"},{"floor":29.0,"key":"REST"},{"data":"Loop","floor":30.0,"key":"SMITH"},{"data":"Slice","floor":32.0,"key":"SMITH"},{"data":"Madness","floor":44.0,"key":"SMITH"},{"floor":49.0,"key":"REST"}],"circlet_count":1,"master_deck":["Recycle+1","Tempest+1","Flying Knee","Flying Knee","White Noise+1","Slice+1","Conserve Battery+1","Conserve Battery+1","BootSequence+1","Predator","Loop+1","Malaise+1","Deflect+1","Tempest+1","Meteor Strike","DeceiveReality+1","Madness","Madness+1","Slice+1","sagemod:Fire_Brew+1"],"relics":["Burning Blood","Nunchaku","Ornamental Fan","The Courier","Anchor","Regal Pillow","Chemical X","sagemod:Falmels_Amulet","Art of War","Circlet","Dream Catcher","War Paint","DollysMirror","Bag of Preparation","Busted Crown","Lee\u0027s Waffle","Ancient Tea Set","Omamori","Gambling Chip","Happy Flower","Smiling Mask","Lantern","Boot"],"acts_visited":[],"potions_floor_usage":[50,50,50,50],"damage_taken":[{"damage":4.0,"enemies":"Jaw Worm","floor":1.0,"turns":4.0},{"damage":0.0,"enemies":"2 Louse","floor":4.0,"turns":2.0},{"damage":6.0,"enemies":"Gremlin Nob","floor":7.0,"turns":3.0},{"damage":6.0,"enemies":"3 Sentries","floor":10.0,"turns":5.0},{"damage":0.0,"enemies":"Cultist","floor":13.0,"turns":3.0},{"damage":0.0,"enemies":"Slime Boss","floor":16.0,"turns":7.0},{"damage":0.0,"enemies":"Spheric Guardian","floor":18.0,"turns":3.0},{"damage":1.0,"enemies":"3 Byrds","floor":19.0,"turns":4.0},{"damage":0.0,"enemies":"Snake Plant","floor":22.0,"turns":4.0},{"damage":32.0,"enemies":"Slavers","floor":23.0,"turns":5.0},{"damage":0.0,"enemies":"Centurion and Healer","floor":24.0,"turns":5.0},{"damage":0.0,"enemies":"Book of Stabbing","floor":25.0,"turns":5.0},{"damage":26.0,"enemies":"Slavers","floor":27.0,"turns":5.0},{"damage":18.0,"enemies":"Collector","floor":33.0,"turns":9.0},{"damage":0.0,"enemies":"Orb Walker","floor":35.0,"turns":3.0},{"damage":37.0,"enemies":"3 Darklings","floor":36.0,"turns":4.0},{"damage":37.0,"enemies":"Nemesis","floor":40.0,"turns":7.0},{"damage":12.0,"enemies":"Mind Bloom Boss Battle","floor":41.0,"turns":4.0},{"damage":7.0,"enemies":"Giant Head","floor":45.0,"turns":9.0},{"damage":0.0,"enemies":"Spire Growth","floor":47.0,"turns":3.0},{"damage":22.0,"enemies":"Reptomancer","floor":48.0,"turns":5.0},{"damage":0,"enemies":"Donu and Deca","floor":50,"turns":5}],"seed_played":"5297327091646880241","potions_obtained":[{"floor":1.0,"key":"SpeedPotion"},{"floor":3.0,"key":"SneckoOil"},{"floor":3.0,"key":"AttackPotion"},{"floor":7.0,"key":"Weak Potion"},{"floor":10.0,"key":"AttackPotion"},{"floor":13.0,"key":"Fire Potion"},{"floor":18.0,"key":"SteroidPotion"},{"floor":19.0,"key":"GamblersBrew"},{"floor":40.0,"key":"Ancient Potion"},{"floor":45.0,"key":"DistilledChaos"},{"floor":48.0,"key":"PowerPotion"}],"is_trial":true,"path_per_floor":["M","?","?","M","T","R","E","R","T","E","R","$","M","?","R","B",null,"M","M","?","?","M","E","M","E","T","E","?","R","R","$","R","B",null,"M","M","$","?","T","E","?","?","T","R","E","$","M","E","R","B",null],"character_chosen":"THE_MIMIC","items_purchased":["Chemical X","Loop","DollysMirror","Bag of Preparation","AttackPotion","Lee\u0027s Waffle","Swift Potion","Lantern"],"campfire_rested":2,"item_purchase_floors":[12,12,31,31,31,37,37,46],"current_hp_per_floor":[75,75,75,75,75,75,75,75,75,75,75,75,75,75,75,75,75,75,75,75,75,75,49,55,61,61,41,41,75,75,75,75,63,75,75,44,82,82,82,51,45,35,35,35,34,34,40,24,63,69],"gold":69,"neow_bonus":"","is_daily":false,"chose_seed":false,"campfire_upgraded":7,"win_rate":0.0,"timestamp":1609884925,"path_taken":["M","?","?","?","?","R","E","R","T","E","R","?","?","?","R","BOSS","M","?","?","?","?","E","?","E","T","E","?","R","R","$","R","BOSS","M","M","$","?","?","E","?","?","T","R","E","$","M","E","R","BOSS"],"items_purchased_type":["Relic","Card","Relic","Relic","Potion","Relic","Potion","Relic"],"build_version":"2020-12-22","purchased_purges":1,"victory":true,"max_hp_per_floor":[75,75,75,75,75,75,75,75,75,75,75,75,75,75,75,75,75,75,75,75,75,75,75,75,75,75,75,75,75,75,75,75,75,75,75,75,82,82,82,82,82,82,82,82,82,82,82,82,82,82],"card_choices":[{"not_picked":["Feel No Pain","Leap","Stack"],"picked":"SKIP","floor":1.0},{"not_picked":["Heel Hook","Poisoned Stab","Coolheaded"],"picked":"SKIP","floor":4.0},{"not_picked":["Berserk","Evolve"],"picked":"Predator","floor":7.0},{"not_picked":["Sword Boomerang","Anger","Pommel Strike"],"picked":"SKIP","floor":10.0},{"not_picked":["Terror","Twin Strike","Acrobatics"],"picked":"SKIP","floor":13.0},{"not_picked":["Hyperbeam","Corpse Explosion"],"picked":"Malaise","floor":16.0},{"not_picked":["Reflex+1","Blur"],"picked":"Ball Lightning+1","floor":18.0},{"not_picked":["Calculated Gamble","Feel No Pain+1","Doom and Gloom"],"picked":"SKIP","floor":19.0},{"not_picked":["Backflip","Feel No Pain","Beam Cell"],"picked":"SKIP","floor":22.0},{"not_picked":["Rip and Tear","Blade Dance"],"picked":"Deflect+1","floor":23.0},{"not_picked":["Distraction","Sunder","Gash"],"picked":"SKIP","floor":24.0},{"not_picked":["Sweeping Beam","Berserk","Inflame"],"picked":"SKIP","floor":25.0},{"not_picked":["PiercingWail+1","Combust","Barrage"],"picked":"SKIP","floor":27.0},{"not_picked":["Storm of Steel","Phantasmal Killer"],"picked":"Meteor Strike","floor":33.0},{"not_picked":["Doom and Gloom+1"],"picked":"SKIP","floor":35.0},{"not_picked":["Beam Cell+1"],"picked":"SKIP","floor":36.0},{"not_picked":["EmptyBody+1"],"picked":"SKIP","floor":40.0},{"not_picked":[],"picked":"DeceiveReality+1","floor":41.0},{"not_picked":["ThirdEye"],"picked":"SKIP","floor":45.0},{"not_picked":[],"picked":"Slice+1","floor":47.0},{"not_picked":["Underhanded Strike"],"picked":"SKIP","floor":48.0},{"not_picked":[],"picked":"sagemod:Fire_Brew+1","floor":49.0}],"player_experience":186129,"relics_obtained":[{"floor":5.0,"key":"Ornamental Fan"},{"floor":7.0,"key":"The Courier"},{"floor":9.0,"key":"Anchor"},{"floor":10.0,"key":"Regal Pillow"},{"floor":23.0,"key":"Art of War"},{"floor":25.0,"key":"theSenshi:SailorFukuRelic"},{"floor":26.0,"key":"Dream Catcher"},{"floor":27.0,"key":"War Paint"},{"floor":39.0,"key":"Ancient Tea Set"},{"floor":40.0,"key":"Omamori"},{"floor":41.0,"key":"Gambling Chip"},{"floor":43.0,"key":"Happy Flower"},{"floor":45.0,"key":"Smiling Mask"},{"floor":48.0,"key":"Boot"}],"event_choices":[{"damage_healed":0.0,"max_hp_gain":0.0,"max_hp_loss":0.0,"gold_gain":0.0,"event_name":"Golden Wing","player_choice":"Ignored","floor":2.0,"gold_loss":0.0,"damage_taken":0.0},{"damage_healed":0.0,"max_hp_gain":0.0,"max_hp_loss":0.0,"gold_gain":0.0,"event_name":"The Woman in Blue","player_choice":"Bought 2 Potions","floor":3.0,"gold_loss":0.0,"damage_taken":0.0},{"damage_healed":0.0,"max_hp_gain":0.0,"max_hp_loss":0.0,"gold_gain":0.0,"event_name":"Purifier","player_choice":"Ignored","floor":14.0,"gold_loss":0.0,"damage_taken":0.0},{"damage_healed":0.0,"max_hp_gain":0.0,"max_hp_loss":0.0,"gold_gain":0.0,"event_name":"Cursed Tome","player_choice":"Ignored","floor":20.0,"gold_loss":0.0,"damage_taken":0.0},{"damage_healed":0.0,"max_hp_gain":0.0,"max_hp_loss":0.0,"gold_gain":100.0,"event_name":"Golden Shrine","player_choice":"Pray","floor":21.0,"gold_loss":0.0,"damage_taken":0.0},{"damage_healed":0.0,"max_hp_gain":0.0,"max_hp_loss":0.0,"gold_gain":0.0,"event_name":"Upgrade Shrine","player_choice":"Upgraded","floor":28.0,"gold_loss":0.0,"damage_taken":0.0,"cards_upgraded":["Tempest"]},{"cards_removed":["Ball Lightning"],"damage_healed":0.0,"max_hp_gain":0.0,"max_hp_loss":0.0,"gold_gain":0.0,"event_name":"Falling","player_choice":"Removed Attack","floor":38.0,"gold_loss":0.0,"damage_taken":0.0},{"damage_healed":0.0,"max_hp_gain":0.0,"max_hp_loss":0.0,"gold_gain":0.0,"event_name":"MindBloom","player_choice":"Fight","floor":41.0,"gold_loss":0.0,"damage_taken":0.0},{"damage_healed":0.0,"max_hp_gain":0.0,"max_hp_loss":0.0,"gold_gain":0.0,"event_name":"Winding Halls","player_choice":"Embrace Madness","floor":42.0,"gold_loss":0.0,"damage_taken":10.0,"cards_obtained":["Madness","Madness"]}],"is_beta":false,"boss_relics":[{"not_picked":["Empty Cage","Velvet Choker"],"picked":"sagemod:Falmels_Amulet"},{"not_picked":["Lizard Tail","theSenshi:MoonKaleidoScopeRelic"],"picked":"Busted Crown"}],"items_purged_floors":[46],"is_endless":false,"potions_floor_spawned":[1,7,10,13,18,19,22,40,45,48],"ascension_level":0}}