{"host":"rolltorest","time":1609831966,"event":{"mods":["BaseMod","Minty Spire (QoL Compilation)","Relic Stats","Slay the Relics Exporter","StSLib","The Servant 0.9.4"],"gold_per_floor":[115,133,143,143,67,67,94,94,94,112,112,112,146,158,158,158,158],"floor_reached":16,"playtime":500,"items_purged":[],"score":220,"play_id":"47aabcd4-f7f5-4d87-bd2f-1b4ac977cb22","local_time":"20210104233246","is_ascension_mode":true,"campfire_choices":[{"data":"Moonlight","floor":6,"key":"SMITH"},{"data":"ShatteredReality","floor":8,"key":"SMITH"},{"data":"TheWorld","floor":12,"key":"SMITH"},{"floor":15,"key":"REST"}],"circlet_count":0,"master_deck":["AscendersBane","Strike_S","Strike_S","Defend_S","Defend_S","Defend_S","Defend_S","KidneyShot","Exchange","TheWorld+1","Alleviate","BottledTime","Moonlight+1","SilverBlades","ShatteredReality+1","ShatteredReality","KillingDoll","Read"],"relics":["Uniform","Blood Vial","Blue Candle","PreservedInsect"],"acts_visited":["Exordium"],"potions_floor_usage":[10,13,14],"damage_taken":[{"damage":3,"enemies":"Small Slimes","floor":1,"turns":4},{"damage":8,"enemies":"Cultist","floor":2,"turns":6},{"damage":0,"enemies":"2 Louse","floor":3,"turns":2},{"damage":15,"enemies":"3 Sentries","floor":7,"turns":9},{"damage":21,"enemies":"Exordium Thugs","floor":10,"turns":5},{"damage":10,"enemies":"Lagavulin","floor":13,"turns":5},{"damage":9,"enemies":"Lots of Slimes","floor":14,"turns":3},{"damage":7,"enemies":"Slime Boss","floor":16,"turns":7}],"seed_played":"-512197108620555963","potions_obtained":[{"floor":7,"key":"Regen Potion"},{"floor":10,"key":"DuplicationPotion"},{"floor":13,"key":"EssenceOfSteel"},{"floor":14,"key":"Ancient Potion"}],"is_trial":false,"path_per_floor":["M","M","M","?","$","R","E","R","T","M","?","R","E","M","R","B"],"character_chosen":"THE_SERVANT","items_purchased":["SilverBlades"],"campfire_rested":1,"item_purchase_floors":[5],"current_hp_per_floor":[51,43,43,43,43,43,28,28,28,23,23,23,15,8,26,21,21],"gold":158,"neow_bonus":"ONE_RANDOM_RARE_CARD","is_daily":false,"chose_seed":false,"campfire_upgraded":3,"win_rate":0.0,"timestamp":1609831966,"path_taken":["M","M","M","?","$","R","E","R","T","?","?","R","E","M","R","BOSS"],"items_purchased_type":["Card"],"build_version":"2020-12-18","purchased_purges":0,"victory":false,"max_hp_per_floor":[60,60,60,60,60,60,60,60,60,60,60,60,60,60,60,60,60],"relic_stats":{"Blood Vial":8,"counters":[8,41],"Blue Candle":[0],"PreservedInsect":0,"obtain_stats":[{"Blood Vial":7,"Blue Candle":9,"PreservedInsect":13,"Uniform":0},{"Blood Vial":4,"Blue Candle":4,"PreservedInsect":6,"Uniform":0},{"Blood Vial":21,"Blue Candle":21,"PreservedInsect":31,"Uniform":0}]},"card_choices":[{"not_picked":["TimeWarp","Revamp"],"picked":"Alleviate","floor":1},{"not_picked":["InstantArmor","Foresight"],"picked":"BottledTime","floor":2},{"not_picked":["TimeTheft","KillingDoll"],"picked":"Moonlight","floor":3},{"not_picked":["DoubleEdge","Orbit"],"picked":"ShatteredReality","floor":7},{"not_picked":["StarChef","Revamp"],"picked":"ShatteredReality","floor":10},{"not_picked":["MoonPhase","ShiftingGears","Collapse"],"picked":"SKIP","floor":13},{"not_picked":["BottledTime","Replace"],"picked":"Read","floor":14}],"player_experience":1917390,"relics_obtained":[{"floor":7,"key":"Blood Vial"},{"floor":9,"key":"Blue Candle"},{"floor":13,"key":"PreservedInsect"}],"event_choices":[{"cards_removed":["Strike_S"],"damage_healed":0,"gold_gain":0,"player_choice":"Offered Basic","damage_taken":0,"max_hp_gain":0,"max_hp_loss":0,"event_name":"Bonfire Elementals","floor":4,"gold_loss":0},{"damage_healed":0,"gold_gain":0,"cards_transformed":["Strike_S"],"player_choice":"Transformed","damage_taken":0,"max_hp_gain":0,"max_hp_loss":0,"event_name":"Transmorgrifier","floor":11,"gold_loss":0,"cards_obtained":["KillingDoll"]}],"is_beta":true,"boss_relics":[],"items_purged_floors":[],"is_endless":false,"potions_floor_spawned":[7,10,13,14],"killed_by":"Slime Boss","ascension_level":20}}