{"host":"7gewg82ormp6yt4e","time":1609855682,"event":{"mods":["BaseMod","Block Reminder","Colored Map","Colored Powertips","DeckTracker","Highlight Path","Minty Spire (QoL Compilation)","Relic Stats","StSLib","ojb\u0027s Info Mod"],"gold_per_floor":[109,126,126,141,53,53,81,81,161,175,175,175,193,220,232,317,329,358,370,382,405,435,447,374,386,398,27,27,27,27,63,63,63,63],"floor_reached":33,"playtime":1225,"items_purged":[],"score":556,"play_id":"8bbefe83-d1a6-43c2-84e9-7582ca58215a","local_time":"20210105230802","is_ascension_mode":true,"campfire_choices":[{"data":"Hyperbeam","floor":6,"key":"SMITH"},{"data":"Self Repair","floor":8,"key":"SMITH"},{"floor":11,"key":"REST"},{"data":"Reinforced Body","floor":15,"key":"SMITH"},{"data":"Hologram","floor":23,"key":"SMITH"},{"data":"Aggregate","floor":25,"key":"SMITH"},{"data":"Turbo","floor":28,"key":"SMITH"},{"data":"Zap","floor":30,"key":"SMITH"},{"floor":32,"key":"REST"}],"circlet_count":0,"master_deck":["AscendersBane","Strike_B","Strike_B","Defend_B","Defend_B+1","Defend_B+1","Zap+1","Dualcast","Hyperbeam+1","Sweeping Beam","Melter","Self Repair+1","Reinforced Body+1","Aggregate+1","Turbo+1","Core Surge+1","Ball Lightning+1","Echo Form","Heatsinks+1","Machine Learning+1","Turbo+1","FTL+1","Hologram+1","HandOfGreed+1","All For One+1","Gash+1"],"relics":["Cracked Core","War Paint","Molten Egg 2","MawBank","Astrolabe","Unceasing Top","Oddly Smooth Stone","Bronze Scales"],"acts_visited":["Exordium","TheCity"],"potions_floor_usage":[7,16],"damage_taken":[{"damage":1,"enemies":"Cultist","floor":1,"turns":3},{"damage":7,"enemies":"Jaw Worm","floor":2,"turns":4},{"damage":0,"enemies":"Small Slimes","floor":4,"turns":2},{"damage":32,"enemies":"Gremlin Nob","floor":7,"turns":4},{"damage":13,"enemies":"Blue Slaver","floor":10,"turns":3},{"damage":10,"enemies":"3 Louse","floor":13,"turns":4},{"damage":0,"enemies":"3 Sentries","floor":14,"turns":2},{"damage":37,"enemies":"Hexaghost","floor":16,"turns":12},{"damage":6,"enemies":"Chosen","floor":18,"turns":6},{"damage":32,"enemies":"2 Thieves","floor":21,"turns":4},{"damage":10,"enemies":"3 Cultists","floor":22,"turns":3},{"damage":33,"enemies":"Centurion and Healer","floor":31,"turns":5},{"damage":111,"enemies":"Champ","floor":33,"turns":10}],"seed_played":"8605317551646147526","potions_obtained":[{"floor":1,"key":"SteroidPotion"},{"floor":7,"key":"SkillPotion"},{"floor":16,"key":"Block Potion"},{"floor":21,"key":"FairyPotion"}],"is_trial":false,"path_per_floor":["M","M","?","M","$","R","E","R","T","M","R","?","M","E","R","B",null,"M","$","?","M","M","R","?","R","T","$","R","?","R","M","R","B"],"character_chosen":"DEFECT","items_purchased":["Reinforced Body","HandOfGreed+1","All For One+1"],"campfire_rested":2,"item_purchase_floors":[5,27,27],"current_hp_per_floor":[63,56,56,56,56,56,24,24,24,21,42,42,42,42,42,15,57,71,71,71,49,49,49,49,49,49,49,49,49,49,36,57,0,0],"gold":63,"neow_bonus":"ONE_RANDOM_RARE_CARD","is_daily":false,"chose_seed":false,"campfire_upgraded":7,"win_rate":0.0,"timestamp":1609855682,"path_taken":["M","?","?","M","$","R","E","R","T","M","R","?","M","E","R","BOSS","M","$","?","M","?","R","?","R","T","$","R","?","R","M","R","BOSS"],"items_purchased_type":["Card","Card","Card"],"build_version":"2020-12-22","purchased_purges":0,"victory":false,"max_hp_per_floor":[71,71,71,71,71,71,71,71,71,71,71,71,71,71,71,71,71,71,71,71,71,71,71,71,71,71,71,71,71,71,71,71,71,71],"relic_stats":{"counters":[13,62],"Astrolabe":["Heatsinks","Machine Learning","Turbo"],"Bronze Scales":[30],"War Paint":["Defend_B","Defend_B"],"MawBank":156,"obtain_stats":[{"Astrolabe":17,"Bronze Scales":26,"Oddly Smooth Stone":24,"Molten Egg 2":9,"War Paint":7,"Cracked Core":0,"MawBank":14,"Unceasing Top":20},{"Astrolabe":8,"Bronze Scales":11,"Oddly Smooth Stone":11,"Molten Egg 2":4,"War Paint":4,"Cracked Core":0,"MawBank":7,"Unceasing Top":9},{"Astrolabe":34,"Bronze Scales":47,"Oddly Smooth Stone":47,"Molten Egg 2":13,"War Paint":13,"Cracked Core":0,"MawBank":22,"Unceasing Top":40}],"Unceasing Top":[1]},"card_choices":[{"not_picked":["Beam Cell","Ball Lightning"],"picked":"Sweeping Beam","floor":1},{"not_picked":["Static Discharge","Beam Cell"],"picked":"Melter","floor":2},{"not_picked":["Auto Shields","Stack"],"picked":"Self Repair","floor":4},{"not_picked":["Blizzard","Capacitor"],"picked":"Aggregate","floor":7},{"not_picked":["Defragment","Storm"],"picked":"Turbo","floor":10},{"not_picked":["Steam","Doom and Gloom+1"],"picked":"Core Surge+1","floor":13},{"not_picked":["Coolheaded","Steam"],"picked":"Ball Lightning+1","floor":14},{"not_picked":["Thunder Strike+1","All For One+1"],"picked":"Echo Form","floor":16},{"not_picked":["Steam","Stack"],"picked":"FTL+1","floor":18},{"not_picked":["Consume","Leap"],"picked":"Hologram","floor":21},{"not_picked":["Steam","Hello World","Aggregate"],"picked":"SKIP","floor":22},{"not_picked":["Turbo","Cold Snap+1","Glacier"],"picked":"SKIP","floor":31}],"player_experience":2475338,"relics_obtained":[{"floor":7,"key":"War Paint"},{"floor":9,"key":"Molten Egg 2"},{"floor":14,"key":"MawBank"},{"floor":26,"key":"Bronze Scales"}],"event_choices":[{"damage_healed":0,"gold_gain":0,"player_choice":"Leave","damage_taken":0,"max_hp_gain":0,"max_hp_loss":0,"event_name":"The Cleric","floor":3,"gold_loss":0},{"damage_healed":0,"gold_gain":0,"player_choice":"Ignored","damage_taken":0,"max_hp_gain":0,"max_hp_loss":0,"event_name":"Liars Game","floor":12,"gold_loss":0},{"damage_healed":0,"gold_gain":0,"player_choice":"Gave Potion","damage_taken":0,"relics_obtained":["Unceasing Top"],"max_hp_gain":0,"max_hp_loss":0,"event_name":"WeMeetAgain","floor":20,"gold_loss":0},{"damage_healed":0,"gold_gain":0,"player_choice":"Obtained Relic","damage_taken":0,"relics_obtained":["Oddly Smooth Stone"],"max_hp_gain":0,"max_hp_loss":0,"event_name":"Addict","floor":24,"gold_loss":85},{"damage_healed":0,"gold_gain":0,"player_choice":"Read","damage_taken":0,"max_hp_gain":0,"max_hp_loss":0,"event_name":"The Library","floor":29,"gold_loss":0,"cards_obtained":["Gash"]}],"is_beta":false,"boss_relics":[{"not_picked":["Empty Cage","Calling Bell"],"picked":"Astrolabe"}],"items_purged_floors":[],"is_endless":false,"potions_floor_spawned":[1,7,16,21],"killed_by":"Champ","ascension_level":20}}