{"host":"uflv0e3ja7hvnij7","time":1609807764,"event":{"mods":["Aspiration","BaseMod","Better Altar","Better Match","Better Note","Better Sensory Stone","Better Skull","Better Third Choice","Conspire","Hubris","Minty Spire (QoL Compilation)","Permanent Neow","Replay The Spire","Shop Mod","StSLib"],"gold_per_floor":[16,191,202,220,240,240,323,323,346,365,365,396,133,147,147,249,249,249,249],"floor_reached":18,"playtime":2314,"items_purged":["Defend_P"],"score":265,"play_id":"ab4db5d6-b861-47ce-a68d-83c3bee2df98","local_time":"20210104194924","is_ascension_mode":true,"campfire_choices":[{"data":"Brilliance","floor":6.0,"key":"SMITH"},{"data":"Prostrate","floor":11.0,"key":"SMITH"},{"floor":15,"key":"DIG"}],"circlet_count":0,"master_deck":["Strike_P","Strike_P","Strike_P+1","Strike_P","Defend_P","Defend_P","Defend_P","Eruption+1","Vigilance","Brilliance+1","InnerPeace","Worship","Prostrate+1","ReachHeaven","LikeWater","DeusExMachina"],"relics":["PureWater","Whetstone","MealTicket","conspire:Dentures","Membership Card","Juzu Bracelet","hubris:Backtick","Damaru"],"acts_visited":["Exordium","TheCity"],"potions_floor_usage":[16],"damage_taken":[{"damage":0.0,"enemies":"Small Slimes","floor":1.0,"turns":3.0},{"damage":12.0,"enemies":"Jaw Worm","floor":3.0,"turns":3.0},{"damage":3.0,"enemies":"conspire:RoseBush","floor":4.0,"turns":3.0},{"damage":0.0,"enemies":"3 Louse","floor":5.0,"turns":2.0},{"damage":1.0,"enemies":"Exordium Thugs","floor":10.0,"turns":2.0},{"damage":4.0,"enemies":"Gremlin Nob","floor":12.0,"turns":3.0},{"damage":21,"enemies":"conspire:2 RoseBushes","floor":14,"turns":3},{"damage":0,"enemies":"Slime Boss","floor":16,"turns":4},{"damage":10,"enemies":"Shell Parasite","floor":18,"turns":3}],"seed_played":"4601155584455188232","potions_obtained":[{"floor":3.0,"key":"AttackPotion"},{"floor":4.0,"key":"Fire Potion"},{"floor":5.0,"key":"SteroidPotion"},{"floor":14,"key":"LiquidMemories"}],"is_trial":false,"path_per_floor":["M","?","M","M","M","R","?","?","T","M","R","E","$","M","R","B",null,"M"],"character_chosen":"WATCHER","items_purchased":["Membership Card","ReachHeaven","LikeWater"],"campfire_rested":0,"item_purchase_floors":[13,13,13],"current_hp_per_floor":[72,72,60,57,57,57,57,57,57,56,56,52,67,46,46,46,66,56,56],"gold":249,"neow_bonus":"THREE_RARE_CARDS","is_daily":false,"chose_seed":false,"campfire_upgraded":2,"win_rate":0.0,"timestamp":1609807764,"path_taken":["M","?","M","M","M","R","?","?","T","?","R","E","$","M","R","BOSS","M"],"items_purchased_type":["Relic","Card","Card"],"build_version":"2020-12-22","purchased_purges":1,"victory":false,"max_hp_per_floor":[72,72,72,72,72,72,72,72,72,72,72,72,72,72,72,72,72,72,72],"card_choices":[{"not_picked":["ConjureBlade","Establishment"],"picked":"Brilliance","floor":0.0},{"not_picked":["FlyingSleeves","EmptyFist","Replay:Battleflow"],"picked":"SKIP","floor":1.0},{"not_picked":["SashWhip","Sanctity"],"picked":"InnerPeace","floor":3.0},{"not_picked":["BowlingBash","CutThroughFate"],"picked":"Worship","floor":4.0},{"not_picked":["FlyingSleeves","EmptyFist","ClearTheMind"],"picked":"SKIP","floor":5.0},{"not_picked":["Replay:Battleflow","Perseverance"],"picked":"Prostrate","floor":7.0},{"not_picked":["SignatureMove","Judgement","Halt"],"picked":"SKIP","floor":10.0},{"not_picked":["Replay:BluntJabs","Halt","MasterReality"],"picked":"SKIP","floor":12.0},{"not_picked":["CrushJoints","Replay:Cycle","Conclude"],"picked":"SKIP","floor":14},{"not_picked":["Replay:LoomingThreat","DevaForm"],"picked":"DeusExMachina","floor":16}],"player_experience":486716,"relics_obtained":[{"floor":7.0,"key":"Whetstone"},{"floor":9.0,"key":"MealTicket"},{"floor":12.0,"key":"conspire:Dentures"},{"floor":15,"key":"Juzu Bracelet"}],"event_choices":[{"damage_healed":0.0,"max_hp_gain":0.0,"max_hp_loss":0.0,"gold_gain":175.0,"event_name":"betterThird:BetterSerpent","player_choice":"AGREE","floor":2.0,"gold_loss":0.0,"damage_taken":16.0},{"cards_removed":["Doubt"],"damage_healed":0.0,"max_hp_gain":0.0,"max_hp_loss":0.0,"gold_gain":0.0,"event_name":"Purifier","player_choice":"Purged","floor":8.0,"gold_loss":0.0,"damage_taken":0.0}],"is_beta":false,"boss_relics":[{"not_picked":["aspiration:PoetsPen_weak","aspiration:DefectSkillbook"],"picked":"hubris:Backtick"}],"items_purged_floors":[13],"is_endless":false,"potions_floor_spawned":[3,4,5,14],"killed_by":"Shell Parasite","ascension_level":5}}