{"host":"nukjzc0ca34w6eem","time":1609828874,"event":{"mods":["2.2 Compatiblity","AchievementEnabler","BaseMod","Colored Powertips","Minty Spire (QoL Compilation)","StSLib"],"gold_per_floor":[109,123,142,153,2,2,32,32,113,131,158,176,126,51,51,151,151,169,169,69,69,69,96,96,129,156,169,207,306,332,257,257,361,361,380,380,84,84,96,129,141,156,182,212,226,239,253,283,283,283,283,283,59,88,88],"floor_reached":56,"playtime":4291,"items_purged":["Defend_G","Defend_G","Strike_G","Defend_G"],"score":1494,"play_id":"935afa4e-05aa-4b39-b6b0-9b41baef276b","local_time":"20210104224114","is_ascension_mode":true,"campfire_choices":[{"data":"Deadly Poison","floor":6.0,"key":"SMITH"},{"data":"Catalyst","floor":8.0,"key":"SMITH"},{"data":"Catalyst","floor":15.0,"key":"SMITH"},{"floor":32.0,"key":"REST"},{"floor":49.0,"key":"RECALL"},{"data":"Adrenaline","floor":52.0,"key":"SMITH"}],"circlet_count":0,"master_deck":["Defend_G+1","Defend_G+1","Survivor","Neutralize+1","Deadly Poison+1","Catalyst+1","Catalyst+1","Quick Slash","Bane","Adrenaline+1","Corpse Explosion","Terror","Burst+1","Acrobatics+1","Poisoned Stab","Prepared+1","Calculated Gamble","Tactician+1","Caltrops"],"relics":["Ring of the Snake","PreservedInsect","Torii","War Paint","Busted Crown","Question Card","Akabeko","Strawberry","Omamori","SacredBark","Anchor","Blue Candle","Bronze Scales","Juzu Bracelet","Pen Nib","Orichalcum"],"acts_visited":["Exordium","TheCity","TheBeyond","TheEnding"],"potions_floor_usage":[55],"damage_taken":[{"damage":2.0,"enemies":"Cultist","floor":1.0,"turns":5.0},{"damage":4.0,"enemies":"2 Louse","floor":2.0,"turns":2.0},{"damage":0.0,"enemies":"Jaw Worm","floor":3.0,"turns":3.0},{"damage":1.0,"enemies":"Red Slaver","floor":4.0,"turns":4.0},{"damage":2.0,"enemies":"Lagavulin","floor":7.0,"turns":3.0},{"damage":1.0,"enemies":"Blue Slaver","floor":10.0,"turns":2.0},{"damage":8.0,"enemies":"3 Sentries","floor":11.0,"turns":5.0},{"damage":6.0,"enemies":"2 Fungi Beasts","floor":12.0,"turns":3.0},{"damage":2.0,"enemies":"Hexaghost","floor":16.0,"turns":4.0},{"damage":18.0,"enemies":"Spheric Guardian","floor":18.0,"turns":5.0},{"damage":0.0,"enemies":"Slavers","floor":23.0,"turns":1.0},{"damage":1.0,"enemies":"Gremlin Leader","floor":25.0,"turns":2.0},{"damage":12.0,"enemies":"3 Byrds","floor":27.0,"turns":3.0},{"damage":0.0,"enemies":"Sentry and Sphere","floor":28.0,"turns":3.0},{"damage":24.0,"enemies":"Book of Stabbing","floor":30.0,"turns":2.0},{"damage":30.0,"enemies":"Automaton","floor":33.0,"turns":8.0},{"damage":0.0,"enemies":"3 Shapes","floor":35.0,"turns":2.0},{"damage":0.0,"enemies":"3 Darklings","floor":39.0,"turns":1.0},{"damage":0.0,"enemies":"Nemesis","floor":40.0,"turns":1.0},{"damage":9.0,"enemies":"4 Shapes","floor":41.0,"turns":2.0},{"damage":0.0,"enemies":"Transient","floor":42.0,"turns":4.0},{"damage":1.0,"enemies":"Giant Head","floor":44.0,"turns":4.0},{"damage":0.0,"enemies":"Sphere and 2 Shapes","floor":45.0,"turns":2.0},{"damage":0.0,"enemies":"Spire Growth","floor":46.0,"turns":1.0},{"damage":1.0,"enemies":"Transient","floor":47.0,"turns":5.0},{"damage":8.0,"enemies":"Reptomancer","floor":48.0,"turns":2.0},{"damage":10.0,"enemies":"Donu and Deca","floor":50.0,"turns":2.0},{"damage":0,"enemies":"Shield and Spear","floor":54,"turns":1},{"damage":49,"enemies":"The Heart","floor":55,"turns":4}],"seed_played":"-1452053517491968682","potions_obtained":[{"floor":4.0,"key":"Dexterity Potion"},{"floor":7.0,"key":"PowerPotion"},{"floor":10.0,"key":"DuplicationPotion"},{"floor":11.0,"key":"Energy Potion"},{"floor":12.0,"key":"Poison Potion"},{"floor":23.0,"key":"ColorlessPotion"},{"floor":30.0,"key":"Fire Potion"},{"floor":33.0,"key":"SteroidPotion"},{"floor":35.0,"key":"ColorlessPotion"},{"floor":39.0,"key":"SmokeBomb"},{"floor":47.0,"key":"SteroidPotion"},{"floor":54,"key":"CultistPotion"}],"is_trial":false,"path_per_floor":["M","M","M","M","$","R","E","R","T","M","E","M","?","$","R","B",null,"M","?","$","?","$","E","?","E","T","M","M","?","E","?","R","B",null,"M","?","$","?","M","E","M","M","T","E","M","M","M","E","R","B",null,"R","$","E","B",null],"character_chosen":"THE_SILENT","items_purchased":["PreservedInsect","Anchor","Poisoned Stab","Caltrops"],"campfire_rested":1,"item_purchase_floors":[5,37,37,53],"current_hp_per_floor":[68,64,64,63,63,63,61,61,61,60,52,46,46,46,46,44,70,52,52,52,52,52,52,52,51,58,46,46,46,22,22,45,15,77,77,77,77,77,77,77,68,68,68,67,67,67,66,58,58,48,77,77,77,77,28],"gold":88,"neow_bonus":"UPGRADE_CARD","is_daily":false,"chose_seed":false,"campfire_upgraded":4,"win_rate":0.0,"timestamp":1609828874,"path_taken":["M","?","M","M","$","R","E","R","T","M","E","M","?","$","R","BOSS","M","?","$","?","$","E","?","E","T","M","?","?","E","?","R","BOSS","M","?","$","?","M","E","?","M","T","E","M","M","M","E","R","BOSS","R","$","E","BOSS"],"items_purchased_type":["Relic","Relic","Card","Card"],"build_version":"2020-12-22","purchased_purges":4,"victory":true,"max_hp_per_floor":[70,70,70,70,70,70,70,70,70,70,70,70,70,70,70,70,70,70,70,70,70,70,70,70,70,77,77,77,77,77,77,77,77,77,77,77,77,77,77,77,77,77,77,77,77,77,77,77,77,77,77,77,77,77,77],"card_choices":[{"not_picked":["Prepared","Outmaneuver"],"picked":"Deadly Poison","floor":1.0},{"not_picked":["Distraction","Well Laid Plans"],"picked":"Catalyst","floor":2.0},{"not_picked":["Blade Dance","Quick Slash"],"picked":"Catalyst","floor":3.0},{"not_picked":["Prepared","Concentrate"],"picked":"Quick Slash","floor":4.0},{"not_picked":["Poisoned Stab","Escape Plan"],"picked":"Bane","floor":7.0},{"not_picked":["Catalyst","Underhanded Strike","Slice"],"picked":"SKIP","floor":10.0},{"not_picked":["Cloak And Dagger","Unload"],"picked":"Adrenaline","floor":11.0},{"not_picked":["Leg Sweep","Dagger Spray","Tactician"],"picked":"SKIP","floor":12.0},{"not_picked":["Venomology","After Image"],"picked":"Corpse Explosion","floor":16.0},{"not_picked":["Dagger Throw"],"picked":"SKIP","floor":18.0},{"not_picked":["Flying Knee"],"picked":"SKIP","floor":23.0},{"not_picked":["Blade Dance","Acrobatics"],"picked":"SKIP","floor":25.0},{"not_picked":["Doppelganger","Sucker Punch"],"picked":"SKIP","floor":27.0},{"not_picked":["Acrobatics","Dagger Spray"],"picked":"SKIP","floor":28.0},{"not_picked":["Expertise","Deflect+1"],"picked":"SKIP","floor":30.0},{"not_picked":["Malaise"],"picked":"Burst","floor":33.0},{"not_picked":["Cloak And Dagger"],"picked":"Acrobatics+1","floor":35.0},{"not_picked":["Expertise+1","Flying Knee"],"picked":"SKIP","floor":39.0},{"not_picked":["Reflex","Terror+1"],"picked":"SKIP","floor":40.0},{"not_picked":["Catalyst","All Out Attack"],"picked":"SKIP","floor":41.0},{"not_picked":["Slice+1"],"picked":"Prepared+1","floor":42.0},{"not_picked":["Infinite Blades"],"picked":"Calculated Gamble","floor":44.0},{"not_picked":["Expertise+1","All Out Attack+1"],"picked":"SKIP","floor":45.0},{"not_picked":["Dagger Throw","Cloak And Dagger+1"],"picked":"SKIP","floor":46.0},{"not_picked":["Caltrops+1","Cloak And Dagger"],"picked":"SKIP","floor":47.0},{"not_picked":["Tactician+1","Prepared+1"],"picked":"SKIP","floor":48.0},{"not_picked":["Prepared+1"],"picked":"Tactician+1","floor":48.0},{"not_picked":["Poisoned Stab","Prepared+1"],"picked":"SKIP","floor":54}],"player_experience":243236,"relics_obtained":[{"floor":7.0,"key":"Torii"},{"floor":11.0,"key":"War Paint"},{"floor":23.0,"key":"Question Card"},{"floor":25.0,"key":"Akabeko"},{"floor":26.0,"key":"Strawberry"},{"floor":30.0,"key":"Omamori"},{"floor":40.0,"key":"Blue Candle"},{"floor":43.0,"key":"Bronze Scales"},{"floor":44.0,"key":"Juzu Bracelet"},{"floor":48.0,"key":"Pen Nib"},{"floor":54,"key":"Orichalcum"}],"event_choices":[{"cards_removed":["Strike_G"],"damage_healed":0.0,"max_hp_gain":0.0,"max_hp_loss":0.0,"gold_gain":0.0,"event_name":"The Cleric","player_choice":"Card Removal","floor":13.0,"gold_loss":50.0,"damage_taken":0.0},{"damage_healed":0.0,"max_hp_gain":0.0,"max_hp_loss":0.0,"gold_gain":0.0,"cards_transformed":["Strike_G","Strike_G"],"event_name":"Drug Dealer","player_choice":"Became Test Subject","floor":19.0,"gold_loss":0.0,"damage_taken":0.0,"cards_obtained":["After Image","Terror"]},{"damage_healed":0.0,"max_hp_gain":0.0,"max_hp_loss":0.0,"gold_gain":0.0,"event_name":"Vampires","player_choice":"Ignored","floor":21.0,"gold_loss":0.0,"damage_taken":0.0},{"damage_healed":0.0,"max_hp_gain":0.0,"max_hp_loss":0.0,"gold_gain":0.0,"event_name":"The Woman in Blue","player_choice":"Bought 0 Potions","floor":24.0,"gold_loss":0.0,"damage_taken":0.0},{"damage_healed":0.0,"max_hp_gain":0.0,"max_hp_loss":0.0,"gold_gain":99.0,"event_name":"Nest","player_choice":"Stole From Cult","floor":29.0,"gold_loss":0.0,"damage_taken":0.0},{"cards_removed":["Strike_G"],"damage_healed":0.0,"max_hp_gain":0.0,"max_hp_loss":0.0,"gold_gain":0.0,"event_name":"Beggar","player_choice":"Gave Gold","floor":31.0,"gold_loss":75.0,"damage_taken":0.0},{"cards_removed":["After Image"],"damage_healed":0.0,"max_hp_gain":0.0,"max_hp_loss":0.0,"gold_gain":0.0,"event_name":"Falling","player_choice":"Removed Power","floor":36.0,"gold_loss":0.0,"damage_taken":0.0},{"damage_healed":0.0,"max_hp_gain":0.0,"max_hp_loss":0.0,"gold_gain":0.0,"event_name":"Upgrade Shrine","player_choice":"Upgraded","floor":38.0,"gold_loss":0.0,"damage_taken":0.0,"cards_upgraded":["Burst"]}],"is_beta":false,"boss_relics":[{"not_picked":["Ring of the Serpent","WristBlade"],"picked":"Busted Crown"},{"not_picked":["HoveringKite","SlaversCollar"],"picked":"SacredBark"}],"items_purged_floors":[14,20,37,53],"is_endless":false,"potions_floor_spawned":[4,7,10,11,12,23,30,33,35,39,47,54],"ascension_level":3}}