{"host":"mi24dmma43d7mlws","time":1609811574,"event":{"mods":["2.2 Compatiblity","Astrologer","Bard","BaseMod","Beaked The Cultist","Bestiary","CatGirl Mod","Colored Map","Colored Powertips","Custom Start","Downfall","Fiend Mod","Fireblade Mod","Hermit","Highlight Path","JesterMod","Jorbs\u0027s Wanderer Trilogy","Mad Scientist","Magitek Elite","Minty Spire (QoL Compilation)","Potionbrewer","QueenMod","Quick Restart","Rare Cards Sparkle","Relic Stats","Shade Mod","Somnambulant","StSLib","Td1madao Mod","The Accelerator","The Blackbeard","The Bladedancer","The Bug Knight","The Clintock","The Construct","The Cursed","The Death Knight","The Disciple","The Elementalist","The Florist","The Forsaken","The Gatherer","The Hayseed","The Hierophant","The Judge","The Juggle","The Mystic","The Necromancer","The Problem Sleuth","The Runesmith","The Sage","The Senshi","The Servant 0.9.4","The Showman","The Spell Scribe","The Trickster","The Valiant","The Vixen","The Wild Card","TheArtist","TheBandit","TheFirefly","TheHeartMod","TheHero","TheLocksmith","everything is the same but u backflip on backflip","slay the spire mod where everything is the same but ironclad has a cowboy hat","thorton"],"gold_per_floor":[115,67,80,92,112,112,139,139,139,164,164,190,201,201,201,302,302,320,320,354,206,224,224,224,224],"floor_reached":23,"playtime":1273,"items_purged":["hexamod:Strike"],"score":219,"play_id":"807cfedc-9207-4991-9110-57056b68dc58","local_time":"20210105015254","is_ascension_mode":true,"campfire_choices":[{"data":"hexamod:FastForward","floor":6,"key":"SMITH"},{"data":"hexamod:CrushingStance","floor":8,"key":"SMITH"},{"data":"hexamod:Incineration","floor":11,"key":"SMITH"},{"data":"hexamod:FastForward","floor":15,"key":"SMITH"}],"circlet_count":0,"master_deck":["hexamod:Strike","hexamod:Strike","hexamod:Strike","hexamod:Defend","hexamod:Defend","hexamod:Defend","hexamod:Defend","hexamod:Sear","hexamod:Float","hexamod:StepThrough","hexamod:Hexaguard","hexamod:FastForward+1","hexamod:Incineration+1","hexamod:SpectersWail","hexamod:FlamesFromBeyond","hexamod:CrushingStance+1","hexamod:RainOfEmbers","hexamod:FastForward+1","hexamod:TimeOfNeed","hexamod:HeatShield","hexamod:PhantomCloak"],"relics":["hexamod:SpiritBrand","Shovel","Meat on the Bone","Huge Egg","hexamod:MatchstickCase","potionbrewer:BhaskarasWheel","Red Mask"],"acts_visited":["Exordium","TheCity"],"potions_floor_usage":[16],"damage_taken":[{"damage":0,"enemies":"Small Slimes","floor":1,"turns":3},{"damage":0,"enemies":"Jaw Worm","floor":3,"turns":3},{"damage":0,"enemies":"2 Louse","floor":4,"turns":2},{"damage":0,"enemies":"Looter","floor":5,"turns":3},{"damage":7,"enemies":"Lagavulin","floor":7,"turns":5},{"damage":8,"enemies":"Gremlin Nob","floor":10,"turns":3},{"damage":9,"enemies":"Lagavulin","floor":12,"turns":5},{"damage":4,"enemies":"Blue Slaver","floor":13,"turns":3},{"damage":3,"enemies":"Hexaghost","floor":16,"turns":9},{"damage":28,"enemies":"2 Thieves","floor":18,"turns":4},{"damage":18,"enemies":"Masked Bandits","floor":20,"turns":4},{"damage":0,"enemies":"Spheric Guardian","floor":22,"turns":3},{"damage":41,"enemies":"Gremlin Leader","floor":23,"turns":6}],"seed_played":"6822770623318724292","potions_obtained":[{"floor":4,"key":"Explosive Potion"},{"floor":7,"key":"BlessingOfTheForge"},{"floor":10,"key":"DeathKnight:RimePotion"},{"floor":16,"key":"potionbrewer:CleansingPotion"},{"floor":20,"key":"EssenceOfSteel"}],"is_trial":false,"path_per_floor":["M","$","M","M","M","R","E","R","T","E","R","E","M","?","R","B",null,"M","?","?","$","M","E"],"character_chosen":"THE_SPIRIT","items_purchased":["hexamod:FastForward","hexamod:PhantomCloak"],"campfire_rested":0,"item_purchase_floors":[2,21],"current_hp_per_floor":[70,70,70,70,70,70,63,63,63,55,55,46,42,47,47,44,75,47,47,41,41,41,0,0,0],"gold":224,"neow_bonus":"THREE_CARDS","is_daily":false,"chose_seed":false,"campfire_upgraded":4,"win_rate":0.0,"timestamp":1609811574,"path_taken":["M","$","M","M","M","R","E","R","T","E","R","E","M","?","R","BOSS","M","?","?","$","M","E"],"items_purchased_type":["Card","Card"],"build_version":"2020-12-22","purchased_purges":1,"victory":false,"max_hp_per_floor":[70,70,70,70,70,70,70,70,70,70,70,70,70,75,75,75,75,75,75,75,75,75,75,75,75],"relic_stats":{"Shovel":0,"counters":[13,53],"obtain_stats":[{"Shovel":7,"potionbrewer:BhaskarasWheel":17,"Red Mask":20,"hexamod:SpiritBrand":0,"Meat on the Bone":9,"Huge Egg":10,"hexamod:MatchstickCase":12},{"Shovel":5,"potionbrewer:BhaskarasWheel":9,"Red Mask":11,"hexamod:SpiritBrand":0,"Meat on the Bone":5,"Huge Egg":6,"hexamod:MatchstickCase":7},{"Shovel":16,"potionbrewer:BhaskarasWheel":36,"Red Mask":44,"hexamod:SpiritBrand":0,"Meat on the Bone":16,"Huge Egg":19,"hexamod:MatchstickCase":24}],"Meat on the Bone":12},"card_choices":[{"not_picked":["hexamod:GhostLash","hexamod:AdvancingGuard"],"picked":"hexamod:StepThrough","floor":0},{"not_picked":["hexamod:AdvancingGuard","hexamod:BacktrackSmack"],"picked":"hexamod:Hexaguard","floor":1},{"not_picked":["hexamod:SkipABeat","hexamod:SpectersWail"],"picked":"hexamod:Incineration","floor":3},{"not_picked":["hexamod:NightmareStrike","hexamod:SuperheatedStrike"],"picked":"hexamod:SpectersWail","floor":4},{"not_picked":["hexamod:Hexaguard","hexamod:SwordOfDarkness"],"picked":"hexamod:FlamesFromBeyond","floor":5},{"not_picked":["hexamod:Hexaguard","hexamod:SuperheatedStrike"],"picked":"hexamod:CrushingStance","floor":7},{"not_picked":["hexamod:GhostLash","hexamod:HauntingEcho"],"picked":"hexamod:RainOfEmbers","floor":10},{"not_picked":["hexamod:Firestarter","hexamod:BacktrackSmack"],"picked":"hexamod:FastForward","floor":12},{"not_picked":["hexamod:HeatShield","hexamod:ThermalTransfer","hexamod:BacktrackSmack"],"picked":"SKIP","floor":13},{"not_picked":["hexamod:UnlimitedPower","hexamod:SearingWound"],"picked":"hexamod:TimeOfNeed","floor":16},{"not_picked":["hexamod:SwordOfDarkness","hexamod:BacktrackSmack","hexamod:InspiringFlames"],"picked":"SKIP","floor":18},{"not_picked":["hexamod:BurningTouch","hexamod:RainOfEmbers+1"],"picked":"hexamod:HeatShield","floor":20},{"not_picked":["hexamod:SecondSeal","hexamod:RainOfEmbers+1","hexamod:HauntingEcho"],"picked":"SKIP","floor":22}],"player_experience":1057378,"relics_obtained":[{"floor":7,"key":"Shovel"},{"floor":9,"key":"Meat on the Bone"},{"floor":10,"key":"Huge Egg"},{"floor":12,"key":"hexamod:MatchstickCase"},{"floor":20,"key":"Red Mask"}],"event_choices":[{"damage_healed":0,"gold_gain":0,"player_choice":"Donut","damage_taken":0,"max_hp_gain":5,"max_hp_loss":0,"event_name":"Big Fish","floor":14,"gold_loss":0},{"damage_healed":0,"gold_gain":0,"player_choice":"Fought Bandits","damage_taken":0,"max_hp_gain":0,"max_hp_loss":0,"event_name":"Masked Bandits","floor":20,"gold_loss":0}],"is_beta":false,"boss_relics":[{"not_picked":["SlaversCollar","Empty Cage"],"picked":"potionbrewer:BhaskarasWheel"}],"items_purged_floors":[21],"is_endless":false,"potions_floor_spawned":[4,7,10,12,16,20],"killed_by":"Gremlin Leader","ascension_level":1}}