{"host":"0azimyi6n3ugndj4","time":1609808269,"event":{"mods":["2.2 Compatiblity","BaseMod","Bestiary","Conspire","Curses Come First","Defuse TimeMaze Blight","Hermit","Hubris","Hyrulean Relics","Infinite Spire","Jorbs\u0027s Wanderer Trilogy","Minty Spire (QoL Compilation)","Relic Stats","Replay The Spire","StSLib","SuperFastMode","The Cursed","The Hierophant","Uncapped","¡¼?Úª?ø«¡½REMEMod"],"gold_per_floor":[114,114,114,132,151,151,151],"floor_reached":6,"playtime":135,"items_purged":[],"score":147,"play_id":"fdfccfc6-00cf-4981-ae4b-47fc21da1f85","local_time":"20210105095749","daily_mods":["SealedDeck","Hoarder","Insanity","Chimera","Specialized","ControlledChaos","Allstar","Diverse","Colorless Cards","Heirloom","Time Dilation","Flight","Elite Swarm","Binary"],"is_ascension_mode":true,"campfire_choices":[],"circlet_count":0,"master_deck":["Demon Form","Wraith Form v2","Echo Form","DevaForm","stsjorbsmod:ArcaneForm","stsjorbsmod:WastingForm+1","AscendersBane","Bash","Survivor","Zap","Eruption","Strike_R","Strike_G","Strike_B","Defend_R","Defend_G","Defend_P","hierophant:HolyVerse","hermit:WideOpen","TheCursedMod:VitalStrike","Warcry","Replay:AtTheReady","Evaluate","Dodge and Roll","Go for the Eyes","Replay:AtTheReady","stsjorbsmod:FracturedMind","hierophant:FieryStrike","Dagger Throw","Bane","TheCursedMod:SpitefulPlan","TheCursedMod:CursedMace","Consecrate","PathToVictory","Infernal Blade","Good Instincts","hermit:Dive","Underhanded Strike","Heel Hook","Entrench","Disarm","stsjorbsmod:FaerieFire","hermit:Misfire","TheCursedMod:Torture","Sunder","hierophant:Flagellation","TheCursedMod:VitalStrike","TheCursedMod:FleshFromBone","ReplayTheSpireMod:Shiv Toss","Compile Driver","Perfected Strike","Crescendo","hermit:Glare","TheCursedMod:Torture","Hologram","Bane","stsjorbsmod:FracturedMind","hierophant:Mercenaries","InnerPeace","hierophant:Smite","Capacitor","Sanctity","ReplayTheSpireMod:Stacked","hierophant:FaithHealing","Iron Wave","hierophant:Remorse","ReplayGash","Scrawl","Scrawl","Scrawl","Scrawl","Scrawl","Scrawl","Scrawl","Scrawl","Scrawl","Scrawl","Scrawl","Scrawl","Scrawl","Scrawl","Scrawl","conspire:ExplosiveBarrier","conspire:ExplosiveBarrier","conspire:ExplosiveBarrier","hierophant:Shelter","hierophant:Shelter","hierophant:Shelter","hierophant:SealAway","hierophant:SealAway","hierophant:SealAway","Scrape","Scrape","Scrape","Cold Snap","Cold Snap","Cold Snap","Anger","Anger","Anger","hermit:BodyArmor","hermit:BodyArmor","hermit:BodyArmor","Replay:Undeath\u0027s Touch","Replay:Undeath\u0027s Touch","Replay:Undeath\u0027s Touch","hierophant:FlamingChariot","hierophant:FlamingChariot","hierophant:FlamingChariot","Slice","Slice","Slice","hermit:Dissolve","hermit:Dissolve","hermit:Dissolve"],"relics":["PureWater","Frozen Eye","Busted Crown","REME_ComplimentaryCards","hubris:CuriousFeather","FaceOfCleric"],"acts_visited":["Exordium"],"potions_floor_usage":[],"damage_taken":[{"damage":0,"enemies":"2 Louse","floor":1,"turns":1},{"damage":19,"enemies":"conspire:RoseBush","floor":4,"turns":5},{"damage":1,"enemies":"Jaw Worm","floor":5,"turns":3},{"damage":103,"enemies":"Gremlin Nob","floor":6,"turns":3}],"seed_played":"1325069706371455579","potions_obtained":[],"is_trial":true,"path_per_floor":["M","?","?","M","M","E"],"character_chosen":"WATCHER","items_purchased":[],"campfire_rested":0,"item_purchase_floors":[],"current_hp_per_floor":[61,61,61,43,43,0,0],"gold":151,"neow_bonus":"","is_daily":false,"chose_seed":false,"campfire_upgraded":0,"win_rate":0.0,"timestamp":1609808269,"path_taken":["M","?","?","?","?","E"],"items_purchased_type":[],"build_version":"2020-12-22","purchased_purges":0,"victory":false,"max_hp_per_floor":[68,68,68,69,70,70,70],"relic_stats":{"Busted Crown":6,"FaceOfCleric":2,"counters":[4,12],"obtain_stats":[{"Frozen Eye":0,"Busted Crown":0,"FaceOfCleric":3,"hubris:CuriousFeather":0,"PureWater":0,"REME_ComplimentaryCards":0},{"Frozen Eye":0,"Busted Crown":0,"FaceOfCleric":1,"hubris:CuriousFeather":0,"PureWater":0,"REME_ComplimentaryCards":0},{"Frozen Eye":0,"Busted Crown":0,"FaceOfCleric":1,"hubris:CuriousFeather":0,"PureWater":0,"REME_ComplimentaryCards":0}]},"card_choices":[],"player_experience":1539844,"relics_obtained":[],"event_choices":[{"damage_healed":0,"gold_gain":0,"player_choice":"Trade","damage_taken":0,"relics_obtained":["FaceOfCleric"],"max_hp_gain":0,"max_hp_loss":0,"event_name":"FaceTrader","floor":3,"gold_loss":0}],"is_beta":false,"boss_relics":[],"items_purged_floors":[],"is_endless":false,"potions_floor_spawned":[],"killed_by":"Gremlin Nob","ascension_level":20}}