{"host":"4q6g5wn1adpnm0z5","time":1609862994,"event":{"mods":["2.2 Compatiblity","Aspiration","Astrologer","BaseMod","Hermit","Hubris","Minty Spire (QoL Compilation)","Replay The Spire","StSLib","The Cursed","The Hierophant","The Jungle"],"gold_per_floor":[115,132,142,152,77,112,112,146,146,158,171,199,199,211,211,283,283,303,320,331,342,242,274,274,319,371,325,352,385,417,457,457,557,657,688,725,764,790,529,577,608,658,658,695,1041,1041,515,562,562,578],"floor_reached":51,"playtime":2703,"items_purged":["Defend_R","Strike_R","Hallucinations"],"score":1835,"play_id":"5de4eef0-9fad-4698-8afb-eb3fd06456c8","local_time":"20210105170954","daily_mods":["Cursed Run","Blue Cards","DeadlyEvents"],"is_ascension_mode":true,"campfire_choices":[{"data":"Bash","floor":7.0,"key":"SMITH"},{"floor":15.0,"key":"DIG"},{"data":"Flame Barrier","floor":24.0,"key":"SMITH"},{"data":"Go for the Eyes","floor":32.0,"key":"SMITH"},{"data":"Inflame","floor":46,"key":"SMITH"},{"data":"Heavy Blade","floor":49,"key":"SMITH"}],"circlet_count":0,"master_deck":["AscendersBane","Strike_R","Strike_R","Strike_R","Strike_R","Defend_R","Defend_R+1","Defend_R+1","Bash+1","Clash","Iron Wave","Cleave","ReplayTheSpireMod:Splinters","Body Slam","Go for the Eyes+1","Replay:Undeath\u0027s Touch","Sickly","Flame Barrier+1","Inflame+1","Dropkick","Fire Breathing+1","Shrug It Off","Self Repair","Heavy Blade+1","hubris:Envy"],"relics":["Cursed Key","Darkstone Periapt","Du-Vu Doll","Simple Rune","Gremlin Horn","Iron Hammer","Regal Pillow","hubris:PeanutButter","SacredBark","Replay:Bandana","Anchor","ReplayTheSpireMod:Spearhead","Question Card","Another Sword","Replay:Wanted Poster","hubris:IronBody","Bird Faced Urn","Eternal Feather","Old Coin","Replay:Accelerometer","Lantern"],"acts_visited":["Exordium","TheCity","TheBeyond"],"potions_floor_usage":[45,50],"damage_taken":[{"damage":7.0,"enemies":"Small Slimes","floor":1.0,"turns":4.0},{"damage":1.0,"enemies":"Cultist","floor":2.0,"turns":3.0},{"damage":2.0,"enemies":"Jaw Worm","floor":3.0,"turns":2.0},{"damage":0.0,"enemies":"3 Louse","floor":4.0,"turns":2.0},{"damage":20.0,"enemies":"3 Sentries","floor":6.0,"turns":9.0},{"damage":13.0,"enemies":"Gremlin Nob","floor":8.0,"turns":4.0},{"damage":0.0,"enemies":"Blue Slaver","floor":10.0,"turns":2.0},{"damage":0.0,"enemies":"Gremlin Gang","floor":11.0,"turns":2.0},{"damage":0.0,"enemies":"Replay:BlueRogue","floor":12.0,"turns":4.0},{"damage":0.0,"enemies":"Exordium Wildlife","floor":14.0,"turns":1.0},{"damage":0.0,"enemies":"Slime Boss","floor":16.0,"turns":9.0},{"damage":2.0,"enemies":"Shell Parasite","floor":18.0,"turns":3.0},{"damage":0.0,"enemies":"3 Byrds","floor":19.0,"turns":3.0},{"damage":1.0,"enemies":"Shelled Parasite and Fungi","floor":20.0,"turns":3.0},{"damage":2.0,"enemies":"Snecko","floor":21.0,"turns":3.0},{"damage":8.0,"enemies":"Book of Stabbing","floor":23.0,"turns":4.0},{"damage":5.0,"enemies":"Replay:Snechameleon","floor":25.0,"turns":4.0},{"damage":14.0,"enemies":"Gremlin Leader","floor":27.0,"turns":4.0},{"damage":6.0,"enemies":"Centurion and Healer","floor":28.0,"turns":3.0},{"damage":7.0,"enemies":"Shelled Parasite and Fungi","floor":29.0,"turns":4.0},{"damage":0.0,"enemies":"Snecko","floor":30.0,"turns":4.0},{"damage":0.0,"enemies":"Slavers","floor":31.0,"turns":2.0},{"damage":59.0,"enemies":"Champ","floor":33.0,"turns":9.0},{"damage":2.0,"enemies":"Orb Walker","floor":35.0,"turns":3.0},{"damage":20.0,"enemies":"3 Darklings","floor":36.0,"turns":4.0},{"damage":9.0,"enemies":"Sphere and 2 Shapes","floor":37.0,"turns":4.0},{"damage":17.0,"enemies":"Writhing Mass","floor":38.0,"turns":6.0},{"damage":0.0,"enemies":"Nemesis","floor":40.0,"turns":5.0},{"damage":0.0,"enemies":"Spire Growth","floor":41.0,"turns":4.0},{"damage":0.0,"enemies":"Reptomancer","floor":42.0,"turns":5.0},{"damage":21,"enemies":"Maw","floor":44,"turns":6},{"damage":14,"enemies":"Nemesis","floor":45,"turns":5},{"damage":0,"enemies":"4 Shapes","floor":48,"turns":4},{"damage":77,"enemies":"Time Eater","floor":50,"turns":11}],"seed_played":"3752800705846725889","potions_obtained":[{"floor":1.0,"key":"Toxic Potion"},{"floor":8.0,"key":"SpeedPotion"},{"floor":10.0,"key":"LiquidMemories"},{"floor":12.0,"key":"Flashbang"},{"floor":27.0,"key":"Regen Potion"},{"floor":30.0,"key":"Explosive Potion"},{"floor":35.0,"key":"ColorlessPotion"},{"floor":36.0,"key":"ColorlessPotion"},{"floor":40.0,"key":"SpeedPotion"},{"floor":42.0,"key":"Swift Potion"},{"floor":45,"key":"Venom Potion"}],"is_trial":true,"path_per_floor":["M","M","M","M","$","E","R","E","T","M","M","E","T","M","R","B",null,"M","M","M","M","$","E","R","E","T","E","M","M","M","E","R","B",null,"M","M","M","M","$","E","M","E","T","M","E","R","$","M","R","B",null],"character_chosen":"IRONCLAD","items_purchased":["hubris:IronBody","Replay:Accelerometer","Lantern"],"campfire_rested":0,"item_purchase_floors":[39,47,47],"current_hp_per_floor":[61,60,58,58,58,38,38,25,31,31,31,31,31,31,31,37,75,73,73,72,70,70,62,62,57,63,49,43,36,63,63,63,10,77,75,55,46,29,29,36,52,65,65,57,56,71,71,84,96,38],"gold":578,"neow_bonus":"","is_daily":false,"chose_seed":false,"campfire_upgraded":5,"win_rate":0.0,"timestamp":1609862994,"path_taken":["M","M","M","M","$","E","R","E","T","M","M","E","?","M","R","BOSS","M","M","M","M","$","E","R","E","T","E","M","M","M","E","R","BOSS","M","M","M","M","$","E","M","E","T","M","E","R","$","M","R","BOSS"],"items_purchased_type":["Relic","Relic","Relic"],"build_version":"2020-12-22","purchased_purges":3,"victory":true,"max_hp_per_floor":[75,75,75,75,75,75,75,75,81,81,81,81,81,81,81,87,87,87,87,87,87,87,87,87,87,93,93,93,93,93,93,93,99,99,99,99,99,99,99,99,99,99,99,99,99,99,99,99,99,105],"card_choices":[{"not_picked":["ReplayTheSpireMod:System Scan","Beam Cell"],"picked":"Clash","floor":1.0},{"not_picked":["Anger","Capacitor","Redo"],"picked":"SKIP","floor":2.0},{"not_picked":["Undo","ReplayTheSpireMod:Strike From Hell","ReplaySolidLightProjector"],"picked":"SKIP","floor":3.0},{"not_picked":["Gash","Wild Strike"],"picked":"Iron Wave","floor":4.0},{"not_picked":["Lockon","hubris:ReadiedAction"],"picked":"Cleave","floor":6.0},{"not_picked":["Headbutt","Armaments","Juggernaut"],"picked":"SKIP","floor":8.0},{"not_picked":["Rampage","Wild Strike"],"picked":"Body Slam","floor":10.0},{"not_picked":["ReplayTheSpireMod:Corrosion Curse","Cold Snap","Pommel Strike"],"picked":"SKIP","floor":11.0},{"not_picked":["Bludgeon","Creative AI"],"picked":"Go for the Eyes","floor":12.0},{"not_picked":["Run Through","hubris:ReadiedAction"],"picked":"Replay:Undeath\u0027s Touch","floor":14.0},{"not_picked":["Twin Strike","Anger"],"picked":"Flame Barrier","floor":18.0},{"not_picked":["Clothesline","Flex"],"picked":"Inflame","floor":19.0},{"not_picked":["Armaments","Wild Strike+1"],"picked":"Dropkick","floor":20.0},{"not_picked":["Rebound","Conserve Battery"],"picked":"Fire Breathing+1","floor":21.0},{"not_picked":["Combust","ReplayTheSpireMod:GoodbyeWorld","ReplayTheSpireMod:Reroute Power+1"],"picked":"SKIP","floor":23.0},{"not_picked":["Creative AI","Undo","Beam Cell"],"picked":"SKIP","floor":25.0},{"not_picked":["Entrench","Doom and Gloom","Clash"],"picked":"SKIP","floor":27.0},{"not_picked":["Pommel Strike","Crystallizer","Wild Strike"],"picked":"Shrug It Off","floor":28.0},{"not_picked":["Sever Soul","BasicCrystalCard","Infernal Blade","Conserve Battery"],"picked":"SKIP","floor":29.0},{"not_picked":["Reprogram","Entrench","Clash+1","Feel No Pain"],"picked":"SKIP","floor":30.0},{"not_picked":["Sunder","Redo","Cold Snap+1","Fission"],"picked":"SKIP","floor":31.0},{"not_picked":["Turbo+1","Leap","Conserve Battery","Ghostly Armor+1"],"picked":"SKIP","floor":35.0},{"not_picked":["Run Through+1","Turbo","Infernal Blade","Wild Strike"],"picked":"SKIP","floor":36.0},{"not_picked":["Steam Power+1","Evolve","Beam Cell","Undo"],"picked":"SKIP","floor":37.0},{"not_picked":["Havoc","Ball Lightning","Conserve Battery"],"picked":"Self Repair","floor":38.0},{"not_picked":["Hologram","Abandon","Whirlwind","Sentinel"],"picked":"SKIP","floor":40.0},{"not_picked":["Hologram","Havoc","Self Repair","Demonic Infusion"],"picked":"SKIP","floor":41.0},{"not_picked":["FIFO Queue+1","Conserve Battery+1","Disarm"],"picked":"Heavy Blade","floor":42.0},{"not_picked":["Sword Boomerang","Evolve","Beam Cell+1","Rampage"],"picked":"SKIP","floor":44},{"not_picked":["Hemokinesis","Immolate","Flame Barrier","Seek"],"picked":"SKIP","floor":45},{"not_picked":["True Grit","hubris:ReadiedAction","Reprogram","Flex"],"picked":"SKIP","floor":48}],"player_experience":2381378,"relics_obtained":[{"floor":6.0,"key":"Simple Rune"},{"floor":8.0,"key":"Gremlin Horn"},{"floor":9.0,"key":"Iron Hammer"},{"floor":12.0,"key":"Regal Pillow"},{"floor":15.0,"key":"hubris:PeanutButter"},{"floor":23.0,"key":"Replay:Bandana"},{"floor":25.0,"key":"Anchor"},{"floor":26.0,"key":"ReplayTheSpireMod:Spearhead"},{"floor":27.0,"key":"Question Card"},{"floor":31.0,"key":"Another Sword"},{"floor":40.0,"key":"Bird Faced Urn"},{"floor":42.0,"key":"Eternal Feather"},{"floor":45,"key":"Old Coin"}],"event_choices":[],"is_beta":false,"boss_relics":[{"not_picked":["hubris:ScarierMask","Replay:Bronze Core"],"picked":"SacredBark"},{"not_picked":["Kintsugi","Tiny House"],"picked":"Replay:Wanted Poster"}],"items_purged_floors":[5,22,47],"is_endless":false,"potions_floor_spawned":[1,8,10,12,16,19,27,28,29,30,35,36,40,42,45],"ascension_level":14}}