{"host":"so437kwitdq4epbi","time":1609813271,"event":{"mods":["AchievementEnabler","BaseMod","Decade(王小明)","Friendly Minions","Gremlin Mod","KinomotoSakuraMod(木之本樱)","Koishi","KomeijiMod","LagranYue(拉格朗・月)","Lobotomy","LobotomyExtend","Marisa（F雨　魔理沙）","Minty Spire (QoL Compilation)","Quick Restart","READ ME - Snecko Mod","Replay The Spire","Shop Mod","StSLib","The Alterego","The Bladedancer","The Bug Knight","The Construct","The Hierophant","The Mystic","The Poker Player","The Runesmith","Yuyuko","[IsaacMod]以撒尖塔","vexMod"],"gold_per_floor":[119,135,152,227,243,273,273,273,299,299,317,65,65,92,92,197,197,197,197],"floor_reached":18,"playtime":1288,"items_purged":[],"score":170,"play_id":"6d3bc514-9ca4-4cc2-bf58-d07912703799","local_time":"20210105102111","daily_mods":["Vintage","ControlledChaos","Heirloom","Time Dilation","Flight","DeadlyEvents"],"is_ascension_mode":false,"campfire_choices":[],"circlet_count":0,"master_deck":["SpecialBullet","SpecialBullet","SpecialBullet","SpecialBullet","SpecialBullet","SpecialBullet","SpecialBullet","SpecialBullet","BloodyBrimstone","InformationCode","ExtractionCode","SecurityCode","Christmas+1","InTheNameOfLoveAndHate+1","Bomb","Soda+1","GreenStem+1","DisciplinaryCode","WelfareCode","Mimicry+1"],"relics":["CogitoBucket","Frozen Eye","replay:Trail_Library","HushsDoor","LagranYue:RandomDrawCardRelic","Replay:PocketPolymizer","DeathBook","ReplayTheSpireMod:TigerMarble","LetterFromLob","Replay:Baseball","vexMod:InvisibilityCloak","InkBottle","ReplayTheSpireMod:Ninjato","ReplayTheSpireMod:Lightbulb","Bronze Scales","Iron Hammer","Frozen Egg 2","LaetitiaHeart"],"acts_visited":["Exordium","TheCity"],"potions_floor_usage":[],"damage_taken":[{"damage":7,"enemies":"2 Louse","floor":1,"turns":3},{"damage":8,"enemies":"Small Slimes","floor":2,"turns":3},{"damage":6,"enemies":"Cultist","floor":3,"turns":3},{"damage":18,"enemies":"2 Fungi Beasts","floor":5,"turns":4},{"damage":15,"enemies":"Gremlin Nob","floor":6,"turns":5},{"damage":0,"enemies":"Gremlin Gang","floor":11,"turns":2},{"damage":24,"enemies":"Lagavulin","floor":14,"turns":7},{"damage":16,"enemies":"Hexaghost","floor":16,"turns":5},{"damage":0,"enemies":"2 Thieves","floor":18,"turns":1}],"seed_played":"-966693272893288100","potions_obtained":[],"is_trial":true,"path_per_floor":["M","M","M","?","M","E","?","?","T","R","M","$","R","E","R","B",null,"M"],"character_chosen":"Angela","items_purchased":["Iron Hammer"],"campfire_rested":0,"item_purchase_floors":[12],"current_hp_per_floor":[70,70,70,59,49,42,42,42,42,42,51,51,51,40,61,59,67,0,0],"gold":197,"neow_bonus":"","is_daily":false,"chose_seed":false,"campfire_upgraded":0,"win_rate":0.0,"timestamp":1609813271,"path_taken":["M","M","M","?","M","E","?","?","T","R","M","$","R","E","R","BOSS","M"],"items_purchased_type":["Relic"],"build_version":"2020-12-22","purchased_purges":0,"victory":false,"max_hp_per_floor":[70,70,70,70,70,70,70,70,70,70,70,70,70,70,70,67,67,67,67],"card_choices":[{"not_picked":[],"picked":"BloodyBrimstone","floor":0},{"not_picked":["CherryBlossom"],"picked":"Christmas","floor":1},{"not_picked":["Tough"],"picked":"InTheNameOfLoveAndHate","floor":2},{"not_picked":["LifeForTheDareDevil","BloodyDesire"],"picked":"SKIP","floor":3},{"not_picked":["WristCuter","Lantern"],"picked":"SKIP","floor":5},{"not_picked":["FourthMatchFlame"],"picked":"Bomb","floor":6},{"not_picked":["InTheNameOfLoveAndHate","Adoration"],"picked":"SKIP","floor":6},{"not_picked":["FrostShard"],"picked":"GreenStem","floor":11},{"not_picked":["CUTE","Penitence"],"picked":"SKIP","floor":14},{"not_picked":["BloodyDesire","Gaze"],"picked":"SKIP","floor":14},{"not_picked":["CENSORED_ego"],"picked":"Mimicry+1","floor":16}],"player_experience":171148,"relics_obtained":[{"floor":1,"key":"ReplayTheSpireMod:TigerMarble"},{"floor":1,"key":"LetterFromLob"},{"floor":2,"key":"Replay:Baseball"},{"floor":3,"key":"vexMod:InvisibilityCloak"},{"floor":5,"key":"InkBottle"},{"floor":6,"key":"ReplayTheSpireMod:Ninjato"},{"floor":9,"key":"ReplayTheSpireMod:Lightbulb"},{"floor":11,"key":"Bronze Scales"},{"floor":14,"key":"Frozen Egg 2"}],"event_choices":[{"damage_healed":0,"gold_gain":75,"player_choice":"Gather Gold","damage_taken":11,"max_hp_gain":0,"max_hp_loss":0,"event_name":"World of Goop","floor":4,"gold_loss":0},{"damage_healed":0,"gold_gain":0,"player_choice":"Upgraded","damage_taken":0,"max_hp_gain":0,"max_hp_loss":0,"event_name":"Upgrade Shrine","floor":8,"gold_loss":0,"cards_upgraded":["Christmas"]}],"is_beta":false,"boss_relics":[{"not_picked":["ChewingGum","vexMod:DeviousBotling","Busted Crown"]}],"items_purged_floors":[],"is_endless":true,"potions_floor_spawned":[],"killed_by":"2 Thieves","ascension_level":0}}