{"host":"5jzx1090woovszu4","time":1609811804,"event":{"mods":["Arknights The Spire","BaseMod","Minty Spire (QoL Compilation)","Spicy Shops","StSLib","The Bug Knight"],"gold_per_floor":[115,126,126,74,88,123,123,123,174,202,220,220,220,190,190,315,315,334,347,372,34,48,48,69,69,69,69,69,69,69,87,87,190,190,210,222,233,233,233,233,251,251,251,262,12,39,39,51,51,51],"floor_reached":51,"playtime":5833,"items_purged":["Decay","ats:Defend"],"score":652,"play_id":"f6cd4f7e-30c9-47a4-a0f0-3c5ab9d1e736","local_time":"20210105025644","is_ascension_mode":false,"campfire_choices":[{"floor":7,"key":"REST"},{"floor":12,"key":"REST"},{"floor":15,"key":"REST"},{"data":"ats:Part Time Job","floor":23,"key":"SMITH"},{"floor":25,"key":"REST"},{"data":"ats:Blood Oath","floor":28,"key":"SMITH"},{"floor":32,"key":"REST"},{"data":"ats:Shell Defense","floor":40,"key":"SMITH"},{"data":"ats:Healing Strengthening","floor":47,"key":"SMITH"},{"data":"ats:Nebulous Foxfire","floor":49,"key":"SMITH"}],"circlet_count":0,"master_deck":["ats:Strike C","ats:Strike S","ats:Strike V","ats:Armor Crushing Shot+1","ats:Defend","ats:Defend","ats:Defend","ats:Emotion Absorption","ats:Nebulous Foxfire+1","ats:Childhood Dance","ats:Explosion Area Strengthen","ats:Assault Order+1","ats:Shadow Raid","ats:Part Time Job+1","ats:Explosion Area Strengthen","ats:Disruption Kick","ats:Wolf Pack","ats:Blood Oath+1","ats:Sword Rain","ats:Shell Defense+1","Master of Strategy","ats:Apocalypse+1","ats:Revitalization","ats:Support Order","ats:Charging Defense+1","ats:Wolf Pack","ats:Leaping Hammer+1","ats:Shell Defense+1","Madness","Madness","ats:Charging Defense+1","ats:Explosion Area Strengthen+1","ats:Apocalypse+1","ats:Healing Strengthening+1","ats:Rat Pack","ats:Apocalypse"],"relics":["ats:Sanity","Bloody Idol","ats:Originium","ats:Ability Aura","Blood Vial","Odd Mushroom","SlaversCollar","Akabeko","Unceasing Top","Enchiridion","Philosopher\u0027s Stone","PreservedInsect","Mercury Hourglass"],"acts_visited":["Exordium","TheCity","TheBeyond"],"potions_floor_usage":[4,11,16,19,20,31,33,33,33,37,44,50],"damage_taken":[{"damage":0,"enemies":"2 Louse","floor":1,"turns":4},{"damage":3,"enemies":"Jaw Worm","floor":2,"turns":7},{"damage":6,"enemies":"Small Slimes","floor":5,"turns":4},{"damage":35,"enemies":"HollowMod:MossKnight","floor":6,"turns":17},{"damage":30,"enemies":"The Mushroom Lair","floor":10,"turns":5},{"damage":0,"enemies":"Gremlin Gang","floor":11,"turns":1},{"damage":4,"enemies":"Looter","floor":14,"turns":4},{"damage":63,"enemies":"Slime Boss","floor":16,"turns":17},{"damage":29,"enemies":"Shell Parasite","floor":18,"turns":8},{"damage":72,"enemies":"Centurion and Healer","floor":19,"turns":11},{"damage":21,"enemies":"Snake Plant","floor":20,"turns":6},{"damage":11,"enemies":"Snecko","floor":22,"turns":8},{"damage":60,"enemies":"Chosen and Byrds","floor":24,"turns":12},{"damage":34,"enemies":"3 Cultists","floor":31,"turns":9},{"damage":74,"enemies":"Automaton","floor":33,"turns":15},{"damage":17,"enemies":"3 Darklings","floor":35,"turns":7},{"damage":20,"enemies":"3 Shapes","floor":36,"turns":8},{"damage":110,"enemies":"Maw","floor":37,"turns":16},{"damage":45,"enemies":"3 Darklings","floor":41,"turns":6},{"damage":60,"enemies":"Writhing Mass","floor":44,"turns":10},{"damage":38,"enemies":"Nemesis","floor":46,"turns":8},{"damage":19,"enemies":"Sphere and 2 Shapes","floor":48,"turns":5},{"damage":214,"enemies":"Donu and Deca","floor":50,"turns":18}],"seed_played":"8452367567815981122","potions_obtained":[{"floor":2,"key":"EntropicBrew"},{"floor":10,"key":"LiquidMemories"},{"floor":11,"key":"SteroidPotion"},{"floor":18,"key":"Fire Potion"},{"floor":19,"key":"Energy Potion"},{"floor":24,"key":"FearPotion"},{"floor":31,"key":"Strength Potion"},{"floor":36,"key":"Swift Potion"},{"floor":41,"key":"ColorlessPotion"},{"floor":46,"key":"ColorlessPotion"}],"is_trial":false,"path_per_floor":["M","M","?","$","M","E","R","?","T","?","M","R","?","M","R","B",null,"M","M","M","$","M","R","M","R","T","?","R","?","?","M","R","B",null,"M","M","M","?","?","R","M","?","T","M","$","E","R","M","R","B",null],"character_chosen":"DOCTOR_CLASS","items_purchased":["ats:Assault Order","Master of Strategy","Akabeko","ats:Healing Strengthening"],"campfire_rested":5,"item_purchase_floors":[4,21,21,45],"current_hp_per_floor":[72,72,54,54,50,32,53,39,39,18,20,41,41,49,70,20,72,59,16,11,11,34,34,21,42,42,42,42,42,26,45,66,72,72,72,72,49,40,40,40,43,43,43,42,42,72,72,71,71,60],"gold":51,"neow_bonus":"ONE_RANDOM_RARE_CARD","is_daily":false,"chose_seed":false,"campfire_upgraded":5,"win_rate":0.0,"timestamp":1609811804,"path_taken":["M","M","?","$","M","E","R","?","T","?","M","R","?","M","R","BOSS","M","?","M","$","M","R","M","R","T","?","R","?","?","M","R","BOSS","M","M","M","?","?","R","?","?","T","?","$","E","R","M","R","BOSS"],"items_purchased_type":["Card","Card","Relic","Card"],"build_version":"2020-12-22","purchased_purges":2,"victory":true,"max_hp_per_floor":[72,72,72,72,72,72,72,72,72,72,72,72,72,72,72,72,72,72,72,72,72,72,72,72,72,72,72,72,72,72,72,72,72,72,72,72,72,72,72,72,72,72,72,72,72,72,72,72,72,72],"card_choices":[{"not_picked":["ats:Poison Spread","ats:Apocalypse"],"picked":"ats:Childhood Dance","floor":1},{"not_picked":["ats:Soul Absorption","ats:Revitalization"],"picked":"ats:Explosion Area Strengthen","floor":2},{"not_picked":["ats:Closed Bolt Burst Fire","ats:Revitalization"],"picked":"ats:Shadow Raid","floor":5},{"not_picked":["ats:Poison Spread","ats:Hook Shot"],"picked":"ats:Part Time Job","floor":6},{"not_picked":["ats:Spore Proliferation","ats:Song Of Battle"],"picked":"ats:Explosion Area Strengthen","floor":10},{"not_picked":["ats:Demon Strength","ats:Cat Scratch","ats:Childhood Dance"],"picked":"SKIP","floor":11},{"not_picked":["ats:Soul Absorption","ats:Explosion Area Strengthen"],"picked":"ats:Disruption Kick","floor":14},{"not_picked":["ats:Echo Reverb","ats:Shadow Assault"],"picked":"ats:Wolf Pack","floor":16},{"not_picked":["ats:Collapsing Strike","ats:Directed Diagnosis"],"picked":"ats:Blood Oath","floor":18},{"not_picked":["ats:Chain Hook","ats:Ignite+1"],"picked":"ats:Sword Rain","floor":19},{"not_picked":["ats:Hammer On","ats:Neurotoxin"],"picked":"ats:Shell Defense+1","floor":20},{"not_picked":["ats:Hook Shot","ats:Counter Healing Mode+1"],"picked":"ats:Apocalypse+1","floor":22},{"not_picked":["ats:Childhood Dance+1","ats:Flame Of Heaven"],"picked":"ats:Revitalization","floor":24},{"not_picked":["ats:Explosion Area Strengthen","ats:Leaping Hammer"],"picked":"ats:Charging Defense+1","floor":31},{"not_picked":["ats:Volcano","ats:Shadow Assault"],"picked":"ats:Wolf Pack","floor":33},{"not_picked":["ats:Burning Ground+1","ats:Flexible Camouflage"],"picked":"ats:Leaping Hammer+1","floor":35},{"not_picked":["ats:Explosion Area Strengthen","ats:Consecutive Shot Auto+1","ats:Burning Ground+1"],"picked":"SKIP","floor":36},{"not_picked":["ats:Curse Doll+1","ats:Ignite+1"],"picked":"ats:Shell Defense","floor":37},{"not_picked":["ats:Curse Doll","ats:Directed Diagnosis+1"],"picked":"ats:Explosion Area Strengthen+1","floor":41},{"not_picked":["ats:Soul Absorption","ats:Powerful Strike+1"],"picked":"ats:Apocalypse+1","floor":44},{"not_picked":["ats:Powerful Strike","ats:Counter Healing Mode"],"picked":"ats:Rat Pack","floor":46},{"not_picked":["ats:Magnetic Hammer","ats:Assault Order+1"],"picked":"ats:Apocalypse","floor":48}],"player_experience":626006,"relics_obtained":[{"floor":6,"key":"ats:Originium"},{"floor":6,"key":"ats:Ability Aura"},{"floor":9,"key":"Blood Vial"},{"floor":10,"key":"Odd Mushroom"},{"floor":26,"key":"Unceasing Top"},{"floor":30,"key":"Enchiridion"},{"floor":43,"key":"PreservedInsect"},{"floor":46,"key":"ats:Originium"},{"floor":46,"key":"Mercury Hourglass"}],"event_choices":[{"damage_healed":0,"gold_gain":0,"player_choice":"Take Damage","damage_taken":18,"relics_obtained":["Golden Idol"],"max_hp_gain":0,"max_hp_loss":0,"event_name":"Golden Idol","floor":3,"gold_loss":0},{"damage_healed":0,"gold_gain":0,"player_choice":"Entered Light","damage_taken":14,"max_hp_gain":0,"max_hp_loss":0,"event_name":"Shining Light","floor":8,"gold_loss":0,"cards_upgraded":["ats:Assault Order","ats:Armor Crushing Shot"]},{"damage_healed":0,"gold_gain":0,"player_choice":"Fought Mushrooms","damage_taken":0,"max_hp_gain":0,"max_hp_loss":0,"event_name":"Mushrooms","floor":10,"gold_loss":0},{"cards_removed":["ats:Strike G"],"damage_healed":0,"gold_gain":0,"player_choice":"Purged","damage_taken":0,"max_hp_gain":0,"max_hp_loss":0,"event_name":"Purifier","floor":13,"gold_loss":0},{"damage_healed":0,"gold_gain":0,"player_choice":"Read","damage_taken":0,"max_hp_gain":0,"max_hp_loss":0,"event_name":"The Library","floor":27,"gold_loss":0,"cards_obtained":["ats:Support Order"]},{"damage_healed":0,"gold_gain":0,"player_choice":"Gave Idol","damage_taken":0,"relics_obtained":["Bloody Idol"],"max_hp_gain":0,"max_hp_loss":0,"event_name":"Forgotten Altar","floor":29,"relics_lost":["Golden Idol"],"gold_loss":0},{"damage_healed":0,"gold_gain":0,"player_choice":"Obtained Book","damage_taken":16,"max_hp_gain":0,"max_hp_loss":0,"event_name":"Cursed Tome","floor":30,"gold_loss":0},{"damage_healed":0,"gold_gain":0,"player_choice":"Embrace Madness","damage_taken":9,"max_hp_gain":0,"max_hp_loss":0,"event_name":"Winding Halls","floor":38,"gold_loss":0,"cards_obtained":["Madness","Madness"]},{"damage_healed":0,"gold_gain":0,"player_choice":"Copied","damage_taken":0,"max_hp_gain":0,"max_hp_loss":0,"event_name":"Duplicator","floor":39,"gold_loss":0,"cards_obtained":["ats:Charging Defense"]},{"damage_healed":0,"gold_gain":0,"player_choice":"Cursed","damage_taken":0,"max_hp_gain":0,"max_hp_loss":0,"event_name":"Wheel of Change","floor":42,"gold_loss":0,"cards_obtained":["Decay"]}],"is_beta":false,"boss_relics":[{"not_picked":["Runic Dome","Calling Bell"],"picked":"SlaversCollar"},{"not_picked":["Runic Pyramid","Empty Cage"],"picked":"Philosopher\u0027s Stone"}],"items_purged_floors":[45,45],"is_endless":false,"potions_floor_spawned":[2,10,11,18,19,24,31,36,41,46],"ascension_level":0}}