{"host":"Troy","time":1609873773,"event":{"mods":["BaseMod","Colored Map","Highlight Path","Minty Spire (QoL Compilation)","Permanent Neow"],"gold_per_floor":[213,213,213,233,75,75,98,98,98,98,116,116,154,169,169,263,263,284,184,199,199,217,217,253,253,253,253,284,319,344,150,150,244,244,257,272,272,272,272],"floor_reached":38,"playtime":2622,"items_purged":["Regret","Strike_G","Strike_G"],"score":878,"play_id":"526c1974-0291-4741-93d3-2398d8a85c38","local_time":"20210105140933","is_ascension_mode":true,"campfire_choices":[{"data":"Neutralize","floor":6.0,"key":"SMITH"},{"data":"Backflip","floor":8.0,"key":"SMITH"},{"floor":15.0,"key":"REST"},{"data":"Grand Finale","floor":23.0,"key":"SMITH"},{"floor":27.0,"key":"REST"},{"data":"Concentrate","floor":32,"key":"SMITH"}],"circlet_count":0,"master_deck":["AscendersBane","Strike_G","Strike_G","Defend_G","Defend_G","Defend_G","Defend_G","Survivor","Neutralize+1","Heel Hook","Flying Knee","Grand Finale+1","Backflip+1","A Thousand Cuts","Tactician","Malaise","Concentrate+1","Quick Slash+1"],"relics":["Ring of the Snake","White Beast Statue","Golden Idol","Mercury Hourglass","Potion Belt","Runic Pyramid","Bottled Tornado","Mummified Hand","MawBank","Philosopher\u0027s Stone"],"acts_visited":["Exordium","TheCity","TheBeyond"],"potions_floor_usage":[28,28,30,30,33,33,35,36,38],"damage_taken":[{"damage":1.0,"enemies":"2 Louse","floor":1.0,"turns":3.0},{"damage":4.0,"enemies":"Small Slimes","floor":4.0,"turns":4.0},{"damage":0.0,"enemies":"Jaw Worm","floor":7.0,"turns":4.0},{"damage":12.0,"enemies":"Gremlin Gang","floor":11.0,"turns":4.0},{"damage":26.0,"enemies":"Gremlin Nob","floor":13.0,"turns":5.0},{"damage":5.0,"enemies":"Large Slime","floor":14.0,"turns":7.0},{"damage":11.0,"enemies":"Hexaghost","floor":16.0,"turns":8.0},{"damage":0.0,"enemies":"Chosen","floor":18.0,"turns":5.0},{"damage":3.0,"enemies":"3 Byrds","floor":20.0,"turns":3.0},{"damage":7.0,"enemies":"Centurion and Healer","floor":22.0,"turns":3.0},{"damage":28.0,"enemies":"Gremlin Leader","floor":24.0,"turns":4.0},{"damage":0,"enemies":"Book of Stabbing","floor":28,"turns":4},{"damage":1,"enemies":"Snecko","floor":29,"turns":4},{"damage":7,"enemies":"Cultist and Chosen","floor":30,"turns":4},{"damage":19,"enemies":"Champ","floor":33,"turns":10},{"damage":10,"enemies":"3 Shapes","floor":35,"turns":4},{"damage":33,"enemies":"3 Darklings","floor":36,"turns":3},{"damage":13,"enemies":"Sphere and 2 Shapes","floor":38,"turns":3}],"seed_played":"5497735607756415733","potions_obtained":[{"floor":1.0,"key":"AttackPotion"},{"floor":4.0,"key":"Energy Potion"},{"floor":7.0,"key":"GhostInAJar"},{"floor":11.0,"key":"CultistPotion"},{"floor":13.0,"key":"SteroidPotion"},{"floor":14.0,"key":"ColorlessPotion"},{"floor":16.0,"key":"Swift Potion"},{"floor":18.0,"key":"Poison Potion"},{"floor":20.0,"key":"Fire Potion"},{"floor":22.0,"key":"CultistPotion"},{"floor":24.0,"key":"SkillPotion"},{"floor":28,"key":"FearPotion"},{"floor":29,"key":"SteroidPotion"},{"floor":30,"key":"FearPotion"},{"floor":33,"key":"Energy Potion"},{"floor":35,"key":"LiquidMemories"},{"floor":36,"key":"Fruit Juice"}],"is_trial":false,"path_per_floor":["M","?","?","M","$","R","M","R","T","?","M","?","E","M","R","B",null,"M","$","M","?","M","R","E","?","T","R","E","M","M","$","R","B",null,"M","M","?","M"],"character_chosen":"THE_SILENT","items_purchased":["Grand Finale","Regen Potion"],"campfire_rested":2,"item_purchase_floors":[5,31],"current_hp_per_floor":[58,58,58,54,54,54,54,54,54,54,42,42,16,11,29,18,50,50,50,47,47,40,40,12,12,12,30,30,29,22,22,22,18,50,40,7,7,0,0],"gold":272,"neow_bonus":"HUNDRED_GOLD","is_daily":false,"chose_seed":false,"campfire_upgraded":4,"win_rate":0.0,"timestamp":1609873773,"path_taken":["M","?","?","M","$","R","M","R","T","?","M","?","E","M","R","BOSS","M","$","M","?","?","R","E","?","T","R","E","M","M","$","R","BOSS","M","M","?","M"],"items_purchased_type":["Card","Potion"],"build_version":"2020-12-18","purchased_purges":3,"victory":false,"max_hp_per_floor":[66,66,60,60,60,60,60,60,60,60,60,60,60,60,60,60,60,60,60,60,60,60,60,60,60,60,60,60,60,60,60,60,60,60,60,60,57,62,62],"card_choices":[{"not_picked":["Calculated Gamble","Outmaneuver"],"picked":"Heel Hook","floor":1.0},{"not_picked":["Flechettes","Dodge and Roll"],"picked":"Flying Knee","floor":4.0},{"not_picked":["Dagger Throw","Concentrate"],"picked":"Backflip","floor":7.0},{"not_picked":["Backstab","Deflect","PiercingWail"],"picked":"SKIP","floor":11.0},{"not_picked":["Setup","Slice"],"picked":"A Thousand Cuts","floor":13.0},{"not_picked":["Outmaneuver","Dagger Spray"],"picked":"Tactician","floor":14.0},{"not_picked":["Glass Knife","Doppelganger"],"picked":"Malaise","floor":16.0},{"not_picked":["Dodge and Roll","Poisoned Stab","Outmaneuver"],"picked":"SKIP","floor":18.0},{"not_picked":["Flying Knee","Dagger Spray","PiercingWail"],"picked":"SKIP","floor":20.0},{"not_picked":["Quick Slash","Bane","Slice"],"picked":"SKIP","floor":22.0},{"not_picked":["Sucker Punch+1","All Out Attack"],"picked":"Concentrate","floor":24.0},{"not_picked":["Burst","Dodge and Roll"],"picked":"Quick Slash+1","floor":28},{"not_picked":["Dagger Throw","Skewer","Eviscerate"],"picked":"SKIP","floor":29},{"not_picked":["Masterful Stab","Blade Dance","Dodge and Roll"],"picked":"SKIP","floor":30},{"not_picked":["Bouncing Flask","Outmaneuver+1","Deflect"],"picked":"SKIP","floor":35},{"not_picked":["Sucker Punch","Flying Knee","Choke"],"picked":"SKIP","floor":36}],"player_experience":4064201,"relics_obtained":[{"floor":9.0,"key":"Mercury Hourglass"},{"floor":13.0,"key":"Potion Belt"},{"floor":24.0,"key":"Bottled Tornado"},{"floor":26.0,"key":"Mummified Hand"},{"floor":28,"key":"MawBank"}],"event_choices":[{"damage_healed":0.0,"max_hp_gain":0.0,"max_hp_loss":0.0,"gold_gain":0.0,"event_name":"Big Fish","player_choice":"Box","floor":2.0,"gold_loss":0.0,"damage_taken":0.0,"relics_obtained":["White Beast Statue"],"cards_obtained":["Regret"]},{"damage_healed":0.0,"max_hp_gain":0.0,"max_hp_loss":6.0,"gold_gain":0.0,"event_name":"Golden Idol","player_choice":"Lose Max HP","floor":3.0,"gold_loss":0.0,"damage_taken":0.0,"relics_obtained":["Golden Idol"]},{"damage_healed":0.0,"max_hp_gain":0.0,"max_hp_loss":0.0,"gold_gain":0.0,"event_name":"Shining Light","player_choice":"Ignored","floor":10.0,"gold_loss":0.0,"damage_taken":0.0},{"cards_removed":["Strike_G"],"damage_healed":0.0,"max_hp_gain":0.0,"max_hp_loss":0.0,"gold_gain":0.0,"event_name":"Living Wall","player_choice":"Forget","floor":12.0,"gold_loss":0.0,"damage_taken":0.0},{"cards_removed":["Defend_G"],"damage_healed":0.0,"max_hp_gain":0.0,"max_hp_loss":0.0,"gold_gain":0.0,"event_name":"Purifier","player_choice":"Purged","floor":21.0,"gold_loss":0.0,"damage_taken":0.0},{"damage_healed":0.0,"max_hp_gain":0.0,"max_hp_loss":0.0,"gold_gain":0.0,"event_name":"Ghosts","player_choice":"Ignored","floor":25.0,"gold_loss":0.0,"damage_taken":0.0},{"damage_healed":0,"gold_gain":0,"player_choice":"Max HP","damage_taken":0,"max_hp_gain":0,"max_hp_loss":3,"event_name":"Winding Halls","floor":37,"gold_loss":0}],"is_beta":true,"boss_relics":[{"not_picked":["Velvet Choker","Astrolabe"],"picked":"Runic Pyramid"},{"not_picked":["Sozu","Snecko Eye"],"picked":"Philosopher\u0027s Stone"}],"items_purged_floors":[5,19,31],"is_endless":false,"potions_floor_spawned":[1,4,7,11,13,14,16,18,20,22,24,28,29,30,33,35,36],"killed_by":"Sphere and 2 Shapes","ascension_level":20}}