{"host":"5wznv0010959mrmz","time":1609820524,"event":{"mods":["BaseMod","Highlight Path","Minty Spire (QoL Compilation)","Relic Stats"],"gold_per_floor":[112,126,50,75,94,94,244,244,244,4,23,48,66,79,79,79,79],"floor_reached":16,"playtime":424,"items_purged":["Doubt"],"score":204,"play_id":"8d31afc8-7fb9-4fee-a08c-ae2630383e18","local_time":"20210104222204","is_ascension_mode":true,"campfire_choices":[{"data":"Calculated Gamble","floor":6,"key":"SMITH"},{"data":"Eviscerate","floor":15,"key":"SMITH"}],"circlet_count":0,"master_deck":["AscendersBane","Strike_G","Strike_G","Strike_G","Strike_G","Strike_G","Defend_G","Defend_G","Defend_G","Defend_G","Defend_G","Survivor","Neutralize","Deadly Poison","Underhanded Strike","Eviscerate+1","Calculated Gamble+1","Terror","Dagger Throw","Reflex","All Out Attack"],"relics":["Ring of the Snake","NeowsBlessing","Centennial Puzzle","Strawberry","Pear","Sling","Tiny Chest"],"acts_visited":["Exordium"],"potions_floor_usage":[14,16],"damage_taken":[{"damage":0,"enemies":"Cultist","floor":1,"turns":1},{"damage":0,"enemies":"2 Louse","floor":2,"turns":1},{"damage":0,"enemies":"Jaw Worm","floor":5,"turns":1},{"damage":8,"enemies":"Exordium Wildlife","floor":11,"turns":5},{"damage":24,"enemies":"3 Sentries","floor":12,"turns":8},{"damage":0,"enemies":"Looter","floor":13,"turns":3},{"damage":0,"enemies":"Large Slime","floor":14,"turns":4},{"damage":29,"enemies":"The Guardian","floor":16,"turns":5}],"seed_played":"-892701650075748654","potions_obtained":[{"floor":2,"key":"Energy Potion"},{"floor":13,"key":"FearPotion"},{"floor":14,"key":"BlessingOfTheForge"}],"is_trial":false,"path_per_floor":["M","M","$","T","M","R","?","?","T","$","M","E","M","M","R","B"],"character_chosen":"THE_SILENT","items_purchased":["Eviscerate","Sling"],"campfire_rested":0,"item_purchase_floors":[3,10],"current_hp_per_floor":[59,59,59,59,59,59,59,48,58,58,50,26,26,26,26,0,0],"gold":79,"neow_bonus":"THREE_ENEMY_KILL","is_daily":false,"chose_seed":false,"campfire_upgraded":2,"win_rate":0.0,"timestamp":1609820524,"path_taken":["M","?","$","?","M","R","?","?","T","?","M","E","M","M","R","BOSS"],"items_purchased_type":["Card","Relic"],"build_version":"2020-12-22","purchased_purges":1,"victory":false,"max_hp_per_floor":[66,66,66,66,66,66,66,73,83,83,83,83,83,83,83,83,83],"relic_stats":{"Centennial Puzzle":[9],"counters":[8,28],"Tiny Chest":0,"obtain_stats":[{"Centennial Puzzle":4,"Pear":9,"NeowsBlessing":0,"Strawberry":8,"Tiny Chest":12,"Sling":10,"Ring of the Snake":0},{"Centennial Puzzle":2,"Pear":3,"NeowsBlessing":0,"Strawberry":3,"Tiny Chest":5,"Sling":3,"Ring of the Snake":0},{"Centennial Puzzle":2,"Pear":3,"NeowsBlessing":0,"Strawberry":3,"Tiny Chest":16,"Sling":3,"Ring of the Snake":0}],"Ring of the Snake":[16]},"card_choices":[{"not_picked":["Choke","PiercingWail"],"picked":"Deadly Poison","floor":1},{"not_picked":["Infinite Blades","Tactician"],"picked":"Underhanded Strike","floor":2},{"not_picked":["Backstab","Cloak And Dagger"],"picked":"Calculated Gamble","floor":5},{"not_picked":["Backflip","Heel Hook"],"picked":"Terror","floor":11},{"not_picked":["Choke","Predator"],"picked":"Dagger Throw","floor":12},{"not_picked":["Prepared","Flechettes"],"picked":"Reflex","floor":13},{"not_picked":["Underhanded Strike","Outmaneuver"],"picked":"All Out Attack","floor":14}],"player_experience":408106,"relics_obtained":[{"floor":4,"key":"Centennial Puzzle"},{"floor":9,"key":"Pear"},{"floor":12,"key":"Tiny Chest"}],"event_choices":[{"damage_healed":0,"gold_gain":150,"player_choice":"AGREE","damage_taken":0,"max_hp_gain":0,"max_hp_loss":0,"event_name":"Liars Game","floor":7,"gold_loss":0,"cards_obtained":["Doubt"]},{"damage_healed":0,"gold_gain":0,"player_choice":"Success","damage_taken":18,"relics_obtained":["Strawberry"],"max_hp_gain":0,"max_hp_loss":0,"event_name":"Scrap Ooze","floor":8,"gold_loss":0}],"is_beta":false,"boss_relics":[],"items_purged_floors":[10],"is_endless":false,"potions_floor_spawned":[2,13,14],"killed_by":"The Guardian","ascension_level":20}}