{"host":"ywrl54yaurj31tya","time":1609841213,"event":{"mods":["AchievementEnabler","BaseMod","Colored Map","Keyboard Shortcuts","Minty Spire (QoL Compilation)","Quick Restart","Rare Cards Sparkle","StSLib","SuperFastMode","everything is the same but u backflip on backflip"],"gold_per_floor":[115,129,54,73,148,148,181,195,195,195,227,240,260,277,277,353,353,371,371,381,395,395,395,445,524,524,543,543,215,244,263,263,337,337,354,50,50,67,67,67,77,95,95,126,139,155,30,48,48,48],"floor_reached":51,"playtime":1546,"items_purged":["Strike_P","Defend_P","Strike_P+1"],"score":1473,"play_id":"028044f8-6577-4cbf-bcfe-83be091339f2","local_time":"20210105190653","is_ascension_mode":true,"campfire_choices":[{"data":"Eruption","floor":6.0,"key":"SMITH"},{"data":"CrushJoints","floor":10.0,"key":"SMITH"},{"data":"EmptyFist","floor":15.0,"key":"SMITH"},{"data":"Protect","floor":23.0,"key":"SMITH"},{"data":"Fasting2","floor":32.0,"key":"SMITH"},{"data":"InnerPeace","floor":40,"key":"SMITH"},{"floor":49,"key":"RECALL"}],"circlet_count":0,"master_deck":["AscendersBane","Defend_P+1","Eruption+1","Vigilance+1","InnerPeace+1","EmptyMind+1","EmptyFist+1","CrushJoints+1","FearNoEvil+1","LessonLearned+1","SandsOfTime+1","Protect+1","Fasting2+1","Adaptation+1","Adaptation+1"],"relics":["PureWater","Lizard Tail","Pear","Meat on the Bone","Odd Mushroom","Coffee Dripper","Singing Bowl","Akabeko","OrangePellets","TeardropLocket","Runic Pyramid","Melange","Gambling Chip","Oddly Smooth Stone"],"acts_visited":["Exordium","TheCity","TheBeyond"],"potions_floor_usage":[],"damage_taken":[{"damage":5.0,"enemies":"2 Louse","floor":1.0,"turns":3.0},{"damage":0.0,"enemies":"Jaw Worm","floor":2.0,"turns":3.0},{"damage":1.0,"enemies":"Small Slimes","floor":4.0,"turns":4.0},{"damage":8.0,"enemies":"Gremlin Nob","floor":7.0,"turns":3.0},{"damage":11.0,"enemies":"2 Fungi Beasts","floor":8.0,"turns":3.0},{"damage":0.0,"enemies":"Lagavulin","floor":11.0,"turns":4.0},{"damage":13.0,"enemies":"3 Louse","floor":12.0,"turns":2.0},{"damage":0.0,"enemies":"The Mushroom Lair","floor":13.0,"turns":2.0},{"damage":6.0,"enemies":"Looter","floor":14.0,"turns":2.0},{"damage":27.0,"enemies":"The Guardian","floor":16.0,"turns":9.0},{"damage":11.0,"enemies":"2 Thieves","floor":18.0,"turns":2.0},{"damage":21.0,"enemies":"Shell Parasite","floor":20.0,"turns":3.0},{"damage":12.0,"enemies":"3 Cultists","floor":21.0,"turns":3.0},{"damage":17.0,"enemies":"Snake Plant","floor":27.0,"turns":3.0},{"damage":24.0,"enemies":"Book of Stabbing","floor":30.0,"turns":4.0},{"damage":10.0,"enemies":"Sentry and Sphere","floor":31.0,"turns":4.0},{"damage":3.0,"enemies":"Automaton","floor":33.0,"turns":6.0},{"damage":4,"enemies":"3 Shapes","floor":35,"turns":4},{"damage":3,"enemies":"Orb Walker","floor":38,"turns":2},{"damage":5,"enemies":"Jaw Worm Horde","floor":41,"turns":3},{"damage":0,"enemies":"Sphere and 2 Shapes","floor":42,"turns":3},{"damage":7,"enemies":"Nemesis","floor":44,"turns":3},{"damage":0,"enemies":"Spire Growth","floor":45,"turns":2},{"damage":0,"enemies":"Jaw Worm Horde","floor":46,"turns":2},{"damage":0,"enemies":"Transient","floor":48,"turns":5},{"damage":0,"enemies":"Time Eater","floor":50,"turns":4}],"seed_played":"1988415936092868407","potions_obtained":[{"floor":2.0,"key":"ColorlessPotion"},{"floor":11.0,"key":"Strength Potion"},{"floor":12.0,"key":"EntropicBrew"},{"floor":18.0,"key":"SpeedPotion"},{"floor":20.0,"key":"CultistPotion"},{"floor":30.0,"key":"Ambrosia"}],"is_trial":false,"path_per_floor":["M","M","?","M","?","R","E","M","T","R","E","M","?","M","R","B",null,"M","?","M","M","?","R","?","T","T","M","?","$","E","M","R","B",null,"M","$","?","M","$","R","M","M","T","E","M","M","$","M","R","B",null],"character_chosen":"WATCHER","items_purchased":["OrangePellets","Fasting2","Adaptation","Melange"],"campfire_rested":0,"item_purchase_floors":[29,29,36,36],"current_hp_per_floor":[56,56,56,55,44,44,36,25,35,35,35,34,46,40,40,25,60,49,28,19,19,19,19,19,19,19,16,31,31,21,25,25,36,69,67,67,67,66,66,66,63,65,65,58,60,62,62,64,64,64],"gold":48,"neow_bonus":"REMOVE_TWO","is_daily":false,"chose_seed":false,"campfire_upgraded":6,"win_rate":0.0,"timestamp":1609841213,"path_taken":["M","M","?","M","?","R","E","M","T","R","E","M","?","M","R","BOSS","M","?","M","M","?","R","?","?","T","M","?","$","E","M","R","BOSS","M","$","?","M","?","R","M","M","T","E","M","M","$","M","R","BOSS"],"items_purchased_type":["Relic","Card","Card","Relic"],"build_version":"2020-12-22","purchased_purges":3,"victory":true,"max_hp_per_floor":[62,62,62,62,62,62,62,62,72,72,72,72,72,72,72,72,72,72,72,72,72,72,72,72,72,72,74,74,74,76,78,78,80,80,82,82,82,84,84,84,86,88,88,88,90,92,92,94,94,94],"card_choices":[{"not_picked":["ThirdEye","EmptyBody"],"picked":"InnerPeace","floor":1.0},{"not_picked":["Fasting2","Halt"],"picked":"EmptyMind","floor":2.0},{"not_picked":["Prostrate","Evaluate"],"picked":"EmptyFist","floor":4.0},{"not_picked":["Vengeance","Sanctity","WreathOfFlame"],"picked":"SKIP","floor":7.0},{"not_picked":["SashWhip","InnerPeace"],"picked":"CrushJoints","floor":8.0},{"not_picked":["Prostrate","EmptyFist"],"picked":"FearNoEvil","floor":11.0},{"not_picked":["EmptyBody","CutThroughFate","CrushJoints"],"picked":"SKIP","floor":12.0},{"not_picked":["WaveOfTheHand","Prostrate","EmptyBody"],"picked":"SKIP","floor":14.0},{"not_picked":["DevaForm","DeusExMachina"],"picked":"LessonLearned","floor":16.0},{"not_picked":["PathToVictory","EmptyBody+1","ForeignInfluence"],"picked":"SKIP","floor":18.0},{"not_picked":["Nirvana","Halt"],"picked":"SandsOfTime","floor":20.0},{"not_picked":["BattleHymn","Protect","Swivel"],"picked":"SKIP","floor":21.0},{"not_picked":["BattleHymn","Swivel"],"picked":"Protect","floor":21.0},{"not_picked":["Conclude","FollowUp","SashWhip"],"picked":"Singing Bowl","floor":27.0},{"not_picked":["CrushJoints","WindmillStrike","Protect"],"picked":"Singing Bowl","floor":30.0},{"not_picked":["SandsOfTime","Vengeance","Swivel"],"picked":"Singing Bowl","floor":31.0},{"not_picked":["MasterReality","Devotion","Omniscience"],"picked":"Singing Bowl","floor":33.0},{"not_picked":["ClearTheMind","FlyingSleeves","Prostrate"],"picked":"Singing Bowl","floor":35},{"not_picked":["Weave","FearNoEvil+1","Protect"],"picked":"Singing Bowl","floor":38},{"not_picked":["ClearTheMind+1","CutThroughFate","EmptyBody"],"picked":"Singing Bowl","floor":41},{"not_picked":["ConjureBlade","Evaluate+1","EmptyMind+1"],"picked":"Singing Bowl","floor":42},{"not_picked":["ClearTheMind+1","Halt+1"],"picked":"Adaptation+1","floor":44},{"not_picked":["FlyingSleeves","Evaluate","CrushJoints+1"],"picked":"Singing Bowl","floor":45},{"not_picked":["FollowUp","PathToVictory","CrushJoints+1"],"picked":"Singing Bowl","floor":46},{"not_picked":["Adaptation","BowlingBash+1","Wireheading"],"picked":"Singing Bowl","floor":48}],"player_experience":583129,"relics_obtained":[{"floor":7.0,"key":"Lizard Tail"},{"floor":9.0,"key":"Pear"},{"floor":11.0,"key":"Meat on the Bone"},{"floor":13.0,"key":"Odd Mushroom"},{"floor":25.0,"key":"Singing Bowl"},{"floor":26.0,"key":"Akabeko"},{"floor":30.0,"key":"TeardropLocket"},{"floor":43,"key":"Gambling Chip"},{"floor":44,"key":"Oddly Smooth Stone"}],"event_choices":[{"cards_removed":["Defend_P"],"damage_healed":0.0,"max_hp_gain":0.0,"max_hp_loss":0.0,"gold_gain":0.0,"event_name":"The Cleric","player_choice":"Card Removal","floor":3.0,"gold_loss":75.0,"damage_taken":0.0},{"damage_healed":0.0,"max_hp_gain":0.0,"max_hp_loss":0.0,"gold_gain":75.0,"event_name":"World of Goop","player_choice":"Gather Gold","floor":5.0,"gold_loss":0.0,"damage_taken":11.0},{"damage_healed":0.0,"max_hp_gain":0.0,"max_hp_loss":0.0,"gold_gain":0.0,"event_name":"Mushrooms","player_choice":"Fought Mushrooms","floor":13.0,"gold_loss":0.0,"damage_taken":0.0},{"damage_healed":0.0,"max_hp_gain":0.0,"max_hp_loss":0.0,"gold_gain":0.0,"event_name":"Cursed Tome","player_choice":"Obtained Book","floor":19.0,"gold_loss":0.0,"damage_taken":21.0},{"damage_healed":0.0,"max_hp_gain":0.0,"max_hp_loss":0.0,"gold_gain":0.0,"event_name":"Vampires","player_choice":"Ignored","floor":22.0,"gold_loss":0.0,"damage_taken":0.0},{"damage_healed":0.0,"max_hp_gain":0.0,"max_hp_loss":0.0,"gold_gain":50.0,"event_name":"Nest","player_choice":"Stole From Cult","floor":24.0,"gold_loss":0.0,"damage_taken":0.0},{"damage_healed":15.0,"max_hp_gain":0.0,"max_hp_loss":0.0,"gold_gain":0.0,"event_name":"The Library","player_choice":"Heal","floor":28.0,"gold_loss":0.0,"damage_taken":0.0},{"cards_removed":["Strike_P"],"damage_healed":0,"gold_gain":0,"player_choice":"Offered Basic","damage_taken":0,"max_hp_gain":0,"max_hp_loss":0,"event_name":"Bonfire Elementals","floor":37,"gold_loss":0}],"is_beta":false,"boss_relics":[{"not_picked":["Tiny House","Velvet Choker"],"picked":"Coffee Dripper"},{"not_picked":["Sozu","Pandora\u0027s Box"],"picked":"Runic Pyramid"}],"items_purged_floors":[29,36,47],"is_endless":false,"potions_floor_spawned":[2,11,12,13,18,20,30,38,41,45,46],"ascension_level":18}}