{"host":"lpogke4cwz8zw1ju","time":1609818152,"event":{"mods":["Always Whale","BaseMod","Minty Spire (QoL Compilation)","Permanent Neow"],"gold_per_floor":[111,130,130,141,159,159,169,181,181,207,224,15,15,28,28,123,123,137,148,164,182,192,192,210,210,210,241,241,16,48,117,117,220,220,240,240,253,265,281,281,291,310,310,326,339,350,205,37,37,37],"floor_reached":51,"playtime":3076,"items_purged":["Strike_G","Defend_G"],"score":801,"play_id":"01088db9-61c8-4aec-8644-16ff8df856c4","local_time":"20210105044232","is_ascension_mode":false,"campfire_choices":[{"floor":6,"key":"REST"},{"floor":15,"key":"REST"},{"floor":23,"key":"REST"},{"floor":25,"key":"REST"},{"floor":28,"key":"REST"},{"floor":32,"key":"REST"},{"floor":40,"key":"REST"},{"floor":49,"key":"RECALL"}],"circlet_count":0,"master_deck":["Strike_G","Strike_G","Strike_G","Strike_G","Defend_G","Defend_G","Defend_G","Defend_G","Survivor","Neutralize","Cloak And Dagger","Accuracy","Acrobatics","Blade Dance","Quick Slash","Finisher","Cloak And Dagger","PiercingWail","Blade Dance","Flash of Steel","Finisher","Slice+1","Quick Slash+1","Dodge and Roll+1","Setup+1","Prepared","Flying Knee+1","Blade Dance","Infinite Blades","After Image","Acrobatics","Blade Dance","Choke+1","Quick Slash+1","Endless Agony","Backflip","Blade Dance","Blade Dance","Blade Dance+1","Panache"],"relics":["Fusion Hammer","Unceasing Top","Kunai","Philosopher\u0027s Stone","Thread and Needle","FossilizedHelix","Bird Faced Urn","Ornamental Fan","WristBlade","Mummified Hand","Bag of Marbles"],"acts_visited":["Exordium","TheCity","TheBeyond"],"potions_floor_usage":[16,16,16,33,33,38,50,50,50],"damage_taken":[{"damage":0,"enemies":"Jaw Worm","floor":1,"turns":5},{"damage":0,"enemies":"Cultist","floor":2,"turns":5},{"damage":2,"enemies":"2 Louse","floor":4,"turns":3},{"damage":3,"enemies":"Red Slaver","floor":5,"turns":4},{"damage":3,"enemies":"Exordium Thugs","floor":7,"turns":5},{"damage":0,"enemies":"3 Louse","floor":8,"turns":4},{"damage":1,"enemies":"Lagavulin","floor":10,"turns":4},{"damage":1,"enemies":"Looter","floor":11,"turns":3},{"damage":4,"enemies":"Exordium Thugs","floor":14,"turns":2},{"damage":13,"enemies":"Hexaghost","floor":16,"turns":10},{"damage":0,"enemies":"Spheric Guardian","floor":18,"turns":3},{"damage":14,"enemies":"2 Thieves","floor":19,"turns":3},{"damage":22,"enemies":"Chosen and Byrds","floor":20,"turns":5},{"damage":1,"enemies":"Cultist and Chosen","floor":21,"turns":5},{"damage":15,"enemies":"Snecko","floor":22,"turns":5},{"damage":9,"enemies":"Chosen and Byrds","floor":24,"turns":5},{"damage":14,"enemies":"Gremlin Leader","floor":27,"turns":8},{"damage":1,"enemies":"Book of Stabbing","floor":30,"turns":4},{"damage":9,"enemies":"Champ","floor":33,"turns":7},{"damage":0,"enemies":"3 Shapes","floor":35,"turns":3},{"damage":0,"enemies":"Orb Walker","floor":37,"turns":2},{"damage":0,"enemies":"Jaw Worm Horde","floor":38,"turns":2},{"damage":12,"enemies":"4 Shapes","floor":39,"turns":3},{"damage":0,"enemies":"Transient","floor":41,"turns":5},{"damage":0,"enemies":"Writhing Mass","floor":42,"turns":6},{"damage":0,"enemies":"4 Shapes","floor":44,"turns":2},{"damage":0,"enemies":"Jaw Worm Horde","floor":45,"turns":2},{"damage":0,"enemies":"Maw","floor":46,"turns":4},{"damage":0,"enemies":"Donu and Deca","floor":50,"turns":4}],"seed_played":"6438154215197091852","potions_obtained":[{"floor":5,"key":"SkillPotion"},{"floor":10,"key":"PowerPotion"},{"floor":11,"key":"Weak Potion"},{"floor":16,"key":"CultistPotion"},{"floor":20,"key":"Explosive Potion"},{"floor":22,"key":"Dexterity Potion"},{"floor":27,"key":"SkillPotion"},{"floor":30,"key":"LiquidMemories"},{"floor":35,"key":"Poison Potion"},{"floor":38,"key":"SneckoOil"},{"floor":39,"key":"SteroidPotion"},{"floor":44,"key":"SkillPotion"}],"is_trial":false,"path_per_floor":["M","M","?","M","M","R","M","M","T","E","M","$","?","M","R","B",null,"M","M","M","M","M","R","M","R","T","E","R","$","E","T","R","B",null,"M","?","M","M","M","R","M","M","T","M","M","M","$","$","R","B",null],"character_chosen":"THE_SILENT","items_purchased":["Blade Dance","Flash of Steel","Blade Dance","Infinite Blades","Bag of Marbles","Panache"],"campfire_rested":7,"item_purchase_floors":[12,12,29,29,47,48],"current_hp_per_floor":[70,70,63,61,58,70,67,67,67,66,65,65,65,61,70,57,70,70,56,34,33,18,39,30,51,51,37,58,58,57,57,70,61,70,70,70,70,70,60,70,70,70,70,70,70,70,70,70,70,70],"gold":37,"neow_bonus":"BOSS_RELIC","is_daily":false,"chose_seed":false,"campfire_upgraded":0,"win_rate":0.0,"timestamp":1609818152,"path_taken":["M","M","?","M","?","R","M","M","T","E","M","$","?","M","R","BOSS","M","M","M","M","M","R","M","R","T","E","R","$","E","?","R","BOSS","M","?","M","M","M","R","M","M","T","M","?","M","?","$","R","BOSS"],"items_purchased_type":["Card","Card","Card","Card","Relic","Card"],"build_version":"2020-12-22","purchased_purges":2,"victory":true,"max_hp_per_floor":[70,70,70,70,70,70,70,70,70,70,70,70,70,70,70,70,70,70,70,70,70,70,70,70,70,70,70,70,70,70,70,70,70,70,70,70,70,70,70,70,70,70,70,70,70,70,70,70,70,70],"card_choices":[{"not_picked":["Quick Slash","Bane"],"picked":"Cloak And Dagger","floor":1},{"not_picked":["Well Laid Plans","Dagger Throw"],"picked":"Accuracy","floor":2},{"not_picked":["Dodge and Roll","Dagger Throw"],"picked":"Acrobatics","floor":4},{"not_picked":["Reflex","Riddle With Holes"],"picked":"Blade Dance","floor":5},{"not_picked":["Predator","Caltrops"],"picked":"Quick Slash","floor":7},{"not_picked":["Prepared","Backflip"],"picked":"Finisher","floor":8},{"not_picked":["Bane","Caltrops"],"picked":"Cloak And Dagger","floor":10},{"not_picked":["Crippling Poison","Dash"],"picked":"PiercingWail","floor":11},{"not_picked":["Flying Knee","Crippling Poison","Tactician"],"picked":"SKIP","floor":14},{"not_picked":["Deadly Poison+1","Outmaneuver"],"picked":"Slice+1","floor":18},{"not_picked":["Sucker Punch","Cloak And Dagger"],"picked":"Quick Slash+1","floor":19},{"not_picked":["Tactician+1","PiercingWail"],"picked":"Dodge and Roll+1","floor":20},{"not_picked":["Outmaneuver+1","Leg Sweep+1"],"picked":"Setup+1","floor":21},{"not_picked":["Terror+1","Dagger Spray+1"],"picked":"Prepared","floor":22},{"not_picked":["Dodge and Roll","Deadly Poison","Expertise"],"picked":"SKIP","floor":24},{"not_picked":["Grand Finale","Riddle With Holes"],"picked":"Flying Knee+1","floor":27},{"not_picked":["Outmaneuver","Tactician","A Thousand Cuts"],"picked":"SKIP","floor":30},{"not_picked":["A Thousand Cuts","Phantasmal Killer"],"picked":"After Image","floor":33},{"not_picked":["Dagger Spray","Quick Slash"],"picked":"Acrobatics","floor":35},{"not_picked":["Quick Slash","Deadly Poison"],"picked":"Choke+1","floor":37},{"not_picked":["Expertise+1","Flying Knee+1"],"picked":"Quick Slash+1","floor":38},{"not_picked":["Choke","Reflex"],"picked":"Endless Agony","floor":39},{"not_picked":["Dash+1","Dodge and Roll"],"picked":"Backflip","floor":41},{"not_picked":["Underhanded Strike+1","Night Terror"],"picked":"Blade Dance","floor":42},{"not_picked":["PiercingWail+1","Cloak And Dagger"],"picked":"Blade Dance","floor":44},{"not_picked":["Catalyst+1","Quick Slash"],"picked":"Blade Dance+1","floor":45},{"not_picked":["Backflip","Masterful Stab","Poisoned Stab"],"picked":"SKIP","floor":46}],"player_experience":177803,"relics_obtained":[{"floor":9,"key":"Unceasing Top"},{"floor":10,"key":"Kunai"},{"floor":26,"key":"Thread and Needle"},{"floor":27,"key":"FossilizedHelix"},{"floor":30,"key":"Bird Faced Urn"},{"floor":31,"key":"Ornamental Fan"},{"floor":43,"key":"Mummified Hand"}],"event_choices":[{"damage_healed":0,"gold_gain":0,"player_choice":"Damaged","damage_taken":7,"max_hp_gain":0,"max_hp_loss":0,"event_name":"Wheel of Change","floor":3,"gold_loss":0},{"damage_healed":0,"gold_gain":0,"player_choice":"1 cards matched","damage_taken":0,"max_hp_gain":0,"max_hp_loss":0,"event_name":"Match and Keep!","floor":13,"gold_loss":0,"cards_obtained":["Finisher"]},{"damage_healed":0,"gold_gain":0,"player_choice":"Copied","damage_taken":0,"max_hp_gain":0,"max_hp_loss":0,"event_name":"Duplicator","floor":36,"gold_loss":0,"cards_obtained":["Blade Dance"]}],"is_beta":false,"boss_relics":[{"not_picked":["Busted Crown","Calling Bell"],"picked":"Philosopher\u0027s Stone"},{"not_picked":["HoveringKite","SlaversCollar"],"picked":"WristBlade"}],"items_purged_floors":[12,29],"is_endless":false,"potions_floor_spawned":[5,10,11,16,20,22,27,30,35,38,39,44],"ascension_level":0}}