{"host":"gg","time":1609824565,"event":{"mods":["BaseMod","Colored Map","Googly Eyes","Minty Spire (QoL Compilation)","Permanent Neow","Relic Stats","The IronCluck"],"gold_per_floor":[110,110,124,145,145,185,206,242,242,280,280,280,250,289,289,387,387,406,425,12,36,56,56,100,100,100,100,135,410,431,19,19,112,112,135,135,151,484,497,497,529,548,548,565,565,565,598,175,175,175,175,175,86,112,112],"floor_reached":56,"playtime":3770,"items_purged":["Regret","Normality"],"score":2685,"play_id":"b7bfb10d-ce44-4124-87f6-d10ef06c4570","local_time":"20210104212925","is_ascension_mode":true,"campfire_choices":[{"data":"WheelKick","floor":12.0,"key":"SMITH"},{"data":"CrushJoints","floor":15.0,"key":"SMITH"},{"data":"SandsOfTime","floor":23.0,"key":"SMITH"},{"data":"TalkToTheHand","floor":27.0,"key":"SMITH"},{"data":"Meditate","floor":32.0,"key":"SMITH"},{"floor":40.0,"key":"RECALL"},{"floor":49.0,"key":"REST"},{"data":"Alpha","floor":52.0,"key":"SMITH"}],"circlet_count":0,"master_deck":["AscendersBane","Strike_P+1","Strike_P+1","Strike_P+1","Defend_P+1","Eruption","Vigilance+1","WindmillStrike+1","Worship","CrushJoints+1","Wallop+1","TalkToTheHand+1","WheelKick+1","WheelKick","Ragnarok","SandsOfTime+1","Meditate+1","CarveReality+1","LessonLearned+1","Ragnarok+1","SpiritShield+1","WheelKick+1","Eruption","WheelKick","Tantrum","Alpha+1","Omniscience+1","TalkToTheHand"],"relics":["Snecko Eye","Mercury Hourglass","Toy Ornithopter","Anchor","Gremlin Horn","Ancient Tea Set","Sozu","PreservedInsect","Pen Nib","Bag of Marbles","Shuriken","Orichalcum","Strange Spoon","Cursed Key","Ornamental Fan","TungstenRod","Damaru","Orrery","Vajra"],"acts_visited":["Exordium","TheCity","TheBeyond","TheEnding"],"potions_floor_usage":[55],"damage_taken":[{"damage":6.0,"enemies":"2 Louse","floor":1.0,"turns":3.0},{"damage":4.0,"enemies":"Jaw Worm","floor":3.0,"turns":2.0},{"damage":0.0,"enemies":"Cultist","floor":4.0,"turns":3.0},{"damage":3.0,"enemies":"Gremlin Nob","floor":6.0,"turns":3.0},{"damage":0.0,"enemies":"Large Slime","floor":7.0,"turns":3.0},{"damage":0.0,"enemies":"Lagavulin","floor":8.0,"turns":5.0},{"damage":0.0,"enemies":"3 Sentries","floor":10.0,"turns":3.0},{"damage":0.0,"enemies":"Lagavulin","floor":14.0,"turns":4.0},{"damage":0.0,"enemies":"Slime Boss","floor":16.0,"turns":5.0},{"damage":11.0,"enemies":"Shell Parasite","floor":18.0,"turns":3.0},{"damage":0.0,"enemies":"2 Thieves","floor":19.0,"turns":3.0},{"damage":0.0,"enemies":"3 Cultists","floor":21.0,"turns":2.0},{"damage":0.0,"enemies":"Chosen and Byrds","floor":22.0,"turns":2.0},{"damage":0.0,"enemies":"Book of Stabbing","floor":24.0,"turns":2.0},{"damage":0.0,"enemies":"Gremlin Leader","floor":28.0,"turns":2.0},{"damage":6.0,"enemies":"Centurion and Healer","floor":30.0,"turns":2.0},{"damage":6.0,"enemies":"Collector","floor":33.0,"turns":4.0},{"damage":10.0,"enemies":"3 Shapes","floor":35.0,"turns":4.0},{"damage":0.0,"enemies":"Orb Walker","floor":37.0,"turns":1.0},{"damage":0.0,"enemies":"Spire Growth","floor":39.0,"turns":2.0},{"damage":0.0,"enemies":"Giant Head","floor":41.0,"turns":4.0},{"damage":0.0,"enemies":"4 Shapes","floor":42.0,"turns":7.0},{"damage":28.0,"enemies":"Writhing Mass","floor":44.0,"turns":4.0},{"damage":0.0,"enemies":"Reptomancer","floor":47.0,"turns":2.0},{"damage":10.0,"enemies":"Awakened One","floor":50.0,"turns":4.0},{"damage":0.0,"enemies":"Shield and Spear","floor":54.0,"turns":1.0},{"damage":44,"enemies":"The Heart","floor":55,"turns":6}],"seed_played":"-1822230635399717139","potions_obtained":[{"floor":1.0,"key":"BlessingOfTheForge"},{"floor":3.0,"key":"DistilledChaos"},{"floor":10.0,"key":"Weak Potion"},{"floor":13.0,"key":"Strength Potion"}],"is_trial":false,"path_per_floor":["M","?","M","M","?","E","M","E","T","E","?","R","?","E","R","B",null,"M","M","$","M","M","R","E","?","T","R","E","?","M","$","R","B",null,"M","?","M","?","M","R","E","M","T","M","?","?","E","$","R","B",null,"R","$","E","B",null],"character_chosen":"WATCHER","items_purchased":["PreservedInsect","Pen Nib","SandsOfTime","Strange Spoon","Ragnarok","Damaru","Orrery","Omniscience"],"campfire_rested":1,"item_purchase_floors":[20,20,20,31,31,48,48,53],"current_hp_per_floor":[55,55,51,51,56,53,53,53,53,58,51,51,51,51,51,51,63,52,52,52,52,52,52,52,52,52,52,52,52,46,46,46,40,60,50,50,50,50,50,50,50,50,50,27,27,27,27,27,47,37,60,60,60,60,21],"gold":112,"neow_bonus":"BOSS_RELIC","is_daily":false,"chose_seed":false,"campfire_upgraded":6,"win_rate":0.0,"timestamp":1609824565,"path_taken":["M","?","M","M","?","E","M","E","T","E","?","R","?","E","R","BOSS","M","M","$","M","?","R","E","?","T","R","E","?","?","$","R","BOSS","M","?","?","?","M","R","E","M","T","M","?","?","E","$","R","BOSS","R","$","E","BOSS"],"items_purchased_type":["Relic","Relic","Card","Relic","Card","Relic","Relic","Card"],"build_version":"2020-12-18","purchased_purges":2,"victory":true,"max_hp_per_floor":[68,62,62,62,67,67,67,67,67,67,67,67,67,67,67,67,67,67,67,67,67,67,67,67,67,67,67,67,67,67,67,67,67,67,67,67,67,67,67,67,67,67,67,67,67,67,67,67,67,67,67,67,67,67,67],"relic_stats":{"Gremlin Horn":[24,24],"counters":[27,86],"PreservedInsect":375,"Pen Nib":[14],"Orichalcum":[30],"Cursed Key":1,"Mercury Hourglass":[303],"Sozu":7,"Strange Spoon":[12],"Shuriken":[29],"Ornamental Fan":[72],"Snecko Eye":[157,185,135,164],"obtain_stats":[{"Gremlin Horn":10,"Golden Idol":2,"Damaru":48,"Vajra":54,"PreservedInsect":20,"Pen Nib":20,"Orichalcum":28,"Ancient Tea Set":14,"Cursed Key":34,"Mercury Hourglass":6,"Sozu":17,"Strange Spoon":31,"Anchor":9,"Shuriken":26,"Ornamental Fan":41,"Snecko Eye":0,"Orrery":48,"Bag of Marbles":24,"PureWater":0,"Toy Ornithopter":8,"TungstenRod":47},{"Gremlin Horn":7,"Golden Idol":1,"Damaru":24,"Vajra":26,"PreservedInsect":11,"Pen Nib":11,"Orichalcum":15,"Ancient Tea Set":8,"Cursed Key":17,"Mercury Hourglass":4,"Sozu":9,"Strange Spoon":16,"Anchor":6,"Shuriken":14,"Ornamental Fan":21,"Snecko Eye":0,"Orrery":24,"Bag of Marbles":14,"PureWater":0,"Toy Ornithopter":6,"TungstenRod":24},{"Gremlin Horn":22,"Golden Idol":3,"Damaru":75,"Vajra":80,"PreservedInsect":37,"Pen Nib":37,"Orichalcum":45,"Ancient Tea Set":26,"Cursed Key":51,"Mercury Hourglass":11,"Sozu":31,"Strange Spoon":47,"Anchor":19,"Shuriken":43,"Ornamental Fan":62,"Snecko Eye":0,"Orrery":75,"Bag of Marbles":43,"PureWater":0,"Toy Ornithopter":19,"TungstenRod":75}],"Toy Ornithopter":15,"TungstenRod":11},"card_choices":[{"not_picked":["LikeWater","Crescendo"],"picked":"WindmillStrike","floor":1.0},{"not_picked":["Swivel","BowlingBash"],"picked":"Worship","floor":3.0},{"not_picked":["EmptyBody","PathToVictory"],"picked":"CrushJoints","floor":4.0},{"not_picked":["FlyingSleeves","ClearTheMind"],"picked":"Wallop","floor":6.0},{"not_picked":["Conclude","ClearTheMind"],"picked":"TalkToTheHand","floor":8.0},{"not_picked":["WindmillStrike","Crescendo"],"picked":"WheelKick","floor":10.0},{"not_picked":["WreathOfFlame","BowlingBash"],"picked":"WheelKick","floor":14.0},{"not_picked":["Devotion","Scrawl"],"picked":"Ragnarok","floor":16.0},{"not_picked":["Weave","Crescendo","CrushJoints+1"],"picked":"SKIP","floor":18.0},{"not_picked":["Crescendo","PathToVictory","Collect"],"picked":"SKIP","floor":19.0},{"not_picked":["CutThroughFate","FlurryOfBlows"],"picked":"Meditate","floor":21.0},{"not_picked":["FlurryOfBlows","Devotion","Collect"],"picked":"SKIP","floor":22.0},{"not_picked":["FlurryOfBlows","Study","Evaluate"],"picked":"SKIP","floor":24.0},{"not_picked":["BowlingBash+1","Evaluate","Pray"],"picked":"SKIP","floor":28.0},{"not_picked":["ClearTheMind","FlurryOfBlows","Protect+1"],"picked":"SKIP","floor":30.0},{"not_picked":["Alpha","Brilliance"],"picked":"SpiritShield","floor":33.0},{"not_picked":["PathToVictory","BowlingBash"],"picked":"WheelKick+1","floor":35.0},{"not_picked":["Swivel","Protect","DeceiveReality"],"picked":"SKIP","floor":37.0},{"not_picked":["EmptyMind","CutThroughFate","FlyingSleeves+1"],"picked":"SKIP","floor":39.0},{"not_picked":["CrushJoints+1","ForeignInfluence"],"picked":"WheelKick","floor":41.0},{"not_picked":["Crescendo","Halt+1","JustLucky"],"picked":"SKIP","floor":42.0},{"not_picked":["Crescendo","Halt+1","JustLucky"],"picked":"SKIP","floor":42.0},{"not_picked":["Crescendo+1","Indignation"],"picked":"Tantrum","floor":44.0},{"not_picked":["Vengeance","FollowUp","LikeWater+1"],"picked":"SKIP","floor":47.0},{"not_picked":["PathToVictory","FlurryOfBlows+1"],"picked":"Alpha","floor":48.0},{"not_picked":["ReachHeaven","SignatureMove+1"],"picked":"TalkToTheHand","floor":54.0}],"player_experience":1053112,"relics_obtained":[{"floor":6.0,"key":"Mercury Hourglass"},{"floor":8.0,"key":"Toy Ornithopter"},{"floor":9.0,"key":"Anchor"},{"floor":10.0,"key":"Gremlin Horn"},{"floor":14.0,"key":"Ancient Tea Set"},{"floor":24.0,"key":"Bag of Marbles"},{"floor":26.0,"key":"Shuriken"},{"floor":28.0,"key":"Orichalcum"},{"floor":41.0,"key":"Ornamental Fan"},{"floor":47.0,"key":"TungstenRod"},{"floor":54.0,"key":"Vajra"}],"event_choices":[{"damage_healed":0.0,"max_hp_gain":0.0,"max_hp_loss":6.0,"gold_gain":0.0,"event_name":"Golden Idol","player_choice":"Lose Max HP","floor":2.0,"gold_loss":0.0,"damage_taken":0.0,"relics_obtained":["Golden Idol"]},{"damage_healed":0.0,"max_hp_gain":5.0,"max_hp_loss":0.0,"gold_gain":0.0,"event_name":"Big Fish","player_choice":"Donut","floor":5.0,"gold_loss":0.0,"damage_taken":0.0},{"cards_removed":["Defend_P"],"damage_healed":0.0,"max_hp_gain":0.0,"max_hp_loss":0.0,"gold_gain":0.0,"event_name":"Golden Wing","player_choice":"Card Removal","floor":11.0,"gold_loss":0.0,"damage_taken":7.0},{"damage_healed":0.0,"max_hp_gain":0.0,"max_hp_loss":0.0,"gold_gain":0.0,"event_name":"The Woman in Blue","player_choice":"Bought 2 Potions","floor":13.0,"gold_loss":0.0,"damage_taken":0.0},{"damage_healed":0.0,"max_hp_gain":0.0,"max_hp_loss":0.0,"gold_gain":0.0,"cards_transformed":["Defend_P","Strike_P"],"event_name":"Drug Dealer","player_choice":"Became Test Subject","floor":25.0,"gold_loss":0.0,"damage_taken":0.0,"cards_obtained":["CarveReality","LessonLearned"]},{"damage_healed":0.0,"max_hp_gain":0.0,"max_hp_loss":0.0,"gold_gain":275.0,"event_name":"Golden Shrine","player_choice":"Desecrate","floor":29.0,"gold_loss":0.0,"damage_taken":0.0,"cards_obtained":["Regret"]},{"damage_healed":0.0,"max_hp_gain":0.0,"max_hp_loss":0.0,"gold_gain":0.0,"event_name":"Match and Keep!","player_choice":"1 cards matched","floor":36.0,"gold_loss":0.0,"damage_taken":0.0,"cards_obtained":["Eruption"]},{"damage_healed":0.0,"max_hp_gain":0.0,"max_hp_loss":0.0,"gold_gain":333.0,"event_name":"The Moai Head","player_choice":"Gave Idol","floor":38.0,"relics_lost":["Golden Idol"],"gold_loss":0.0,"damage_taken":0.0},{"cards_removed":["Defend_P"],"damage_healed":0.0,"max_hp_gain":0.0,"max_hp_loss":0.0,"gold_gain":0.0,"event_name":"Falling","player_choice":"Removed Skill","floor":45.0,"gold_loss":0.0,"damage_taken":0.0},{"damage_healed":0.0,"max_hp_gain":0.0,"max_hp_loss":0.0,"gold_gain":0.0,"event_name":"SensoryStone","player_choice":"Memory 1","floor":46.0,"gold_loss":0.0,"damage_taken":0.0}],"is_beta":true,"boss_relics":[{"not_picked":["Runic Pyramid","Busted Crown"],"picked":"Sozu"},{"not_picked":["Runic Dome","SacredBark"],"picked":"Cursed Key"}],"items_purged_floors":[31,48],"is_endless":false,"potions_floor_spawned":[1,3,10,16,22,28,30,33,37,39,54],"ascension_level":19}}