{"host":"tom9euzqew4po1rs","time":1609890804,"event":{"mods":["BaseMod","Minty Spire (QoL Compilation)","Quick Restart","Rare Cards Sparkle","Replay The Spire","StSLib","The Animator","The Cursed"],"gold_per_floor":[119,45,57,72,86,101,101,136,136,136,149,164,164,178,178,280,280,296,566,40,60,73,73,73,73,90,102,127,138,138,84,84,98,98,98,98],"floor_reached":35,"playtime":2142,"items_purged":[],"score":315,"play_id":"1751ba9c-e0ad-43f0-9c81-46d7c014e6db","local_time":"20210105185324","is_ascension_mode":false,"campfire_choices":[{"data":"Distraction","floor":7,"key":"SMITH"},{"floor":10,"key":"RECALL"},{"data":"Distraction","floor":15,"key":"SMITH"},{"data":"Corpse Explosion","floor":23,"key":"SMITH"},{"floor":32,"key":"REST"},{"data":"Distraction","floor":34,"key":"SMITH"}],"circlet_count":0,"master_deck":["Strike_G+1","Strike_G+1","Strike_G+1","Strike_G+1","Strike_G+1","Defend_G+1","Defend_G+1","Defend_G+1","Defend_G+1","Defend_G+1","Survivor","Neutralize+1","Poisoned Stab","Fluid Movement","Distraction+1","Replay:Poison Smokescreen","Distraction+1","Replay:Poison Smokescreen","Infinite Blades","Corpse Explosion+1","Fluid Movement","Deflect","Poison Darts","CurseOfTheBell","Replay:Poison Smokescreen+1","Infinite Blades","Poisoned Stab","Well Laid Plans","Toxin Wave","Backflip","Distraction+1","Backflip","Slice"],"relics":["Ring of the Snake","Centennial Puzzle","ReplayTheSpireMod:Ninjato","Meat on the Bone","Calling Bell","Vajra","ReplayTheSpireMod:Shallot","FossilizedHelix","Replay:Bottled Snecko","Sling"],"acts_visited":["Exordium","TheCity"],"potions_floor_usage":[6,11,12,16,26,29,35],"damage_taken":[{"damage":1,"enemies":"Cultist","floor":1,"turns":3},{"damage":0,"enemies":"Jaw Worm","floor":3,"turns":6},{"damage":1,"enemies":"2 Louse","floor":4,"turns":5},{"damage":14,"enemies":"Exordium Wildlife","floor":5,"turns":6},{"damage":8,"enemies":"Large Slime","floor":6,"turns":6},{"damage":12,"enemies":"Gremlin Nob","floor":8,"turns":5},{"damage":1,"enemies":"Blue Slaver","floor":11,"turns":3},{"damage":15,"enemies":"Exordium Thugs","floor":12,"turns":3},{"damage":2,"enemies":"Large Slime","floor":14,"turns":7},{"damage":0,"enemies":"Hexaghost","floor":16,"turns":10},{"damage":0,"enemies":"Shell Parasite","floor":18,"turns":5},{"damage":11,"enemies":"Spheric Guardian","floor":21,"turns":4},{"damage":4,"enemies":"Centurion and Healer","floor":22,"turns":6},{"damage":0,"enemies":"Cultist and Chosen","floor":26,"turns":4},{"damage":14,"enemies":"Snake Plant","floor":27,"turns":4},{"damage":28,"enemies":"Chosen and Byrds","floor":29,"turns":6},{"damage":10,"enemies":"Sentry and Sphere","floor":33,"turns":5},{"damage":48,"enemies":"Automaton","floor":35,"turns":8}],"seed_played":"-4794894271324412867","potions_obtained":[{"floor":5,"key":"SteroidPotion"},{"floor":8,"key":"AttackPotion"},{"floor":11,"key":"SpeedPotion"},{"floor":12,"key":"EssenceOfSteel"},{"floor":22,"key":"Energy Potion"},{"floor":27,"key":"Swift Potion"},{"floor":33,"key":"Ancient Potion"}],"is_trial":false,"path_per_floor":["M","$","M","M","M","M","R","E","T","R","M","M","?","M","R","B",null,"M","?","$","M","M","R","PTL","PTL","M","M","T","M","?","$","R","M","R","B"],"character_chosen":"THE_SILENT","items_purchased":["Fluid Movement","Replay:Bottled Snecko","Sling","Infinite Blades","Poisoned Stab","Backflip"],"campfire_rested":1,"item_purchase_floors":[2,20,20,20,20,31],"current_hp_per_floor":[69,69,69,68,54,46,46,34,34,34,45,42,42,40,40,40,70,70,43,43,44,40,40,40,40,40,38,38,22,22,22,43,45,45,0,0],"gold":98,"neow_bonus":"RANDOM_COMMON_RELIC","is_daily":false,"chose_seed":false,"campfire_upgraded":4,"win_rate":0.0,"timestamp":1609890804,"path_taken":["M","$","M","M","M","?","R","E","T","R","M","M","?","M","R","BOSS","M","?","$","M","M","R","PTL","PTL","?","M","T","M","?","$","R","M","R","BOSS"],"items_purchased_type":["Card","Relic","Relic","Card","Card","Card"],"build_version":"2020-12-22","purchased_purges":0,"victory":false,"max_hp_per_floor":[70,70,70,70,70,70,70,70,70,70,70,70,70,70,70,70,70,70,70,70,70,70,70,70,70,70,70,70,70,70,70,70,70,70,70,70],"card_choices":[{"not_picked":["PiercingWail","Slice"],"picked":"Poisoned Stab","floor":1},{"not_picked":["Eviscerate","ReplayTheSpireMod:Scrap Shanks"],"picked":"Distraction","floor":3},{"not_picked":["Deflect","Slice"],"picked":"Replay:Poison Smokescreen","floor":4},{"not_picked":["Slice","Prepared"],"picked":"Distraction","floor":5},{"not_picked":["Cloak And Dagger","Skewer"],"picked":"Replay:Poison Smokescreen","floor":6},{"not_picked":["Distraction","Slice"],"picked":"Infinite Blades","floor":8},{"not_picked":["Backflip","Expertise"],"picked":"Corpse Explosion","floor":11},{"not_picked":["Bane","Sucker Punch"],"picked":"Fluid Movement","floor":12},{"not_picked":["All Out Attack","ReplayTheSpireMod:Exploit Weakness"],"picked":"Deflect","floor":14},{"not_picked":["Doppelganger","Bullet Time"],"picked":"Poison Darts","floor":16},{"not_picked":["Cloak And Dagger","Acrobatics+1"],"picked":"Replay:Poison Smokescreen+1","floor":18},{"not_picked":["Acrobatics","Sucker Punch"],"picked":"Well Laid Plans","floor":21},{"not_picked":["Bane","Slice"],"picked":"Toxin Wave","floor":22},{"not_picked":["Cloak And Dagger","Dagger Spray+1"],"picked":"Backflip","floor":26},{"not_picked":["Backflip","Dagger Spray"],"picked":"Distraction","floor":27},{"not_picked":["Choke","Dagger Throw","Hidden Blade+1"],"picked":"SKIP","floor":29},{"not_picked":["Dodge and Roll","Blade Dance"],"picked":"Slice","floor":33}],"player_experience":61028,"relics_obtained":[{"floor":8,"key":"ReplayTheSpireMod:Ninjato"},{"floor":9,"key":"Meat on the Bone"},{"floor":17,"key":"Vajra"},{"floor":17,"key":"ReplayTheSpireMod:Shallot"},{"floor":17,"key":"FossilizedHelix"}],"event_choices":[{"damage_healed":0,"gold_gain":270,"player_choice":"GOLD GOLD GOLD ","damage_taken":27,"max_hp_gain":0,"max_hp_loss":0,"event_name":"Knowing Skull","floor":19,"potions_obtained":[],"gold_loss":0,"cards_obtained":[]},{"damage_healed":0,"gold_gain":0,"player_choice":"Simplicity","damage_taken":0,"max_hp_gain":0,"max_hp_loss":0,"event_name":"Back to Basics","floor":30,"gold_loss":0,"cards_upgraded":["Strike_G","Strike_G","Strike_G","Strike_G","Strike_G","Defend_G","Defend_G","Defend_G","Defend_G","Defend_G"]}],"is_beta":false,"boss_relics":[{"not_picked":["Philosopher\u0027s Stone","HoveringKite"],"picked":"Calling Bell"}],"items_purged_floors":[],"is_endless":false,"potions_floor_spawned":[5,8,11,12,22,27,33],"killed_by":"Automaton","ascension_level":0}}