{"host":"ig7tc0uedzltt2sr","time":1609822153,"event":{"mods":["BaseMod","Better Twitch Integration","Block Reminder","Colored Map","Colored Powertips","Communication Mod","Current Relic Mod","GifTheSpireLib","HexUI Lib","Minty Spire (QoL Compilation)","Quick Restart","Random Character Button","Rare Cards Sparkle","Relic Sorter","Relic Stats","Slay the Relics Exporter","StSLib","SuperFastMode","Synergy Search","Twitch Decklist","Twitch Utils","everything is the same but u backflip on backflip","slay the spire mod where everything is the same but ironclad has a cowboy hat"],"gold_per_floor":[115,135,155,169,187,187,187],"floor_reached":6,"playtime":105,"items_purged":[],"score":40,"play_id":"93f7c04e-555a-42f9-ab96-076a2209b82b","local_time":"20210104204913","is_ascension_mode":false,"campfire_choices":[],"circlet_count":0,"master_deck":["Strike_R","Strike_R","Strike_R","Strike_R","Strike_R","Defend_R","Defend_R","Defend_R","Defend_R","Bash","Limit Break","Shockwave","Rupture","Blood for Blood","Cleave","Rampage"],"relics":["Burning Blood"],"acts_visited":["Exordium"],"potions_floor_usage":[],"damage_taken":[{"damage":9,"enemies":"Small Slimes","floor":1,"turns":8},{"damage":24,"enemies":"Jaw Worm","floor":2,"turns":11},{"damage":3,"enemies":"2 Louse","floor":3,"turns":6},{"damage":31,"enemies":"Gremlin Gang","floor":4,"turns":9},{"damage":16,"enemies":"Large Slime","floor":5,"turns":11},{"damage":28,"enemies":"Lagavulin","floor":6,"turns":6}],"seed_played":"-3854713954185453063","potions_obtained":[{"floor":2,"key":"Dexterity Potion"},{"floor":4,"key":"Dexterity Potion"}],"is_trial":false,"path_per_floor":["M","M","M","M","M","E"],"character_chosen":"IRONCLAD","items_purchased":[],"campfire_rested":0,"item_purchase_floors":[],"current_hp_per_floor":[77,59,62,37,27,0,0],"gold":187,"neow_bonus":"ONE_RANDOM_RARE_CARD","is_daily":false,"chose_seed":false,"campfire_upgraded":0,"win_rate":0.0,"timestamp":1609822153,"path_taken":["M","M","M","M","M","E"],"items_purchased_type":[],"build_version":"2020-12-22","purchased_purges":0,"victory":false,"max_hp_per_floor":[80,80,80,80,80,80,80],"relic_stats":{"counters":[6,51],"obtain_stats":[{"Burning Blood":0},{"Burning Blood":0},{"Burning Blood":0}],"Burning Blood":30},"card_choices":[{"not_picked":["Anger","Twin Strike"],"picked":"Shockwave","floor":1},{"not_picked":["Headbutt","Dropkick"],"picked":"Rupture","floor":2},{"not_picked":["Wild Strike","Havoc"],"picked":"Blood for Blood","floor":3},{"not_picked":["Clash","Havoc"],"picked":"Cleave","floor":4},{"not_picked":["Havoc","Sword Boomerang"],"picked":"Rampage","floor":5}],"player_experience":1423158,"relics_obtained":[],"event_choices":[],"is_beta":false,"boss_relics":[],"items_purged_floors":[],"is_endless":false,"potions_floor_spawned":[2,4],"killed_by":"Lagavulin","ascension_level":0}}