{"host":"wy5pcbg592uilh9l","time":1609816791,"event":{"mods":["AchievementEnabler","BaseMod","BetterRewards","Hubris","Infinite Spire","Minty Spire (QoL Compilation)","Permanent Neow","Replay The Spire","StSLib"],"gold_per_floor":[118,43,43,43,58,58,71,100,100,129,129,147,222,241,241,340,340,359,359,375,130,130,130],"floor_reached":22,"playtime":1870,"items_purged":["Defend_R","Strike_R"],"score":233,"play_id":"9dc79f03-a608-4ad6-bfb4-c91e3f539720","local_time":"20210104211951","is_ascension_mode":true,"campfire_choices":[{"floor":11,"key":"REST"},{"floor":15,"key":"REST"}],"circlet_count":0,"master_deck":["Strike_R","Strike_R","Strike_R","Defend_R","Defend_R","Defend_R","Bash","Burning Pact","Heavy Blade","Shrug It Off","Demon Form","Flex","Heavy Blade","Demon Form"],"relics":["Burning Blood","Tiny Chest","infinitespire:EmpoweringShard","Akabeko","Replay:Mystery Machine","CultistMask","Chemical X"],"acts_visited":["Exordium","TheCity"],"potions_floor_usage":[8,10,15,16,18,22],"damage_taken":[{"damage":8,"enemies":"Small Slimes","floor":1,"turns":4},{"damage":1,"enemies":"Cultist","floor":5,"turns":3},{"damage":9,"enemies":"Jaw Worm","floor":7,"turns":3},{"damage":22,"enemies":"Replay:BlueRogue","floor":8,"turns":4},{"damage":50,"enemies":"3 Sentries","floor":10,"turns":7},{"damage":23,"enemies":"Red Slaver","floor":12,"turns":3},{"damage":2,"enemies":"Looter","floor":14,"turns":2},{"damage":40,"enemies":"Fading Forest","floor":16,"turns":11},{"damage":37,"enemies":"Shell Parasite","floor":18,"turns":5},{"damage":66,"enemies":"3 Byrds","floor":20,"turns":7},{"damage":53,"enemies":"Centurion and Healer","floor":22,"turns":5}],"seed_played":"-6177181722518763430","potions_obtained":[{"floor":4,"key":"LiquidMemories"},{"floor":4,"key":"FairyPotion"},{"floor":4,"key":"SpeedPotion"},{"floor":5,"key":"Strength Potion"},{"floor":12,"key":"AttackPotion"},{"floor":14,"key":"Fruit Juice"},{"floor":16,"key":"Venom Potion"},{"floor":20,"key":"BloodPotion"}],"is_trial":false,"path_per_floor":["M","$","?","?","M","T","M","E","T","E","R","M","?","M","R","B",null,"M","?","M","$","M"],"character_chosen":"IRONCLAD","items_purchased":["Chemical X"],"campfire_rested":2,"item_purchase_floors":[21],"current_hp_per_floor":[78,78,78,78,80,80,77,61,61,17,41,24,13,17,46,12,85,54,54,19,19,0,0],"gold":130,"neow_bonus":"RANDOM_COMMON_RELIC","is_daily":false,"chose_seed":false,"campfire_upgraded":0,"win_rate":0.0,"timestamp":1609816791,"path_taken":["M","$","?","?","?","?","M","E","T","E","R","?","?","M","R","BOSS","M","?","M","$","M"],"items_purchased_type":["Relic"],"build_version":"2020-12-22","purchased_purges":2,"victory":false,"max_hp_per_floor":[80,80,80,80,80,80,80,80,80,80,80,80,80,80,85,85,85,85,85,85,85,85,85],"card_choices":[{"not_picked":["Replay:Undeath\u0027s Touch","Pommel Strike"],"picked":"Burning Pact","floor":1},{"not_picked":["Pommel Strike","Clash"],"picked":"Heavy Blade","floor":5},{"not_picked":["Perfected Strike","Sentinel"],"picked":"Shrug It Off","floor":7},{"not_picked":["Combust","Headbutt","Clothesline"],"picked":"SKIP","floor":8},{"not_picked":["Twin Strike","Iron Wave"],"picked":"Demon Form","floor":10},{"not_picked":["Uppercut","hubris:ReadiedAction"],"picked":"Flex","floor":12},{"not_picked":["Thunderclap","Dark Embrace"],"picked":"Heavy Blade","floor":14},{"not_picked":["Juggernaut","Double Tap"],"picked":"Demon Form","floor":16},{"not_picked":["Havoc","Headbutt+1","Sever Soul"],"picked":"SKIP","floor":18},{"not_picked":["Run Through+1","Dual Wield","Shockwave"],"picked":"SKIP","floor":20}],"player_experience":217361,"relics_obtained":[{"floor":6,"key":"infinitespire:EmpoweringShard"},{"floor":8,"key":"Akabeko"},{"floor":10,"key":"Replay:Mystery Machine"}],"event_choices":[{"damage_healed":0,"gold_gain":0,"player_choice":"Got Potions","damage_taken":0,"max_hp_gain":0,"max_hp_loss":0,"event_name":"Lab","floor":4,"gold_loss":0},{"damage_healed":0,"gold_gain":75,"player_choice":"Gather Gold","damage_taken":11,"max_hp_gain":0,"max_hp_loss":0,"event_name":"World of Goop","floor":13,"gold_loss":0},{"damage_healed":0,"gold_gain":0,"player_choice":"Trade","damage_taken":0,"relics_obtained":["CultistMask"],"max_hp_gain":0,"max_hp_loss":0,"event_name":"FaceTrader","floor":19,"gold_loss":0}],"is_beta":false,"boss_relics":[{"not_picked":["Honey Jar","Electric Blood","Velvet Choker"]}],"items_purged_floors":[2,21],"is_endless":false,"potions_floor_spawned":[5,12,14,16,20],"killed_by":"Centurion and Healer","ascension_level":4}}