{"host":"0v07cr0k93jhgkpm","time":1609833954,"event":{"mods":["BaseMod","Colored Map","DeckTracker","Minty Spire (QoL Compilation)","Quick Restart","SuperFastMode"],"gold_per_floor":[119,269,249,262,275,275,15,50,50,63,79,108,108,144,144,240,240,265,265,289,312,328,368,368,368,368,392,392,442,460,485,485,485,485],"floor_reached":33,"playtime":1289,"items_purged":["Doubt"],"score":574,"play_id":"c30d40cd-d6d6-4a93-bc0e-46b768400814","local_time":"20210105170554","is_ascension_mode":true,"campfire_choices":[{"data":"Deadly Poison","floor":6.0,"key":"SMITH"},{"floor":15,"key":"REST"},{"floor":24,"key":"REST"},{"data":"After Image","floor":32,"key":"SMITH"}],"circlet_count":0,"master_deck":["AscendersBane","Survivor","Neutralize","Deadly Poison+1","Tactician","Escape Plan","Sadistic Nature","Backflip","Cloak And Dagger","Footwork","Deflect","Reflex","Quick Slash","Burst","Well Laid Plans","Eviscerate","A Thousand Cuts","Die Die Die","Choke","Backflip","Envenom","Concentrate","Noxious Fumes","Blade Dance","Deadly Poison+1","Calculated Gamble","Prepared","Dagger Throw","Cloak And Dagger","Bouncing Flask","Writhe","Expertise","After Image+1"],"relics":["Ring of the Snake","NeowsBlessing","Mummified Hand","Meat on the Bone","Dream Catcher","Golden Idol","Tiny Chest","Pandora\u0027s Box","Lantern","Juzu Bracelet","Akabeko"],"acts_visited":["Exordium","TheCity"],"potions_floor_usage":[14,21,21,22,33,33],"damage_taken":[{"damage":0.0,"enemies":"2 Louse","floor":1.0,"turns":1.0},{"damage":0.0,"enemies":"Jaw Worm","floor":4.0,"turns":1.0},{"damage":0.0,"enemies":"Cultist","floor":5.0,"turns":1.0},{"damage":12.0,"enemies":"Lagavulin","floor":8.0,"turns":6.0},{"damage":4.0,"enemies":"Red Slaver","floor":10.0,"turns":3.0},{"damage":0.0,"enemies":"Looter","floor":11.0,"turns":3.0},{"damage":31.0,"enemies":"Gremlin Nob","floor":12.0,"turns":4.0},{"damage":22,"enemies":"3 Sentries","floor":14,"turns":14},{"damage":22,"enemies":"The Guardian","floor":16,"turns":14},{"damage":5,"enemies":"Chosen","floor":18,"turns":4},{"damage":4,"enemies":"Spheric Guardian","floor":20,"turns":4},{"damage":26,"enemies":"Snecko","floor":21,"turns":5},{"damage":19,"enemies":"3 Cultists","floor":22,"turns":4},{"damage":20,"enemies":"Gremlin Leader","floor":23,"turns":4},{"damage":7,"enemies":"Centurion and Healer","floor":30,"turns":5},{"damage":24,"enemies":"Cultist and Chosen","floor":31,"turns":4},{"damage":30,"enemies":"Champ","floor":33,"turns":7}],"seed_played":"-3801930468993186190","potions_obtained":[{"floor":3.0,"key":"DistilledChaos"},{"floor":4.0,"key":"Strength Potion"},{"floor":8.0,"key":"Fire Potion"},{"floor":12.0,"key":"SkillPotion"},{"floor":16,"key":"Block Potion"},{"floor":20,"key":"Energy Potion"},{"floor":21,"key":"Fire Potion"},{"floor":28,"key":"CunningPotion"},{"floor":28,"key":"SneckoOil"},{"floor":30,"key":"Strength Potion"}],"is_trial":false,"path_per_floor":["M","?","?","M","M","R","$","E","T","M","M","E","?","E","R","B",null,"M","?","M","M","M","E","R","?","T","T","?","?","M","M","R","B"],"character_chosen":"THE_SILENT","items_purchased":["Sadistic Nature"],"campfire_rested":2,"item_purchase_floors":[7],"current_hp_per_floor":[59,59,59,59,59,59,59,47,47,43,43,24,24,14,32,22,51,46,46,42,28,21,13,31,31,31,31,31,31,36,24,24,0,0],"gold":485,"neow_bonus":"THREE_ENEMY_KILL","is_daily":false,"chose_seed":false,"campfire_upgraded":2,"win_rate":0.0,"timestamp":1609833954,"path_taken":["M","?","?","?","M","R","?","E","T","M","M","E","?","E","R","BOSS","M","?","M","?","M","E","R","?","T","?","?","?","M","M","R","BOSS"],"items_purchased_type":["Card"],"build_version":"2020-12-22","purchased_purges":1,"victory":false,"max_hp_per_floor":[66,66,66,66,66,66,66,66,66,66,66,66,60,60,60,60,60,60,60,60,60,60,60,60,60,60,60,60,60,60,60,60,60,60],"card_choices":[{"not_picked":["Riddle With Holes","Slice"],"picked":"Deadly Poison","floor":1.0},{"not_picked":["Flying Knee","Finisher"],"picked":"Tactician","floor":4.0},{"not_picked":["Deadly Poison","Blade Dance"],"picked":"Escape Plan","floor":5.0},{"not_picked":["Masterful Stab","Dagger Spray"],"picked":"Backflip","floor":8.0},{"not_picked":["Endless Agony","Deadly Poison"],"picked":"Cloak And Dagger","floor":10.0},{"not_picked":["Masterful Stab","Calculated Gamble"],"picked":"Footwork","floor":11.0},{"not_picked":["Masterful Stab","A Thousand Cuts"],"picked":"Deflect","floor":12.0},{"not_picked":["Skewer","Flying Knee"],"picked":"Reflex","floor":14},{"not_picked":["Sucker Punch","Flying Knee"],"picked":"Quick Slash","floor":15},{"not_picked":["Bullet Time","After Image"],"picked":"Burst","floor":16},{"not_picked":["Predator","Underhanded Strike","Deflect"],"picked":"SKIP","floor":18},{"not_picked":["Riddle With Holes","Dodge and Roll"],"picked":"Calculated Gamble","floor":20},{"not_picked":["Slice","Blade Dance"],"picked":"Prepared","floor":21},{"not_picked":["Bane","Flying Knee"],"picked":"Dagger Throw","floor":22},{"not_picked":["Choke","Masterful Stab"],"picked":"Cloak And Dagger","floor":23},{"not_picked":["Choke","Flechettes"],"picked":"Bouncing Flask","floor":24},{"not_picked":["Cloak And Dagger","Dagger Throw"],"picked":"Expertise","floor":30},{"not_picked":["Dagger Throw","Dagger Spray"],"picked":"After Image","floor":31}],"player_experience":2476297,"relics_obtained":[{"floor":8.0,"key":"Mummified Hand"},{"floor":9.0,"key":"Meat on the Bone"},{"floor":12.0,"key":"Dream Catcher"},{"floor":14,"key":"Tiny Chest"},{"floor":23,"key":"Lantern"},{"floor":27,"key":"Akabeko"}],"event_choices":[{"damage_healed":0.0,"max_hp_gain":0.0,"max_hp_loss":0.0,"gold_gain":150.0,"event_name":"Liars Game","player_choice":"AGREE","floor":2.0,"gold_loss":0.0,"damage_taken":0.0,"cards_obtained":["Doubt"]},{"damage_healed":0.0,"max_hp_gain":0.0,"max_hp_loss":0.0,"gold_gain":0.0,"event_name":"The Woman in Blue","player_choice":"Bought 1 Potion","floor":3.0,"gold_loss":0.0,"damage_taken":0.0},{"damage_healed":0.0,"max_hp_gain":0.0,"max_hp_loss":6.0,"gold_gain":0.0,"event_name":"Golden Idol","player_choice":"Lose Max HP","floor":13.0,"gold_loss":0.0,"damage_taken":0.0,"relics_obtained":["Golden Idol"]},{"damage_healed":0,"gold_gain":0,"player_choice":"Copied","damage_taken":0,"max_hp_gain":0,"max_hp_loss":0,"event_name":"Duplicator","floor":19,"gold_loss":0,"cards_obtained":["Deadly Poison"]},{"damage_healed":0,"gold_gain":0,"player_choice":"Opened","damage_taken":0,"relics_obtained":["Juzu Bracelet"],"max_hp_gain":0,"max_hp_loss":0,"event_name":"The Mausoleum","floor":25,"gold_loss":0,"cards_obtained":["Writhe"]},{"damage_healed":0,"gold_gain":0,"player_choice":"Got Potions","damage_taken":0,"max_hp_gain":0,"max_hp_loss":0,"event_name":"Lab","floor":28,"gold_loss":0},{"damage_healed":0,"gold_gain":100,"player_choice":"Bet on Murderer","damage_taken":0,"max_hp_gain":0,"max_hp_loss":0,"event_name":"The Joust","floor":29,"gold_loss":50}],"is_beta":false,"boss_relics":[{"not_picked":["Runic Pyramid","Runic Dome"],"picked":"Pandora\u0027s Box"}],"items_purged_floors":[7],"is_endless":false,"potions_floor_spawned":[4,8,12,16,20,21,30],"killed_by":"Champ","ascension_level":20}}