{"host":"bbjnqymry46jz0fa","time":1609858170,"event":{"mods":["BaseMod","DeckTracker","Minty Spire (QoL Compilation)","Quick Restart","StSLib","SuperFastMode"],"gold_per_floor":[113,113,38,38,50,83,83,97,97,127,127,127,158,174,174,248,248,266,216,216,33,33,33,33,33],"floor_reached":24,"playtime":494,"items_purged":["Strike_R","Strike_R","Strike_R"],"score":520,"play_id":"c2511d5b-1219-4c83-8983-e28c493fbe1e","local_time":"20210105234930","is_ascension_mode":true,"campfire_choices":[{"data":"Fiend Fire","floor":7.0,"key":"SMITH"},{"data":"Pommel Strike","floor":12.0,"key":"SMITH"},{"data":"Dark Embrace","floor":15.0,"key":"SMITH"},{"data":"Evolve","floor":23.0,"key":"SMITH"}],"circlet_count":0,"master_deck":["AscendersBane","Strike_R","Defend_R","Defend_R","Defend_R","Bash+1","Battle Trance","Fiend Fire+1","Pommel Strike+1","Inflame","Dark Embrace+1","Barricade","Shrug It Off","Entrench","Evolve+1"],"relics":["Burning Blood","NeowsBlessing","Smiling Mask","Gremlin Horn","Juzu Bracelet","Mummified Hand","Snecko Eye"],"acts_visited":["TheCity"],"potions_floor_usage":[24],"damage_taken":[{"damage":0.0,"enemies":"Jaw Worm","floor":1.0,"turns":1.0},{"damage":0.0,"enemies":"2 Louse","floor":5.0,"turns":1.0},{"damage":0.0,"enemies":"Gremlin Nob","floor":6.0,"turns":1.0},{"damage":0.0,"enemies":"Cultist","floor":8.0,"turns":2.0},{"damage":5.0,"enemies":"3 Sentries","floor":10.0,"turns":5.0},{"damage":0.0,"enemies":"Lagavulin","floor":13.0,"turns":2.0},{"damage":36.0,"enemies":"Gremlin Gang","floor":14.0,"turns":5.0},{"damage":38.0,"enemies":"Slime Boss","floor":16.0,"turns":5.0},{"damage":12.0,"enemies":"3 Byrds","floor":18.0,"turns":2.0},{"damage":32,"enemies":"Slavers","floor":24,"turns":6}],"seed_played":"-8458167693823135537","potions_obtained":[{"floor":5.0,"key":"EntropicBrew"},{"floor":8.0,"key":"Block Potion"},{"floor":10.0,"key":"LiquidBronze"},{"floor":16.0,"key":"Weak Potion"}],"is_trial":false,"path_per_floor":["M","?","$","?","M","E","R","M","T","E","?","R","E","M","R","B",null,"M","$","?","$","?","R","E"],"character_chosen":"IRONCLAD","items_purchased":["Shrug It Off","Entrench"],"campfire_rested":0,"item_purchase_floors":[21,21],"current_hp_per_floor":[74,67,67,67,73,75,75,75,75,75,75,75,75,45,45,13,60,54,54,33,33,33,33,1,1],"gold":33,"neow_bonus":"THREE_ENEMY_KILL","is_daily":false,"chose_seed":false,"campfire_upgraded":4,"win_rate":0.0,"timestamp":1609858170,"path_taken":["M","?","$","?","?","E","R","M","T","E","?","R","E","M","R","BOSS","M","$","?","$","?","R","E"],"items_purchased_type":["Card","Card"],"build_version":"2020-12-22","purchased_purges":3,"victory":false,"max_hp_per_floor":[75,75,75,75,75,75,75,75,75,75,75,75,75,75,75,75,75,75,75,80,80,80,80,80,80],"card_choices":[{"not_picked":["Armaments","Anger","True Grit"],"picked":"SKIP","floor":1.0},{"not_picked":["Feel No Pain","True Grit"],"picked":"Battle Trance","floor":5.0},{"not_picked":["Havoc","Intimidate"],"picked":"Fiend Fire","floor":6.0},{"not_picked":["Iron Wave","Flex","Clash"],"picked":"SKIP","floor":8.0},{"not_picked":["Armaments","Rampage"],"picked":"Pommel Strike","floor":10.0},{"not_picked":["Entrench","Flex"],"picked":"Inflame","floor":13.0},{"not_picked":["Iron Wave","Seeing Red"],"picked":"Dark Embrace","floor":14.0},{"not_picked":["Juggernaut","Offering"],"picked":"Barricade","floor":16.0},{"not_picked":["Battle Trance","Warcry","Iron Wave"],"picked":"SKIP","floor":18.0}],"player_experience":729501,"relics_obtained":[{"floor":6.0,"key":"Smiling Mask"},{"floor":9.0,"key":"Gremlin Horn"},{"floor":10.0,"key":"Juzu Bracelet"},{"floor":13.0,"key":"Mummified Hand"}],"event_choices":[{"cards_removed":["Defend_R"],"damage_healed":0.0,"max_hp_gain":0.0,"max_hp_loss":0.0,"gold_gain":0.0,"event_name":"Golden Wing","player_choice":"Card Removal","floor":2.0,"gold_loss":0.0,"damage_taken":7.0},{"damage_healed":0.0,"max_hp_gain":0.0,"max_hp_loss":0.0,"gold_gain":0.0,"event_name":"Upgrade Shrine","player_choice":"Upgraded","floor":4.0,"gold_loss":0.0,"damage_taken":0.0,"cards_upgraded":["Bash"]},{"cards_removed":["Strike_R"],"damage_healed":0.0,"max_hp_gain":0.0,"max_hp_loss":0.0,"gold_gain":0.0,"event_name":"Bonfire Elementals","player_choice":"Offered Basic","floor":11.0,"gold_loss":0.0,"damage_taken":0.0},{"damage_healed":0.0,"max_hp_gain":5.0,"max_hp_loss":0.0,"gold_gain":0.0,"event_name":"Forgotten Altar","player_choice":"Shed Blood","floor":20.0,"gold_loss":0.0,"damage_taken":26.0},{"damage_healed":0.0,"max_hp_gain":0.0,"max_hp_loss":0.0,"gold_gain":0.0,"event_name":"The Library","player_choice":"Read","floor":22.0,"gold_loss":0.0,"damage_taken":0.0,"cards_obtained":["Evolve"]}],"is_beta":false,"boss_relics":[{"not_picked":["Black Star","Mark of Pain"],"picked":"Snecko Eye"}],"items_purged_floors":[3,19,21],"is_endless":false,"potions_floor_spawned":[5,8,10,16],"killed_by":"Slavers","ascension_level":20}}