{"host":"71akxjf7cjo3bhmj","time":1609808797,"event":{"mods":["AchievementEnabler","BaseMod","Colored Powertips","Minty Spire (QoL Compilation)"],"gold_per_floor":[13,13,36,57,78,78,121,46,69,98,98,132,132,156,156,280,280,294,327,340,358,358,394,410,431,431,466,466,466,466,591,591,710,710,724,742,652,676,58,96,96,117,117,117,117,137,176,176,176,176,176,176,5,5,5],"floor_reached":54,"playtime":5866,"items_purged":["Strike_B"],"score":870,"play_id":"35aceb27-de79-40c0-926b-64972e849b8c","local_time":"20210105020637","is_ascension_mode":false,"campfire_choices":[{"data":"Undo","floor":6.0,"key":"SMITH"},{"data":"Chaos","floor":11.0,"key":"SMITH"},{"data":"Zap","floor":13.0,"key":"SMITH"},{"floor":15.0,"key":"REST"},{"floor":28.0,"key":"REST"},{"data":"Hologram","floor":30.0,"key":"SMITH"},{"floor":32.0,"key":"REST"},{"data":"Madness","floor":45.0,"key":"SMITH"},{"floor":49.0,"key":"RECALL"},{"floor":52,"key":"REST"}],"circlet_count":0,"master_deck":["Strike_B+1","Strike_B+1","Defend_B+1","Defend_B+1","Defend_B+1","Zap+1","Dualcast+1","Chaos+1","Coolheaded+1","Undo+1","Doom and Gloom+1","Turbo+1","BootSequence+1","Double Energy+1","Echo Form+1","Hologram+1","Coolheaded+1","Meteor Strike+1","Cold Snap+1","Chill+1","Auto Shields+1","Rebound+1","Multi-Cast+1","Cold Snap+1","Redo+1","Turbo+1","Defragment+1","Rebound+1","Madness+1","Madness+1","Coolheaded+1","White Noise+1","Hologram","Biased Cognition","Stack+1","Coolheaded+1","Loop","Static Discharge+1","Turbo"],"relics":["Cracked Core","Golden Idol","Ancient Tea Set","Strawberry","Odd Mushroom","Centennial Puzzle","SlaversCollar","Red Mask","FossilizedHelix","Dream Catcher","Pen Nib","MutagenicStrength","Bird Faced Urn","Question Card","SacredBark","OrangePellets","Bag of Marbles","Letter Opener","Nunchaku","Bag of Preparation","Mark of the Bloom","Orrery"],"acts_visited":["Exordium","TheCity","TheBeyond","TheEnding"],"potions_floor_usage":[50],"damage_taken":[{"damage":2.0,"enemies":"Jaw Worm","floor":1.0,"turns":4.0},{"damage":1.0,"enemies":"2 Louse","floor":3.0,"turns":3.0},{"damage":0.0,"enemies":"Cultist","floor":4.0,"turns":4.0},{"damage":5.0,"enemies":"Looter","floor":5.0,"turns":4.0},{"damage":11.0,"enemies":"3 Sentries","floor":7.0,"turns":16.0},{"damage":14.0,"enemies":"The Mushroom Lair","floor":10.0,"turns":4.0},{"damage":14.0,"enemies":"Gremlin Nob","floor":12.0,"turns":4.0},{"damage":0.0,"enemies":"2 Fungi Beasts","floor":14.0,"turns":3.0},{"damage":43.0,"enemies":"Hexaghost","floor":16.0,"turns":11.0},{"damage":8.0,"enemies":"Spheric Guardian","floor":18.0,"turns":4.0},{"damage":48.0,"enemies":"Masked Bandits","floor":19.0,"turns":4.0},{"damage":0.0,"enemies":"Chosen","floor":20.0,"turns":4.0},{"damage":28.0,"enemies":"3 Cultists","floor":21.0,"turns":5.0},{"damage":12.0,"enemies":"Book of Stabbing","floor":23.0,"turns":5.0},{"damage":0.0,"enemies":"Shelled Parasite and Fungi","floor":24.0,"turns":8.0},{"damage":0.0,"enemies":"Centurion and Healer","floor":25.0,"turns":6.0},{"damage":8.0,"enemies":"Slavers","floor":27.0,"turns":6.0},{"damage":0.0,"enemies":"Colosseum Slavers","floor":31.0,"turns":5.0},{"damage":6.0,"enemies":"Colosseum Nobs","floor":31.0,"turns":6.0},{"damage":37.0,"enemies":"Champ","floor":33.0,"turns":10.0},{"damage":11.0,"enemies":"3 Darklings","floor":35.0,"turns":6.0},{"damage":0.0,"enemies":"3 Shapes","floor":36.0,"turns":6.0},{"damage":0.0,"enemies":"Jaw Worm Horde","floor":38.0,"turns":4.0},{"damage":0.0,"enemies":"Nemesis","floor":40.0,"turns":3.0},{"damage":3.0,"enemies":"Maw","floor":42.0,"turns":9.0},{"damage":0.0,"enemies":"Spire Growth","floor":46.0,"turns":4.0},{"damage":0.0,"enemies":"Reptomancer","floor":47.0,"turns":5.0},{"damage":57,"enemies":"Time Eater","floor":50,"turns":11},{"damage":38,"enemies":"Shield and Spear","floor":54,"turns":3}],"seed_played":"-4759106431008979199","potions_obtained":[{"floor":1.0,"key":"SpeedPotion"},{"floor":3.0,"key":"AttackPotion"},{"floor":16.0,"key":"SpeedPotion"},{"floor":19.0,"key":"PowerPotion"},{"floor":21.0,"key":"LiquidBronze"},{"floor":23.0,"key":"BlessingOfTheForge"},{"floor":24.0,"key":"SpeedPotion"},{"floor":31.0,"key":"Weak Potion"},{"floor":33.0,"key":"Block Potion"},{"floor":35.0,"key":"Swift Potion"},{"floor":38.0,"key":"SkillPotion"},{"floor":40.0,"key":"Explosive Potion"}],"is_trial":false,"path_per_floor":["M","?","M","M","M","R","E","$","T","?","R","E","R","M","R","B",null,"M","?","M","M","?","E","M","M","T","E","R","?","R","?","R","B",null,"M","M","?","M","$","E","?","M","T","?","R","M","E","?","R","B",null,"R","$","E"],"character_chosen":"DEFECT","items_purchased":["OrangePellets","Bag of Marbles","Letter Opener","BlessingOfTheForge","Orrery","Turbo"],"campfire_rested":4,"item_purchase_floors":[39,39,39,39,53,53],"current_hp_per_floor":[87,65,64,64,59,59,48,48,55,41,41,27,27,27,55,12,96,88,40,40,12,44,32,32,32,32,24,52,52,52,46,74,39,96,85,87,87,89,89,91,91,93,93,81,81,87,91,91,91,34,34,34,34,0,0],"gold":5,"neow_bonus":"TWENTY_PERCENT_HP_BONUS","is_daily":false,"chose_seed":false,"campfire_upgraded":5,"win_rate":0.0,"timestamp":1609808797,"path_taken":["M","?","M","M","M","R","E","$","T","?","R","E","R","M","R","BOSS","M","?","M","M","?","E","M","M","T","E","R","?","R","?","R","BOSS","M","M","?","?","$","E","?","M","T","?","R","M","E","?","R","BOSS","R","$","E"],"items_purchased_type":["Relic","Relic","Relic","Potion","Relic","Card"],"build_version":"2020-12-22","purchased_purges":1,"victory":false,"max_hp_per_floor":[89,89,89,89,89,89,89,89,96,96,96,96,96,96,96,96,96,96,96,96,96,96,96,96,96,96,96,96,96,96,96,96,96,96,96,96,96,96,96,96,96,96,96,96,96,96,96,96,96,96,96,96,96,96,96],"card_choices":[{"not_picked":["Steam Power","Barrage"],"picked":"Chaos","floor":1.0},{"not_picked":["Leap","Gash"],"picked":"Coolheaded","floor":3.0},{"not_picked":["BootSequence","Blizzard"],"picked":"Undo","floor":4.0},{"not_picked":["Aggregate","Beam Cell","Streamline"],"picked":"SKIP","floor":5.0},{"not_picked":["All For One","Rebound"],"picked":"Doom and Gloom","floor":7.0},{"not_picked":["Leap","Storm"],"picked":"Turbo","floor":10.0},{"not_picked":["Leap","All For One"],"picked":"BootSequence","floor":12.0},{"not_picked":["Cold Snap","Skim"],"picked":"Double Energy","floor":14.0},{"not_picked":["Multi-Cast","Meteor Strike"],"picked":"Echo Form","floor":16.0},{"not_picked":["Streamline","Ball Lightning+1"],"picked":"Hologram","floor":18.0},{"not_picked":["Self Repair","Steam+1"],"picked":"Coolheaded+1","floor":20.0},{"not_picked":["Cold Snap+1","Beam Cell"],"picked":"Meteor Strike","floor":21.0},{"not_picked":["Melter","Ball Lightning"],"picked":"Cold Snap+1","floor":23.0},{"not_picked":["Stack","Beam Cell"],"picked":"Chill+1","floor":24.0},{"not_picked":["Multi-Cast","Stack"],"picked":"Auto Shields","floor":25.0},{"not_picked":["Barrage","Streamline+1"],"picked":"Rebound","floor":27.0},{"not_picked":["Electrodynamics","Reboot","Rainbow"],"picked":"Multi-Cast","floor":33.0},{"not_picked":["Ball Lightning+1","Barrage+1","Aggregate"],"picked":"Cold Snap+1","floor":35.0},{"not_picked":["Sweeping Beam","Turbo+1","Force Field"],"picked":"Redo+1","floor":36.0},{"not_picked":["Gash","Steam","Doom and Gloom+1"],"picked":"Turbo","floor":38.0},{"not_picked":["Hello World+1","Redo","Steam+1"],"picked":"Defragment+1","floor":40.0},{"not_picked":["Steam Power+1","Barrage+1","Sweeping Beam"],"picked":"Rebound+1","floor":42.0},{"not_picked":["Gash","Cold Snap","Beam Cell"],"picked":"Coolheaded+1","floor":46.0},{"not_picked":["All For One","Chaos","Rebound"],"picked":"White Noise","floor":47.0},{"not_picked":["Steam","Redo","Sunder"],"picked":"Hologram","floor":52},{"not_picked":["Compile Driver","Cold Snap+1","Coolheaded"],"picked":"Biased Cognition","floor":53},{"not_picked":["Compile Driver+1","Heatsinks","Chaos"],"picked":"Stack+1","floor":53},{"not_picked":["Gash+1","Stack","Undo"],"picked":"Coolheaded+1","floor":53},{"not_picked":["Sweeping Beam","Cold Snap+1","Barrage+1"],"picked":"Loop","floor":53},{"not_picked":["Auto Shields+1","Ball Lightning+1","Hologram"],"picked":"Static Discharge+1","floor":53}],"player_experience":151650,"relics_obtained":[{"floor":7.0,"key":"Ancient Tea Set"},{"floor":9.0,"key":"Strawberry"},{"floor":10.0,"key":"Odd Mushroom"},{"floor":12.0,"key":"Centennial Puzzle"},{"floor":19.0,"key":"Red Mask"},{"floor":23.0,"key":"FossilizedHelix"},{"floor":26.0,"key":"Dream Catcher"},{"floor":27.0,"key":"Pen Nib"},{"floor":31.0,"key":"Bird Faced Urn"},{"floor":31.0,"key":"Question Card"},{"floor":40.0,"key":"Nunchaku"},{"floor":47.0,"key":"Bag of Preparation"}],"event_choices":[{"damage_healed":0.0,"max_hp_gain":0.0,"max_hp_loss":0.0,"gold_gain":0.0,"event_name":"Golden Idol","player_choice":"Take Damage","floor":2.0,"gold_loss":0.0,"damage_taken":22.0,"relics_obtained":["Golden Idol"]},{"damage_healed":0.0,"max_hp_gain":0.0,"max_hp_loss":0.0,"gold_gain":0.0,"event_name":"Mushrooms","player_choice":"Fought Mushrooms","floor":10.0,"gold_loss":0.0,"damage_taken":0.0},{"damage_healed":0.0,"max_hp_gain":0.0,"max_hp_loss":0.0,"gold_gain":0.0,"event_name":"Masked Bandits","player_choice":"Fought Bandits","floor":19.0,"gold_loss":0.0,"damage_taken":0.0},{"damage_healed":32.0,"max_hp_gain":0.0,"max_hp_loss":0.0,"gold_gain":0.0,"event_name":"The Library","player_choice":"Heal","floor":22.0,"gold_loss":0.0,"damage_taken":0.0},{"damage_healed":0.0,"max_hp_gain":0.0,"max_hp_loss":0.0,"gold_gain":0.0,"event_name":"Drug Dealer","player_choice":"Inject Mutagens","floor":29.0,"gold_loss":0.0,"damage_taken":0.0,"relics_obtained":["MutagenicStrength"]},{"damage_healed":0.0,"max_hp_gain":0.0,"max_hp_loss":0.0,"gold_gain":0.0,"event_name":"Colosseum","player_choice":"Fight","floor":31.0,"gold_loss":0.0,"damage_taken":0.0},{"damage_healed":0.0,"max_hp_gain":0.0,"max_hp_loss":0.0,"gold_gain":0.0,"event_name":"Colosseum","player_choice":"Fought Nobs","floor":31.0,"gold_loss":0.0,"damage_taken":0.0},{"cards_removed":["Defend_B"],"damage_healed":0.0,"max_hp_gain":0.0,"max_hp_loss":0.0,"gold_gain":0.0,"event_name":"Designer","player_choice":"Upgrade and Remove","floor":37.0,"gold_loss":90.0,"damage_taken":0.0,"cards_upgraded":["Dualcast"]},{"cards_removed":["Strike_B"],"damage_healed":0.0,"max_hp_gain":0.0,"max_hp_loss":0.0,"gold_gain":0.0,"event_name":"Falling","player_choice":"Removed Attack","floor":41.0,"gold_loss":0.0,"damage_taken":0.0},{"damage_healed":0.0,"max_hp_gain":0.0,"max_hp_loss":0.0,"gold_gain":0.0,"event_name":"Winding Halls","player_choice":"Embrace Madness","floor":44.0,"gold_loss":0.0,"damage_taken":12.0,"cards_obtained":["Madness","Madness"]},{"damage_healed":0.0,"max_hp_gain":0.0,"max_hp_loss":0.0,"gold_gain":0.0,"event_name":"MindBloom","player_choice":"Upgrade","floor":48.0,"gold_loss":0.0,"damage_taken":0.0,"cards_upgraded":["Strike_B","Strike_B","Defend_B","Defend_B","Defend_B","Coolheaded","Doom and Gloom","Turbo","BootSequence","Double Energy","Echo Form","Meteor Strike","Auto Shields","Rebound","Multi-Cast","Turbo","Madness","White Noise"],"relics_obtained":["Mark of the Bloom"]}],"is_beta":false,"boss_relics":[{"not_picked":["Fusion Hammer","Velvet Choker"],"picked":"SlaversCollar"},{"not_picked":["Coffee Dripper","Tiny House"],"picked":"SacredBark"}],"items_purged_floors":[8],"is_endless":false,"potions_floor_spawned":[1,3,16,19,21,23,24,31,33,35,38,40],"killed_by":"Shield and Spear","ascension_level":0}}