{"host":"tnhjz9cb8p0320p2","time":1609816067,"event":{"mods":["BaseMod","Better Third Choice","Downfall","Hermit","Marisa????????","Minty Spire (QoL Compilation)","Relic Stats","Replay The Spire","Shade Mod","StSLib","The Construct","The Cursed","The Jungle","The Runesmith"],"gold_per_floor":[116,116,19,29,29,64,64,99,123,154,172,184,184,196,196,275,275,290,14,28,46,196,61,61,94,94,119,151,168,168,202,202,277,277,293,64,114,132,180,208,208,208,208,208,235,250,250,276,276,276,276,276,8,35,35,35],"floor_reached":55,"playtime":5832,"items_purged":["Strike_B","Parasite","Normality"],"score":1542,"play_id":"67a7e19e-7769-466e-8f96-1a2d136c4608","local_time":"20210104210746","is_ascension_mode":true,"campfire_choices":[{"floor":7,"key":"REST"},{"floor":15,"key":"REST"},{"data":"Aggregate","floor":24,"key":"SMITH"},{"floor":32,"key":"REST"},{"floor":41,"key":"REST"},{"data":"Defragment","floor":44,"key":"SMITH"},{"floor":47,"key":"RECALL"},{"data":"Replay:SS_hec_1","floor":52,"key":"SMITH"}],"circlet_count":0,"master_deck":["AscendersBane","Strike_B","Strike_B","Defend_B","Defend_B","Defend_B","Defend_B","Zap","hermit:Strike_Hermit","hermit:Strike_Hermit","Panache","White Noise","Glacier","Go for the Eyes","Hologram","White Noise","Chaos","Panic Button","Aggregate+1","Undo","Bash","Rebound","Echo Form","Compile Driver","Electrodynamics","Chill","Core Surge","Conserve Battery+1","Reboot","ReplayTheSpireMod:Faulty Equipment","BasicCrystalCard","BasicCrystalCard+1","BasicCrystalCard","Thunder Strike","Chaos","Defragment+1","Reinforced Body","Conserve Battery+1","Consume","Conserve Battery","Capacitor","Doubt","BootSequence","Rebound+1","Stack","Replay:SS_hec_1+1","ReplayTheSpireMod:Private Reserves","Replay:Bootleg Shield Generator","Compile Driver","Barrage+1"],"relics":["Pen Nib","Pondfish Scales","Vajra","Replay:Wax Seal","Iron Core","Cursed Key","theJungle:Flamango","Replay:Bottled Steam","Gremlin Horn","Quantum Egg","MealTicket","SlaversCollar","CatCart","FossilizedHelix","ReplayTheSpireMod:Lightbulb","Chameleon Ring","Art of War","Meat on the Bone","ReplayTheSpireMod:TigerMarble"],"acts_visited":["Exordium","Exordium","TheBeyond","TheEnding"],"potions_floor_usage":[6,18,39,45,54,55],"damage_taken":[{"damage":18,"enemies":"Jaw Worm","floor":1,"turns":4},{"damage":1,"enemies":"Cultist","floor":4,"turns":3},{"damage":30,"enemies":"Lagavulin","floor":6,"turns":8},{"damage":19,"enemies":"Gremlin Nob","floor":8,"turns":4},{"damage":4,"enemies":"Lagavulin","floor":10,"turns":8},{"damage":1,"enemies":"2 Louse","floor":11,"turns":3},{"damage":0,"enemies":"2 Fungi Beasts","floor":12,"turns":3},{"damage":0,"enemies":"Large Slime","floor":14,"turns":6},{"damage":31,"enemies":"Fading Forest","floor":16,"turns":11},{"damage":0,"enemies":"theJungle:GiantWrat","floor":18,"turns":7},{"damage":7,"enemies":"theJungle:MUSHROOMGANG","floor":20,"turns":6},{"damage":0,"enemies":"theJungle:Snecko_Cultist_And_Trap","floor":21,"turns":6},{"damage":18,"enemies":"theJungle:2_Phrogs","floor":25,"turns":9},{"damage":16,"enemies":"theJungle:Cassacara","floor":28,"turns":8},{"damage":9,"enemies":"theJungle:SlimyTreeVines","floor":29,"turns":6},{"damage":0,"enemies":"theJungle:MamaSnecko","floor":31,"turns":4},{"damage":21,"enemies":"theJungle:FunGuy","floor":33,"turns":9},{"damage":14,"enemies":"Orb Walker","floor":35,"turns":4},{"damage":17,"enemies":"Orin","floor":37,"turns":13},{"damage":0,"enemies":"3 Shapes","floor":38,"turns":5},{"damage":45,"enemies":"2 Orb Walkers","floor":39,"turns":6},{"damage":23,"enemies":"Reptomancer","floor":40,"turns":10},{"damage":3,"enemies":"Nemesis","floor":45,"turns":13},{"damage":0,"enemies":"Transient","floor":46,"turns":5},{"damage":0,"enemies":"Giant Head","floor":48,"turns":8},{"damage":76,"enemies":"Time Eater","floor":50,"turns":11},{"damage":26,"enemies":"Shield and Spear","floor":54,"turns":7},{"damage":69,"enemies":"The Heart","floor":55,"turns":8}],"seed_played":"-3315005956009580247","potions_obtained":[{"floor":1,"key":"Death Potion"},{"floor":8,"key":"FearPotion"},{"floor":16,"key":"Weak Potion"},{"floor":21,"key":"SpeedPotion"},{"floor":25,"key":"LifebloodPotion"},{"floor":33,"key":"Guardian:BlockOnCardUsePotion"},{"floor":39,"key":"Block Potion"},{"floor":40,"key":"DuplicationPotion"},{"floor":48,"key":"Explosive Potion"}],"is_trial":false,"path_per_floor":["M","?","$","M","?","E","R","E","T","E","M","M","?","M","R","B",null,"M","$","M","M","?","?","R","E","T","T","E","M","?","E","R","B",null,"M","$","?","M","?","E","R","?","T","R","E","M","R","E","R","B",null,"R","$","E","B"],"character_chosen":"DEFECT","items_purchased":["Glacier","Go for the Eyes","Electrodynamics","Chill","Defragment","Reinforced Body","DistilledChaos","Compile Driver"],"campfire_rested":4,"item_purchase_floors":[3,3,19,19,36,36,53,53],"current_hp_per_floor":[46,46,46,45,68,38,59,40,40,36,35,35,35,35,56,41,64,64,64,57,57,57,57,57,39,39,39,23,20,20,20,41,20,58,44,59,42,42,8,4,24,68,68,68,65,65,65,65,55,35,60,60,68,42,0,0],"gold":35,"neow_bonus":"RANDOM_COLORLESS_2","is_daily":false,"chose_seed":false,"campfire_upgraded":3,"win_rate":0.0,"timestamp":1609816066,"path_taken":["M","?","$","?","?","E","R","E","T","E","M","M","?","M","R","BOSS","M","$","M","M","?","?","R","E","T","?","E","M","?","E","R","BOSS","M","$","?","M","?","E","R","?","T","R","E","M","R","E","R","BOSS","R","$","E","BOSS"],"items_purchased_type":["Card","Card","Card","Card","Card","Card","Potion","Card"],"build_version":"2020-12-22","purchased_purges":3,"victory":false,"max_hp_per_floor":[71,71,71,71,71,71,71,71,71,71,71,71,71,71,71,71,71,71,71,71,71,71,71,71,71,71,71,71,71,71,71,71,71,71,71,68,68,68,68,68,68,68,68,68,68,68,68,68,68,68,68,68,68,68,68,68],"relic_stats":{"Gremlin Horn":[26,26],"counters":[28,195],"MealTicket":23,"Pen Nib":[22],"Art of War":[9],"Cursed Key":3,"obtain_stats":[{"Iron Core":13,"Gremlin Horn":26,"theJungle:Flamango":23,"Quantum Egg":28,"Vajra":9,"Pen Nib":6,"Cursed Key":17,"SlaversCollar":34,"Pondfish Scales":8,"Chameleon Ring":43,"MealTicket":31,"Art of War":45,"ReplayTheSpireMod:TigerMarble":54,"Replay:Wax Seal":10,"CatCart":37,"Cracked Core":0,"ReplayTheSpireMod:Lightbulb":40,"FossilizedHelix":39,"Replay:Bottled Steam":25,"Meat on the Bone":48},{"Iron Core":7,"Gremlin Horn":13,"theJungle:Flamango":12,"Quantum Egg":14,"Vajra":4,"Pen Nib":3,"Cursed Key":9,"SlaversCollar":17,"Pondfish Scales":4,"Chameleon Ring":22,"MealTicket":16,"Art of War":23,"ReplayTheSpireMod:TigerMarble":27,"Replay:Wax Seal":5,"CatCart":19,"Cracked Core":0,"ReplayTheSpireMod:Lightbulb":22,"FossilizedHelix":21,"Replay:Bottled Steam":13,"Meat on the Bone":25},{"Iron Core":33,"Gremlin Horn":78,"theJungle:Flamango":69,"Quantum Egg":86,"Vajra":19,"Pen Nib":15,"Cursed Key":50,"SlaversCollar":105,"Pondfish Scales":19,"Chameleon Ring":143,"MealTicket":96,"Art of War":156,"ReplayTheSpireMod:TigerMarble":187,"Replay:Wax Seal":27,"CatCart":122,"Cracked Core":0,"ReplayTheSpireMod:Lightbulb":143,"FossilizedHelix":133,"Replay:Bottled Steam":78,"Meat on the Bone":169}],"Meat on the Bone":12},"card_choices":[{"not_picked":["Crow Ritual","Violence"],"picked":"Panache","floor":0},{"not_picked":["Rebound","Time Bomb"],"picked":"White Noise","floor":1},{"not_picked":["Rip and Tear","ReplaySolidLightProjector"],"picked":"Hologram","floor":4},{"not_picked":["Blizzard","Sweeping Beam"],"picked":"White Noise","floor":6},{"not_picked":["Barrage","Coolheaded"],"picked":"Chaos","floor":8},{"not_picked":["All For One","Stack"],"picked":"Panic Button","floor":10},{"not_picked":["Cold Snap","Gash"],"picked":"Aggregate","floor":11},{"not_picked":["Compile Driver","Panic Button"],"picked":"Undo","floor":12},{"not_picked":["Ball Lightning","Steam"],"picked":"Rebound","floor":14},{"not_picked":["Reboot","Offering"],"picked":"Echo Form","floor":16},{"not_picked":["Go for the Eyes","Turbo"],"picked":"Compile Driver","floor":18},{"not_picked":["Stack","Go for the Eyes"],"picked":"Core Surge","floor":20},{"not_picked":["Hologram","Panic Button"],"picked":"Conserve Battery+1","floor":21},{"not_picked":["Steam","Ball Lightning"],"picked":"Reboot","floor":25},{"not_picked":["ReplayTheSpireMod:System Scan","Recycle"],"picked":"BasicCrystalCard","floor":28},{"not_picked":["Ball Lightning","Redo"],"picked":"BasicCrystalCard+1","floor":29},{"not_picked":["Stack","Skim"],"picked":"BasicCrystalCard","floor":31},{"not_picked":["Mirror Shield","Hyperbeam"],"picked":"Thunder Strike","floor":33},{"not_picked":["Rip and Tear","Barrage"],"picked":"Chaos","floor":35},{"not_picked":["Time Bomb","Leap+1"],"picked":"Conserve Battery+1","floor":37},{"not_picked":["Time Bomb","Beam Cell"],"picked":"Consume","floor":38},{"not_picked":["Auto Shields","Sweeping Beam"],"picked":"Conserve Battery","floor":39},{"not_picked":["Reprogram","Double Energy"],"picked":"Capacitor","floor":40},{"not_picked":["Streamline","Conserve Battery"],"picked":"BootSequence","floor":45},{"not_picked":["ReplayGash","Reprogram"],"picked":"Rebound+1","floor":46},{"not_picked":["Sweeping Beam","Steam+1"],"picked":"Stack","floor":48},{"not_picked":["expansioncontent:Chronoboost","expansioncontent:ManipulateTime"],"picked":"Replay:SS_hec_1","floor":49},{"not_picked":["expansioncontent:SuperHexaguard","Thinking Ahead"],"picked":"ReplayTheSpireMod:Private Reserves","floor":49},{"not_picked":["expansioncontent:Hexaburn","Deep Breath"],"picked":"Replay:Bootleg Shield Generator","floor":49},{"not_picked":["Recycle","BasicCrystalCard"],"picked":"Barrage+1","floor":54}],"player_experience":2080535,"relics_obtained":[{"floor":6,"key":"Pen Nib"},{"floor":8,"key":"Pondfish Scales"},{"floor":9,"key":"Vajra"},{"floor":10,"key":"Replay:Wax Seal"},{"floor":25,"key":"Replay:Bottled Steam"},{"floor":26,"key":"Gremlin Horn"},{"floor":28,"key":"Quantum Egg"},{"floor":31,"key":"MealTicket"},{"floor":37,"key":"CatCart"},{"floor":39,"key":"FossilizedHelix"},{"floor":40,"key":"ReplayTheSpireMod:Lightbulb"},{"floor":43,"key":"Chameleon Ring"},{"floor":45,"key":"Art of War"},{"floor":48,"key":"Meat on the Bone"},{"floor":54,"key":"ReplayTheSpireMod:TigerMarble"}],"event_choices":[{"cards_removed":["Strike_B"],"damage_healed":0,"gold_gain":0,"player_choice":"Purged","damage_taken":0,"max_hp_gain":0,"max_hp_loss":0,"event_name":"Purifier","floor":2,"gold_loss":0},{"damage_healed":23,"gold_gain":0,"player_choice":"Banana","damage_taken":0,"max_hp_gain":0,"max_hp_loss":0,"event_name":"Big Fish","floor":5,"gold_loss":0},{"damage_healed":0,"gold_gain":0,"player_choice":"Fight","damage_taken":0,"max_hp_gain":0,"max_hp_loss":0,"event_name":"OrinTheCat","floor":37,"gold_loss":0},{"damage_healed":0,"gold_gain":0,"player_choice":"Fight","damage_taken":0,"max_hp_gain":0,"max_hp_loss":0,"event_name":"Mysterious Sphere","floor":39,"gold_loss":0},{"damage_healed":44,"gold_gain":0,"player_choice":"Heal","damage_taken":0,"max_hp_gain":0,"max_hp_loss":0,"event_name":"MindBloom","floor":42,"gold_loss":0,"cards_obtained":["Doubt"]},{"damage_healed":0,"gold_gain":0,"player_choice":"Memory 3","damage_taken":10,"max_hp_gain":0,"max_hp_loss":0,"event_name":"SensoryStone","floor":49,"gold_loss":0}],"is_beta":false,"boss_relics":[{"not_picked":["Fusion Hammer","Honey Jar"],"picked":"Cursed Key"},{"not_picked":["Replay:Drink Me","Kintsugi"],"picked":"SlaversCollar"}],"items_purged_floors":[19,36,53],"is_endless":false,"potions_floor_spawned":[1,8,16,21,25,33,39,40,48],"killed_by":"The Heart","ascension_level":16}}