{"host":"tjicewryrzew529r","time":1609834716,"event":{"mods":["AchievementEnabler","BaseMod","Block Reminder","Colored Map","DeckTracker","Downfall","Googly Eyes","Highlight Path","Minty Spire (QoL Compilation)","StSLib"],"gold_per_floor":[99,114,170,180,180,180,226,226,226,248,290,318,357,379,405,511,511,436,450,470,491,83,192,268,193,203,51,51,72,72,117,144,257,284,284,297,321,368,349,369,369,420,438,449,109,109,135,155,181,181],"floor_reached":51,"playtime":4707,"items_purged":["Slimebound:Strike_Slimebound","Slimebound:Defend_Slimebound","Slimebound:Defend_Slimebound"],"score":719,"play_id":"ad865719-7520-4650-87de-5a8b51d4488c","local_time":"20210105161836","is_ascension_mode":true,"campfire_choices":[{"data":"Slimebound:Split","floor":1.0,"key":"SMITH"},{"data":"Slimebound:Equalize","floor":6.0,"key":"SMITH"},{"floor":9.0,"key":"RECALL"},{"data":"Slimebound:DuplicatedForm","floor":18.0,"key":"SMITH"},{"data":"expansioncontent:Corrupt","floor":25.0,"key":"SMITH"},{"data":"Slimebound:Recycling","floor":28.0,"key":"SMITH"},{"data":"Slimebound:Nibble","floor":35.0,"key":"SMITH"},{"data":"Slimebound:LevelUp","floor":46,"key":"SMITH"}],"circlet_count":0,"master_deck":["Slimebound:Tackle","Slimebound:Defend_Slimebound","Slimebound:Defend_Slimebound","Slimebound:CorrosiveSpit+1","Slimebound:SplitBruiser","Slimebound:Equalize+1","Slimebound:PrepareCrush","Slimebound:ForwardTackle","Slimebound:DisruptingSlam","Slimebound:LeadByExample","Slimebound:ItLooksTasty","Slimebound:Equalize","Slimebound:DuplicatedForm+1","Slimebound:Recycling+1","Slimebound:RainOfGoop","Slimebound:Nibble+1","expansioncontent:Corrupt+1","Slimebound:Prepare+1","Slimebound:HungryTackle","Slimebound:Prepare","Ghostly","Ghostly","Ghostly","Ghostly","Ghostly","Slimebound:Prepare","Slimebound:LeechLife","Slimebound:LivingWall+1","Slimebound:SplitLeeching+1","Slimebound:HungryTackle+1","Slimebound:SplitLeeching","Slimebound:LivingWall","expansioncontent:DefensiveStance","expansioncontent:DarkVoid","Slimebound:LevelUp+1","Slimebound:RejuvenatingLick+1","Slimebound:Recycling"],"relics":["Slimebound:AbsorbEndCombat","Slimebound:MaxSlimesRelic","CeramicFish","Bronze Scales","Centennial Puzzle","Letter Opener","Coffee Dripper","downfall:HeartBlessingRed","Lee\u0027s Waffle","White Beast Statue","downfall:HeartBlessingBlue","Omamori","Astrolabe","MealTicket","Kunai","Unceasing Top","Girya","Nunchaku"],"acts_visited":["Exordium","TheCity","TheBeyond"],"potions_floor_usage":[49],"damage_taken":[{"damage":14.0,"enemies":"Jaw Worm","floor":2.0,"turns":5.0},{"damage":21.0,"enemies":"Gremlin Nob","floor":3.0,"turns":3.0},{"damage":8.0,"enemies":"2 Louse","floor":4.0,"turns":2.0},{"damage":11.0,"enemies":"Small Slimes","floor":10.0,"turns":2.0},{"damage":30.0,"enemies":"Lagavulin","floor":11.0,"turns":6.0},{"damage":19.0,"enemies":"Exordium Wildlife","floor":12.0,"turns":4.0},{"damage":25.0,"enemies":"Gremlin Nob","floor":13.0,"turns":3.0},{"damage":21.0,"enemies":"Gremlin Gang","floor":14.0,"turns":4.0},{"damage":8.0,"enemies":"2 Fungi Beasts","floor":15.0,"turns":2.0},{"damage":49.0,"enemies":"downfall:Silent","floor":16.0,"turns":5.0},{"damage":26.0,"enemies":"3 Byrds","floor":19.0,"turns":2.0},{"damage":37.0,"enemies":"Shell Parasite","floor":20.0,"turns":3.0},{"damage":13.0,"enemies":"3 Cultists","floor":21.0,"turns":4.0},{"damage":47.0,"enemies":"downfall:FleeingMerchant","floor":22.0,"turns":4.0},{"damage":34.0,"enemies":"downfall:LadyInBlue","floor":23.0,"turns":4.0},{"damage":36.0,"enemies":"Snake Plant","floor":26.0,"turns":2.0},{"damage":39.0,"enemies":"downfall:FleeingMerchant","floor":27.0,"turns":4.0},{"damage":33.0,"enemies":"Snecko","floor":29.0,"turns":4.0},{"damage":12.0,"enemies":"Centurion and Healer","floor":32.0,"turns":4.0},{"damage":39.0,"enemies":"downfall:Watcher","floor":33.0,"turns":7.0},{"damage":11.0,"enemies":"Orb Walker","floor":36.0,"turns":4.0},{"damage":30.0,"enemies":"3 Darklings","floor":37.0,"turns":5.0},{"damage":10.0,"enemies":"downfall:FleeingMerchant","floor":39.0,"turns":3.0},{"damage":8,"enemies":"4 Shapes","floor":40,"turns":3},{"damage":18,"enemies":"2 Orb Walkers","floor":42,"turns":6},{"damage":26,"enemies":"Writhing Mass","floor":44,"turns":5},{"damage":13,"enemies":"Sphere and 2 Shapes","floor":47,"turns":4},{"damage":5,"enemies":"Spire Growth","floor":48,"turns":5},{"damage":7,"enemies":"Writhing Mass","floor":49,"turns":5},{"damage":45,"enemies":"downfall:Ironclad","floor":50,"turns":9}],"seed_played":"-3111457197658077260","potions_obtained":[{"floor":2.0,"key":"Slimebound:SpawnSlimePotion"},{"floor":13.0,"key":"CultistPotion"},{"floor":14.0,"key":"sneckomod:MuddlingPotion"},{"floor":16.0,"key":"DuplicationPotion"},{"floor":23.0,"key":"Regen Potion"},{"floor":23.0,"key":"Dexterity Potion"},{"floor":29.0,"key":"PowerPotion"},{"floor":33.0,"key":"Fruit Juice"},{"floor":36.0,"key":"LiquidBronze"},{"floor":37.0,"key":"Block Potion"},{"floor":49,"key":"Fruit Juice"}],"is_trial":false,"path_per_floor":["R","M","?","M","?","R","T","?","R","M","E","M","E","M","M","B",null,"R","M","M","M","$","?","T","R","M","$","R","M","?","?","M","B",null,"R","M","M","?","$","M","T","?","?","M","$","R","M","M","M","B",null],"character_chosen":"SLIMEBOUND","items_purchased":["expansioncontent:Corrupt","Lee\u0027s Waffle","Omamori","Kunai","Slimebound:LevelUp","Nunchaku"],"campfire_rested":0,"item_purchase_floors":[22,22,27,39,45,45],"current_hp_per_floor":[60,58,45,49,46,46,46,46,46,45,41,46,35,32,40,27,60,60,54,57,57,67,58,58,68,59,73,73,65,65,38,38,43,43,43,43,43,43,37,43,43,43,38,37,43,43,43,43,48,48],"gold":181,"neow_bonus":"UPGRADE_CARD","is_daily":false,"chose_seed":false,"campfire_upgraded":7,"win_rate":0.0,"timestamp":1609834716,"path_taken":["R","M","?","M","?","R","T","?","R","M","E","M","E","M","M","BOSS","R","M","M","M","$","?","T","R","M","$","R","?","?","?","M","BOSS","R","M","M","?","$","M","T","?","?","M","$","R","M","M","M","BOSS"],"items_purchased_type":["Card","Relic","Relic","Relic","Card","Relic"],"build_version":"2020-12-22","purchased_purges":3,"victory":true,"max_hp_per_floor":[60,60,60,60,60,60,60,60,60,60,60,60,60,60,60,60,60,60,60,60,60,67,67,67,77,77,77,77,77,77,38,38,43,43,43,43,43,43,43,43,43,43,43,43,43,43,43,43,48,48],"card_choices":[{"not_picked":["Slimebound:SlimeSpikes","Slimebound:SplitLeeching"],"picked":"Slimebound:SplitBruiser","floor":2.0},{"not_picked":["Slimebound:ViciousTackle","Slimebound:LeechingTouch"],"picked":"Slimebound:SamplingLick","floor":3.0},{"not_picked":["Slimebound:BestDefense","Slimebound:SplitMire"],"picked":"Slimebound:Equalize","floor":4.0},{"not_picked":["Slimebound:LeechingTouch","Slimebound:HauntingLick"],"picked":"Slimebound:PrepareCrush","floor":10.0},{"not_picked":["Slimebound:FinishingTackle","Slimebound:GrowthPunch"],"picked":"Slimebound:ForwardTackle","floor":11.0},{"not_picked":["Slimebound:SlimeSpikes","Slimebound:SelfFormingGoo"],"picked":"Slimebound:DisruptingSlam","floor":12.0},{"not_picked":["Slimebound:LeechingTouch","Slimebound:ProtectTheBoss"],"picked":"Slimebound:LeadByExample","floor":13.0},{"not_picked":["Slimebound:FormOfPuddle","Slimebound:FirmFortitude"],"picked":"Slimebound:ItLooksTasty","floor":14.0},{"not_picked":["Slimebound:SlimeTap","Slimebound:GoopTackle"],"picked":"Slimebound:Equalize","floor":15.0},{"not_picked":["Slimebound:MassRepurpose","Slimebound:SelfFormingGoo"],"picked":"Slimebound:DuplicatedForm","floor":16.0},{"not_picked":["Slimebound:SamplingLick","Slimebound:ViciousTackle","Slimebound:RollThrough"],"picked":"SKIP","floor":19.0},{"not_picked":["Slimebound:HauntingLick","Slimebound:ViciousTackle"],"picked":"Slimebound:Recycling","floor":20.0},{"not_picked":["Slimebound:SpikyOuterGoop+1","Slimebound:SlimeSpikes"],"picked":"Slimebound:RainOfGoop","floor":21.0},{"not_picked":["Slimebound:RainOfGoop+1","Slimebound:SelfFormingGoo"],"picked":"Slimebound:Nibble","floor":22.0},{"not_picked":["Slimebound:SplitBruiser+1","Slimebound:SamplingLick"],"picked":"Slimebound:Prepare+1","floor":23.0},{"not_picked":["Slimebound:ComboTackle+1","Slimebound:SamplingLick","Slimebound:GoopSpray"],"picked":"SKIP","floor":26.0},{"not_picked":["Slimebound:SplitMire","Slimebound:ForwardTackle"],"picked":"Slimebound:HungryTackle","floor":27.0},{"not_picked":["Slimebound:SplitAcid+1","Slimebound:HauntingLick"],"picked":"Slimebound:Prepare","floor":29.0},{"not_picked":["Slimebound:GrowthPunch","Slimebound:LeechEnergy+1"],"picked":"Slimebound:Prepare","floor":32.0},{"not_picked":["Slimebound:WasteNot","Slimebound:MinionMaster"],"picked":"Slimebound:LeechLife","floor":33.0},{"not_picked":["Slimebound:LeechEnergy+1","Slimebound:GrowthPunch+1","Slimebound:RollThrough+1"],"picked":"SKIP","floor":36.0},{"not_picked":["Slimebound:Schlurp+1","Slimebound:ViciousTackle"],"picked":"Slimebound:SplitLeeching","floor":37.0},{"not_picked":["Slimebound:RollThrough+1","Slimebound:BestDefense+1"],"picked":"Slimebound:LivingWall","floor":40},{"not_picked":["expansioncontent:Collect","expansioncontent:DarkVoid"],"picked":"expansioncontent:DefensiveStance","floor":43},{"not_picked":["expansioncontent:HyperBeam","expansioncontent:Flail"],"picked":"expansioncontent:DarkVoid","floor":43},{"not_picked":["Slimebound:ComboTackle","Slimebound:SplitAcid","Slimebound:GoopTackle"],"picked":"SKIP","floor":44},{"not_picked":["Slimebound:LeechEnergy+1","Slimebound:Replication+1"],"picked":"Slimebound:RejuvenatingLick+1","floor":47},{"not_picked":["Slimebound:SamplingLick+1","Slimebound:RollThrough+1","Slimebound:LeechEnergy+1"],"picked":"SKIP","floor":48},{"not_picked":["Slimebound:PressTheAttack+1","Slimebound:ViciousTackle+1"],"picked":"Slimebound:Recycling","floor":49}],"player_experience":397194,"relics_obtained":[{"floor":3.0,"key":"Slimebound:MaxSlimesRelic"},{"floor":7.0,"key":"Bronze Scales"},{"floor":11.0,"key":"Centennial Puzzle"},{"floor":13.0,"key":"Letter Opener"},{"floor":23.0,"key":"White Beast Statue"},{"floor":38.0,"key":"MealTicket"},{"floor":41,"key":"Unceasing Top"},{"floor":42,"key":"Girya"}],"event_choices":[{"damage_healed":0.0,"max_hp_gain":0.0,"max_hp_loss":0.0,"gold_gain":0.0,"event_name":"Scrap Ooze","player_choice":"Success","floor":5.0,"gold_loss":0.0,"damage_taken":3.0,"relics_obtained":["CeramicFish"]},{"damage_healed":0.0,"max_hp_gain":0.0,"max_hp_loss":39.0,"gold_gain":0.0,"event_name":"Ghosts","player_choice":"Became a Ghost","floor":31.0,"gold_loss":0.0,"damage_taken":0.0,"cards_obtained":["Ghostly","Ghostly","Ghostly","Ghostly","Ghostly"]},{"damage_healed":0,"gold_gain":0,"player_choice":"Fight","damage_taken":0,"max_hp_gain":0,"max_hp_loss":0,"event_name":"Mysterious Sphere","floor":42,"gold_loss":0}],"is_beta":false,"boss_relics":[{"not_picked":["Black Star","Calling Bell"],"picked":"Coffee Dripper"},{"not_picked":["Snecko Eye","Pandora\u0027s Box"],"picked":"Astrolabe"}],"items_purged_floors":[22,39,45],"is_endless":false,"potions_floor_spawned":[2,13,14,16,26,27,29,32,33,36,37,39,42,44,47,48,49],"ascension_level":1}}