{"host":"nqsrckqog5ia9mbo","time":1609878001,"event":{"mods":["AchievementEnabler","BaseMod","Colored Map","Highlight Path","Minty Spire (QoL Compilation)"],"gold_per_floor":[113,113,125,125,143,143,176,191,191,206,206,206,221,239,239,341,341,329,342,216,216,38,64,64,74,98,29,57,57,57,68,68,68,68],"floor_reached":33,"playtime":1974,"items_purged":["Strike_B","Strike_B"],"score":380,"play_id":"9f896df8-951b-499e-91bf-e1261a34129b","local_time":"20210105212001","is_ascension_mode":true,"campfire_choices":[{"data":"Turbo","floor":6,"key":"SMITH"},{"floor":12,"key":"REST"},{"data":"Cold Snap","floor":15,"key":"SMITH"},{"floor":24,"key":"REST"},{"floor":30,"key":"REST"},{"floor":32,"key":"REST"}],"circlet_count":0,"master_deck":["Strike_B","Strike_B","Defend_B","Defend_B","Defend_B","Defend_B","Zap","Dualcast+1","Gash","Self Repair","Turbo+1","Cold Snap+1","Barrage+1","Go for the Eyes+1","Biased Cognition","Barrage+1","Auto Shields+1","Leap","Defragment","Sweeping Beam+1","Consume","Writhe","Cold Snap+1"],"relics":["Cracked Core","White Beast Statue","Molten Egg 2","Inserter","Singing Bowl","Orichalcum","Tiny Chest","Ginger"],"acts_visited":["Exordium","TheCity"],"potions_floor_usage":[7,16,16,18,21,23,23,28,28,28,28,31,33,33],"damage_taken":[{"damage":2,"enemies":"Small Slimes","floor":1,"turns":3},{"damage":1,"enemies":"Cultist","floor":3,"turns":3},{"damage":2,"enemies":"2 Louse","floor":5,"turns":2},{"damage":42,"enemies":"Gremlin Nob","floor":7,"turns":5},{"damage":16,"enemies":"Exordium Wildlife","floor":8,"turns":5},{"damage":19,"enemies":"Exordium Thugs","floor":10,"turns":5},{"damage":8,"enemies":"2 Fungi Beasts","floor":13,"turns":3},{"damage":5,"enemies":"Large Slime","floor":14,"turns":6},{"damage":10,"enemies":"The Guardian","floor":16,"turns":15},{"damage":21,"enemies":"2 Thieves","floor":18,"turns":4},{"damage":12,"enemies":"3 Byrds","floor":19,"turns":5},{"damage":73,"enemies":"Slavers","floor":23,"turns":13},{"damage":20,"enemies":"Snake Plant","floor":25,"turns":7},{"damage":61,"enemies":"Book of Stabbing","floor":28,"turns":8},{"damage":36,"enemies":"Sentry and Sphere","floor":31,"turns":11},{"damage":53,"enemies":"Automaton","floor":33,"turns":6}],"seed_played":"-577658838526361438","potions_obtained":[{"floor":3,"key":"LiquidMemories"},{"floor":7,"key":"FairyPotion"},{"floor":8,"key":"FearPotion"},{"floor":10,"key":"AttackPotion"},{"floor":14,"key":"Weak Potion"},{"floor":16,"key":"Strength Potion"},{"floor":18,"key":"Fruit Juice"},{"floor":19,"key":"Block Potion"},{"floor":21,"key":"Fruit Juice"},{"floor":21,"key":"EntropicBrew"},{"floor":23,"key":"Fruit Juice"},{"floor":25,"key":"DuplicationPotion"},{"floor":28,"key":"Swift Potion"},{"floor":31,"key":"SkillPotion"}],"is_trial":false,"path_per_floor":["M","?","M","?","M","R","E","M","T","M","?","R","M","M","R","B",null,"M","M","$","?","$","E","R","M","T","$","E","?","R","M","R","B"],"character_chosen":"DEFECT","items_purchased":["Leap","Defragment","Consume"],"campfire_rested":4,"item_purchase_floors":[20,22,27],"current_hp_per_floor":[80,85,84,84,82,82,47,38,38,26,26,52,51,53,53,50,87,78,73,73,78,78,17,47,29,29,29,17,17,48,19,50,0,0],"gold":68,"neow_bonus":"TEN_PERCENT_HP_BONUS","is_daily":false,"chose_seed":false,"campfire_upgraded":2,"win_rate":0.0,"timestamp":1609878001,"path_taken":["M","?","M","?","M","R","E","?","T","M","?","R","M","M","R","BOSS","M","M","$","?","$","E","R","M","T","?","E","?","R","M","R","BOSS"],"items_purchased_type":["Card","Card","Card"],"build_version":"2020-12-22","purchased_purges":2,"victory":false,"max_hp_per_floor":[82,87,87,87,87,87,87,87,87,87,87,87,87,87,87,87,87,92,92,92,97,97,102,102,104,104,104,106,106,106,106,106,106,106],"card_choices":[{"not_picked":["Conserve Battery","Steam"],"picked":"Gash","floor":1},{"not_picked":["FTL","Lockon"],"picked":"Self Repair","floor":3},{"not_picked":["Compile Driver","Scrape"],"picked":"Turbo","floor":5},{"not_picked":["Rainbow","Compile Driver"],"picked":"Cold Snap","floor":7},{"not_picked":["Redo","Blizzard","Force Field"],"picked":"SKIP","floor":8},{"not_picked":["Rebound+1","Streamline+1","Echo Form"],"picked":"SKIP","floor":10},{"not_picked":["Beam Cell+1","Rebound+1"],"picked":"Barrage+1","floor":13},{"not_picked":["Auto Shields","Stack"],"picked":"Go for the Eyes+1","floor":14},{"not_picked":["Creative AI","Hyperbeam+1"],"picked":"Biased Cognition","floor":16},{"not_picked":["Hologram","Undo"],"picked":"Barrage+1","floor":18},{"not_picked":["Redo","Self Repair"],"picked":"Auto Shields+1","floor":19},{"not_picked":["Coolheaded","Redo"],"picked":"Sweeping Beam+1","floor":23},{"not_picked":["Hologram","Conserve Battery","Ball Lightning+1"],"picked":"Singing Bowl","floor":25},{"not_picked":["Hello World","Conserve Battery+1","Capacitor"],"picked":"Singing Bowl","floor":28},{"not_picked":["Turbo","Doom and Gloom+1"],"picked":"Cold Snap+1","floor":31}],"player_experience":148561,"relics_obtained":[{"floor":7,"key":"White Beast Statue"},{"floor":9,"key":"Molten Egg 2"},{"floor":23,"key":"Singing Bowl"},{"floor":26,"key":"Orichalcum"},{"floor":28,"key":"Tiny Chest"}],"event_choices":[{"damage_healed":0,"gold_gain":0,"player_choice":"Donut","damage_taken":0,"max_hp_gain":5,"max_hp_loss":0,"event_name":"Big Fish","floor":2,"gold_loss":0},{"damage_healed":0,"gold_gain":0,"player_choice":"Forge","damage_taken":0,"max_hp_gain":0,"max_hp_loss":0,"event_name":"Accursed Blacksmith","floor":4,"gold_loss":0,"cards_upgraded":["Dualcast"]},{"damage_healed":0,"gold_gain":0,"player_choice":"Ignored","damage_taken":0,"max_hp_gain":0,"max_hp_loss":0,"event_name":"Shining Light","floor":11,"gold_loss":0},{"damage_healed":0,"gold_gain":0,"player_choice":"Got Potions","damage_taken":0,"max_hp_gain":0,"max_hp_loss":0,"event_name":"Lab","floor":21,"gold_loss":0},{"damage_healed":0,"gold_gain":0,"player_choice":"Opened","damage_taken":0,"relics_obtained":["Ginger"],"max_hp_gain":0,"max_hp_loss":0,"event_name":"The Mausoleum","floor":29,"gold_loss":0,"cards_obtained":["Writhe"]}],"is_beta":false,"boss_relics":[{"not_picked":["Runic Dome","Runic Pyramid"],"picked":"Inserter"}],"items_purged_floors":[20,22],"is_endless":false,"potions_floor_spawned":[3,7,8,10,13,14,16,18,19,23,25,28,31],"killed_by":"Automaton","ascension_level":3}}