{"host":"9v3x998ddbx8o276","time":1609833961,"event":{"mods":["AchievementEnabler","BaseMod","Colored Map","Colored Powertips","Highlight Path","Minty Spire (QoL Compilation)","Quick Restart","Rare Cards Sparkle"],"gold_per_floor":[110,110,121,140,140,140,160,185,185,185,200,200,211,266,266,266,266],"floor_reached":16,"playtime":321,"items_purged":[],"score":204,"play_id":"9cb81af0-7341-4d52-ba0b-be6176a49686","local_time":"20210105183601","is_ascension_mode":true,"campfire_choices":[{"data":"Doom and Gloom","floor":6,"key":"SMITH"},{"floor":10,"key":"REST"},{"floor":12,"key":"REST"},{"floor":15,"key":"REST"}],"circlet_count":0,"master_deck":["AscendersBane","Strike_B","Strike_B","Strike_B","Strike_B","Defend_B","Defend_B","Defend_B","Defend_B","Zap","Dualcast","Capacitor","Melter","Doom and Gloom+1","Barrage","Go for the Eyes","Chaos","Loop","Sweeping Beam"],"relics":["Cracked Core","NeowsBlessing","Omamori","Vajra","Bottled Tornado","Bag of Preparation"],"acts_visited":["Exordium"],"potions_floor_usage":[4,14,14],"damage_taken":[{"damage":0,"enemies":"2 Louse","floor":1,"turns":1},{"damage":0,"enemies":"Jaw Worm","floor":3,"turns":1},{"damage":0,"enemies":"Small Slimes","floor":4,"turns":1},{"damage":7,"enemies":"3 Louse","floor":7,"turns":2},{"damage":40,"enemies":"3 Sentries","floor":8,"turns":6},{"damage":17,"enemies":"Looter","floor":11,"turns":3},{"damage":21,"enemies":"Exordium Wildlife","floor":13,"turns":3},{"damage":8,"enemies":"3 Sentries","floor":14,"turns":3},{"damage":48,"enemies":"Slime Boss","floor":16,"turns":6}],"seed_played":"-6896712895384120003","potions_obtained":[{"floor":1,"key":"PowerPotion"},{"floor":3,"key":"Fruit Juice"},{"floor":4,"key":"EssenceOfSteel"}],"is_trial":false,"path_per_floor":["M","?","M","M","T","R","M","E","T","R","M","R","M","?","R","B"],"character_chosen":"DEFECT","items_purchased":[],"campfire_rested":3,"item_purchase_floors":[],"current_hp_per_floor":[64,64,64,69,69,69,62,22,22,44,27,49,28,20,42,0,0],"gold":266,"neow_bonus":"THREE_ENEMY_KILL","is_daily":false,"chose_seed":false,"campfire_upgraded":1,"win_rate":0.0,"timestamp":1609833961,"path_taken":["M","?","M","M","?","R","M","E","T","R","M","R","M","?","R","BOSS"],"items_purchased_type":[],"build_version":"2020-12-22","purchased_purges":0,"victory":false,"max_hp_per_floor":[71,71,71,76,76,76,76,76,76,76,76,76,76,76,76,76,76],"card_choices":[{"not_picked":["Reinforced Body","Fusion"],"picked":"Capacitor","floor":1},{"not_picked":["Streamline","Stack"],"picked":"Melter","floor":3},{"not_picked":["Chill","Rebound"],"picked":"Doom and Gloom","floor":4},{"not_picked":["Steam","Genetic Algorithm"],"picked":"Barrage","floor":7},{"not_picked":["Coolheaded","Conserve Battery"],"picked":"Go for the Eyes","floor":8},{"not_picked":["Fusion","Stack"],"picked":"Chaos","floor":11},{"not_picked":["Stack","Gash"],"picked":"Loop","floor":13},{"not_picked":["Go for the Eyes","Barrage"],"picked":"Sweeping Beam","floor":14}],"player_experience":2086235,"relics_obtained":[{"floor":5,"key":"Omamori"},{"floor":8,"key":"Vajra"},{"floor":9,"key":"Bottled Tornado"}],"event_choices":[{"damage_healed":0,"gold_gain":0,"player_choice":"Leave","damage_taken":0,"max_hp_gain":0,"max_hp_loss":0,"event_name":"The Cleric","floor":2,"gold_loss":0},{"damage_healed":0,"gold_gain":0,"player_choice":"Searched \u00272\u0027 times","damage_taken":0,"relics_obtained":["Bag of Preparation"],"max_hp_gain":0,"max_hp_loss":0,"event_name":"Dead Adventurer","floor":14,"gold_loss":0}],"is_beta":false,"boss_relics":[],"items_purged_floors":[],"is_endless":false,"potions_floor_spawned":[1,3,4],"killed_by":"Slime Boss","ascension_level":20}}