{"host":"j4g6ia6asvpyu2b0","time":1609848495,"event":{"mods":["BaseMod","Colored Map","Minty Spire (QoL Compilation)","Permanent Neow","Quick Restart","Relic Stats","StSLib","Unceasing Turn Reminder"],"gold_per_floor":[109,124,74,74,89,123,123,137,163,163,189,205,232,247,247,347,347,347,347],"floor_reached":18,"playtime":516,"items_purged":[],"score":302,"play_id":"b83e4214-7c11-4b8a-9800-af301a2868e8","local_time":"20210105050815","is_ascension_mode":true,"campfire_choices":[{"data":"Tactician","floor":7,"key":"SMITH"},{"data":"Blade Dance","floor":10,"key":"SMITH"},{"data":"Neutralize","floor":15,"key":"SMITH"}],"circlet_count":0,"master_deck":["Strike_G+1","Strike_G","Strike_G+1","Strike_G","Defend_G","Defend_G","Defend_G","Defend_G","Survivor","Neutralize+1","Sucker Punch","Escape Plan","Blade Dance+1","Tactician+1","Masterful Stab","Storm of Steel","Backflip","Dodge and Roll","Eviscerate","After Image"],"relics":["Runic Pyramid","PreservedInsect","Whetstone","Potion Belt","Black Star"],"acts_visited":["Exordium","TheCity"],"potions_floor_usage":[6,11],"damage_taken":[{"damage":1,"enemies":"Small Slimes","floor":1,"turns":5},{"damage":0,"enemies":"2 Louse","floor":2,"turns":2},{"damage":0,"enemies":"Cultist","floor":5,"turns":4},{"damage":7,"enemies":"Gremlin Nob","floor":6,"turns":3},{"damage":0,"enemies":"2 Fungi Beasts","floor":8,"turns":3},{"damage":0,"enemies":"Lagavulin","floor":11,"turns":4},{"damage":1,"enemies":"Looter","floor":12,"turns":3},{"damage":0,"enemies":"3 Sentries","floor":13,"turns":4},{"damage":7,"enemies":"3 Louse","floor":14,"turns":2},{"damage":14,"enemies":"Hexaghost","floor":16,"turns":11},{"damage":4,"enemies":"Shell Parasite","floor":18,"turns":2}],"seed_played":"-3114252979629438048","potions_obtained":[{"floor":1,"key":"SteroidPotion"},{"floor":6,"key":"SpeedPotion"},{"floor":8,"key":"Strength Potion"},{"floor":11,"key":"DuplicationPotion"},{"floor":13,"key":"Fire Potion"}],"is_trial":false,"path_per_floor":["M","M","?","?","M","E","R","M","T","R","E","M","E","M","R","B",null,"M"],"character_chosen":"THE_SILENT","items_purchased":[],"campfire_rested":0,"item_purchase_floors":[],"current_hp_per_floor":[62,62,62,62,62,55,55,55,55,55,55,54,54,47,47,33,61,57,57],"gold":347,"neow_bonus":"BOSS_RELIC","is_daily":false,"chose_seed":false,"campfire_upgraded":3,"win_rate":0.0,"timestamp":1609848495,"path_taken":["M","M","?","?","M","E","R","M","T","R","E","M","E","?","R","BOSS","M"],"items_purchased_type":[],"build_version":"2020-12-22","purchased_purges":0,"victory":false,"max_hp_per_floor":[70,70,70,70,70,70,70,70,70,70,70,70,70,70,70,70,70,70,70],"relic_stats":{"counters":[11,43],"PreservedInsect":59,"Black Star":0,"Whetstone":["Strike_G","Strike_G"],"obtain_stats":[{"Potion Belt":13,"PreservedInsect":6,"Black Star":17,"Whetstone":11,"Ring of the Snake":0,"Runic Pyramid":0},{"Potion Belt":8,"PreservedInsect":4,"Black Star":10,"Whetstone":6,"Ring of the Snake":0,"Runic Pyramid":0},{"Potion Belt":28,"PreservedInsect":14,"Black Star":41,"Whetstone":21,"Ring of the Snake":0,"Runic Pyramid":0}]},"card_choices":[{"not_picked":["Reflex","Prepared"],"picked":"Sucker Punch","floor":1},{"not_picked":["Underhanded Strike","Deflect"],"picked":"Escape Plan","floor":2},{"not_picked":["All Out Attack","Tactician"],"picked":"Blade Dance","floor":5},{"not_picked":["Dagger Throw","Caltrops"],"picked":"Tactician","floor":6},{"not_picked":["Outmaneuver","Deflect"],"picked":"Masterful Stab","floor":8},{"not_picked":["Backflip","Sucker Punch"],"picked":"Storm of Steel","floor":11},{"not_picked":["Cloak And Dagger","Setup"],"picked":"Backflip","floor":12},{"not_picked":["Concentrate","Distraction"],"picked":"Dodge and Roll","floor":13},{"not_picked":["Choke","Underhanded Strike"],"picked":"Eviscerate","floor":14},{"not_picked":["Bullet Time","Grand Finale"],"picked":"After Image","floor":16}],"player_experience":713394,"relics_obtained":[{"floor":6,"key":"PreservedInsect"},{"floor":11,"key":"Whetstone"},{"floor":13,"key":"Potion Belt"}],"event_choices":[{"cards_removed":["Strike_G"],"damage_healed":0,"gold_gain":0,"player_choice":"Card Removal","damage_taken":0,"max_hp_gain":0,"max_hp_loss":0,"event_name":"The Cleric","floor":3,"gold_loss":50},{"cards_removed":["Defend_G"],"damage_healed":0,"gold_gain":0,"player_choice":"Offered Basic","damage_taken":0,"max_hp_gain":0,"max_hp_loss":0,"event_name":"Bonfire Elementals","floor":4,"gold_loss":0}],"is_beta":false,"boss_relics":[{"not_picked":["Fusion Hammer","Runic Dome"],"picked":"Black Star"}],"items_purged_floors":[],"is_endless":false,"potions_floor_spawned":[1,6,8,11,13],"killed_by":"Shell Parasite","ascension_level":6}}