{"host":"qbvxbacgnxuisbbe","time":1609810148,"event":{"mods":["AchievementEnabler","Alarm Clock","Ascension Unlocker","BaseMod","Block Reminder","Highlight Path","Minty Spire (QoL Compilation)","Poem Panic","Spicy Shops","StSLib","The Caster","Uncapped"],"gold_per_floor":[111,122,122,272,272,272,272],"floor_reached":6,"playtime":239,"items_purged":[],"score":68,"play_id":"766c7a4a-31a9-446f-8cff-1473d128e0e1","local_time":"20210105012908","is_ascension_mode":true,"campfire_choices":[],"circlet_count":0,"master_deck":["AscendersBane","caster:strike","caster:strike","caster:strike","caster:defend","caster:defend","caster:defend","caster:Meteor","caster:DivertFocus","caster:Channeling","caster:WallOfAsh","caster:AlternatingCurrent","caster:JupitelThunder","caster:StaticField"],"relics":["caster:MagicBook","Lantern"],"acts_visited":["Exordium"],"potions_floor_usage":[6],"damage_taken":[{"damage":8,"enemies":"2 Louse","floor":1,"turns":4},{"damage":3,"enemies":"Small Slimes","floor":2,"turns":4},{"damage":31,"enemies":"Gremlin Nob","floor":6,"turns":3}],"seed_played":"-820963681381134570","potions_obtained":[{"floor":1,"key":"AttackPotion"}],"is_trial":false,"path_per_floor":["M","M","?","?","?","E"],"character_chosen":"THE_CASTER","items_purchased":[],"campfire_rested":0,"item_purchase_floors":[],"current_hp_per_floor":[31,28,28,28,28,0,0],"gold":272,"neow_bonus":"TRANSFORM_TWO_CARDS","is_daily":false,"chose_seed":false,"campfire_upgraded":0,"win_rate":0.0,"timestamp":1609810148,"path_taken":["M","M","?","?","?","E"],"items_purchased_type":[],"build_version":"2020-12-22","purchased_purges":0,"victory":false,"max_hp_per_floor":[60,60,60,60,60,60,60],"card_choices":[{"not_picked":["caster:ShivasGrace","caster:GlacialShield"],"picked":"caster:JupitelThunder","floor":1},{"not_picked":["caster:MagicWeapon","caster:Unearth"],"picked":"caster:StaticField","floor":2}],"player_experience":130397,"relics_obtained":[],"event_choices":[{"damage_healed":0,"gold_gain":0,"player_choice":"Box","damage_taken":0,"relics_obtained":["Lantern"],"max_hp_gain":0,"max_hp_loss":0,"event_name":"Big Fish","floor":3,"gold_loss":0,"cards_obtained":["Regret"]},{"damage_healed":0,"gold_gain":150,"player_choice":"AGREE","damage_taken":0,"max_hp_gain":0,"max_hp_loss":0,"event_name":"Liars Game","floor":4,"gold_loss":0,"cards_obtained":["Doubt"]},{"cards_removed":["Doubt","Regret"],"damage_healed":0,"gold_gain":0,"player_choice":"Removed Curses","damage_taken":0,"max_hp_gain":0,"max_hp_loss":0,"event_name":"Fountain of Cleansing","floor":5,"gold_loss":0}],"is_beta":false,"boss_relics":[],"items_purged_floors":[],"is_endless":false,"potions_floor_spawned":[1],"killed_by":"Gremlin Nob","ascension_level":20}}