{"host":"8rwquwrlbfkmmuup","time":1609869718,"event":{"mods":["BaseMod","Downfall","Halation","Infinite Spire","Marisa????????","Minty Spire (QoL Compilation)","Replay The Spire","Shop Mod","StSLib","The Animator","The Senshi","The Servant 0.9.4"],"gold_per_floor":[99,99,99,99,99,24,24,24,49,14,68,101,251,269,269,296,330,454,454,454,497,497,522,522,522,522,522,44,92,132,178,214,249,286,401,401,326,352,380,380,380],"floor_reached":39,"playtime":2152,"items_purged":["Guardian:Defend_Guardian","Guardian:Strike_Guardian","Guardian:Strike_Guardian"],"score":415,"play_id":"b1010791-6dde-4d8b-8dd1-bec6957aa5c7","local_time":"20210105100158","is_ascension_mode":false,"campfire_choices":[{"data":"Guardian:TwinSlam","floor":1.0,"key":"SMITH"},{"data":"Guardian:CurlUp","floor":8.0,"key":"SMITH"},{"data":"Guardian:MultiBeam","floor":15.0,"key":"SMITH"},{"data":"Guardian:BaubleBeam","floor":20.0,"key":"SMITH"},{"data":"ReplayTheSpireMod:??????????????????????","floor":25.0,"key":"SMITH"},{"data":"Guardian:Defend_Guardian","floor":37,"key":"SMITH"}],"circlet_count":0,"master_deck":["Guardian:Strike_Guardian","Guardian:Defend_Guardian+1","Guardian:Defend_Guardian","Guardian:Defend_Guardian","Guardian:CurlUp+1","Guardian:TwinSlam+1","Guardian:PrimingBeam","Guardian:PolyBeam","Guardian:MultiBeam+1","Guardian:SpikerProtocol","Guardian:PrimingBeam","Guardian:Reroute","Guardian:Emergency","Hallucinations","sneckomod:SnekBite","Guardian:BaubleBeam+1","expansioncontent:Collect","infinitespire:Punishment","Shame","Guardian:RollAttack","ReplayTheSpireMod:??????????????????????+1","Guardian:ChargeCore","Guardian:TimeCapacitor","Guardian:PrismaticBarrier","Guardian:MultiBeam","Guardian:Incinerate+1","Guardian:PolyBeam","Guardian:Harden","Guardian:RollAttack+1","Guardian:ShieldCharger","Guardian:StasisStrike","Guardian:TemporalStrike+1"],"relics":["Guardian:ModeShifter","downfall:HeartsMalice","Replay:Bandana","ReplayTheSpireMod:SealedPack","Torii","Thread and Needle","WingedGreaves","Snack Pack","Shuriken","Replay:Accelerometer","Vajra","halation:Prosthetics","downfall:HeartBlessingGreen"],"acts_visited":["Exordium","TheCity","TheBeyond"],"potions_floor_usage":[33,35],"damage_taken":[{"damage":0.0,"enemies":"Jaw Worm","floor":2.0,"turns":1.0},{"damage":0.0,"enemies":"downfall:FleeingMerchant","floor":6.0,"turns":1.0},{"damage":0.0,"enemies":"downfall:FleeingMerchant","floor":10.0,"turns":1.0},{"damage":18.0,"enemies":"Gremlin Nob","floor":11.0,"turns":4.0},{"damage":10.0,"enemies":"Small Slimes","floor":12.0,"turns":4.0},{"damage":0.0,"enemies":"2 Louse","floor":14.0,"turns":2.0},{"damage":8.0,"enemies":"Red Slaver","floor":16.0,"turns":3.0},{"damage":7.0,"enemies":"2 Fungi Beasts","floor":17.0,"turns":3.0},{"damage":14.0,"enemies":"downfall:Silent","floor":18.0,"turns":6.0},{"damage":18.0,"enemies":"Shell Parasite","floor":21.0,"turns":4.0},{"damage":3.0,"enemies":"downfall:FleeingMerchant","floor":28.0,"turns":4.0},{"damage":15.0,"enemies":"Nightmare","floor":29.0,"turns":5.0},{"damage":2.0,"enemies":"3 Byrds","floor":30.0,"turns":4.0},{"damage":37.0,"enemies":"Book of Stabbing","floor":31.0,"turns":6.0},{"damage":9.0,"enemies":"Shelled Parasite and Fungi","floor":32.0,"turns":2.0},{"damage":0,"enemies":"Centurion and Healer","floor":33,"turns":4},{"damage":1,"enemies":"Snecko","floor":34,"turns":3},{"damage":36,"enemies":"downfall:Watcher","floor":35,"turns":10},{"damage":18,"enemies":"3 Darklings","floor":38,"turns":4},{"damage":42,"enemies":"2 Orb Walkers","floor":39,"turns":3}],"seed_played":"7447553393212678831","potions_obtained":[{"floor":12.0,"key":"Energy Potion"},{"floor":17.0,"key":"LifebloodPotion"},{"floor":18.0,"key":"SpeedPotion"},{"floor":27.0,"key":"CultistPotion"},{"floor":30.0,"key":"Energy Potion"},{"floor":31.0,"key":"FearPotion"},{"floor":33,"key":"Fruit Juice"},{"floor":34,"key":"Regen Potion"},{"floor":35,"key":"Flashbang"}],"is_trial":false,"path_per_floor":["R","M","?","PTL","PTL","$","?","R","T","$","E","M","?","M","R","M","M","B",null,"R","M","?","?","AVR","R","T","?","$","NM","M","E","M","M","M","B",null,"R","M","?"],"character_chosen":"GUARDIAN","items_purchased":["Guardian:MultiBeam","Shuriken","Guardian:TimeCapacitor","Guardian:PrismaticBarrier"],"campfire_rested":0,"item_purchase_floors":[10,28,28,28],"current_hp_per_floor":[80,80,80,80,80,80,80,80,80,80,62,52,52,52,52,44,37,23,80,80,62,62,42,42,42,42,42,47,42,44,13,6,13,16,1,50,50,34,0,0,0],"gold":380,"neow_bonus":"THREE_ENEMY_KILL","is_daily":false,"chose_seed":false,"campfire_upgraded":6,"win_rate":0.0,"timestamp":1609869718,"path_taken":["R","M","?","PTL","PTL","$","?","R","T","$","E","M","?","?","R","M","M","BOSS","R","M","?","?","AVR","R","T","?","?","NM","?","E","M","?","M","BOSS","R","M","?"],"items_purchased_type":["Card","Relic","Card","Card"],"build_version":"2020-12-22","purchased_purges":3,"victory":false,"max_hp_per_floor":[80,80,80,80,80,80,80,80,80,80,80,80,80,80,80,80,80,80,80,80,80,80,80,80,80,80,80,80,80,80,80,80,85,85,85,50,50,50,50,50,50],"card_choices":[{"not_picked":["Guardian:CrystalBeam","Guardian:TemporalStrike"],"picked":"Guardian:PrimingBeam","floor":2.0},{"not_picked":["Guardian:Recover","Guardian:Gem_Lightblue"],"picked":"Guardian:PolyBeam","floor":6.0},{"not_picked":["Guardian:Emergency","Guardian:Gem_Lightblue"],"picked":"Guardian:Gem_Red","floor":10.0},{"not_picked":["Guardian:ChargeCore","Guardian:Recover"],"picked":"Guardian:SpikerProtocol","floor":11.0},{"not_picked":["Guardian:Gem_Green","Guardian:ConstructionForm"],"picked":"Guardian:PrimingBeam","floor":12.0},{"not_picked":["Guardian:ChargeUp","Guardian:RefractedBeam","Guardian:SentryBeam"],"picked":"SKIP","floor":14.0},{"not_picked":["Guardian:Recover","Guardian:RefractedBeam"],"picked":"Guardian:Reroute","floor":16.0},{"not_picked":["Guardian:Preprogram","Guardian:Gem_Cyan"],"picked":"Guardian:Emergency","floor":17.0},{"not_picked":["Guardian:StasisStrike","Guardian:FastForward"],"picked":"Guardian:Gem_Orange","floor":18.0},{"not_picked":["KidneyShot","Vigilance"],"picked":"sneckomod:SnekBite","floor":19.0},{"not_picked":["Guardian:SphericShield","Guardian:Gem_Synthetic"],"picked":"Guardian:BaubleBeam","floor":19.0},{"not_picked":["expansioncontent:Hexaburn","Madness"],"picked":"expansioncontent:Collect","floor":19.0},{"not_picked":["infinitespire:Gouge","infinitespire:FinalStrike"],"picked":"infinitespire:Punishment","floor":19.0},{"not_picked":["Guardian:Gem_Lightblue","Guardian:ShieldCharger","Guardian:VentSteam"],"picked":"SKIP","floor":21.0},{"not_picked":["Guardian:Planning","Guardian:DonusPower"],"picked":"Guardian:RollAttack","floor":23.0},{"not_picked":["Guardian:Planning","Guardian:Clone"],"picked":"Guardian:ChargeCore","floor":28.0},{"not_picked":["Guardian:Gem_Blue","Guardian:TemporalStrike"],"picked":"Guardian:MultiBeam","floor":29.0},{"not_picked":["Guardian:SentryBeam","Guardian:FloatingOrbs"],"picked":"Guardian:Incinerate+1","floor":30.0},{"not_picked":["Guardian:Planning","Guardian:SphericShield"],"picked":"Guardian:PolyBeam","floor":31.0},{"not_picked":["Guardian:Planning","Guardian:FloatingOrbs"],"picked":"Guardian:Harden","floor":32.0},{"not_picked":["Guardian:Planning","Guardian:Recover"],"picked":"Guardian:RollAttack+1","floor":33},{"not_picked":["Guardian:VentSteam","Guardian:PrismaticBeam+1"],"picked":"Guardian:ShieldCharger","floor":34},{"not_picked":["Guardian:BaubleBeam","Guardian:RevengeProtocol"],"picked":"Guardian:StasisStrike","floor":35},{"not_picked":["Guardian:Emergency+1","Guardian:TimeBomb"],"picked":"Guardian:TemporalStrike+1","floor":38}],"player_experience":67660,"relics_obtained":[{"floor":9.0,"key":"Replay:Bandana"},{"floor":11.0,"key":"infinitespire:Bottled Soul"},{"floor":23.0,"key":"Thread and Needle"},{"floor":26.0,"key":"Snack Pack"},{"floor":29.0,"key":"Replay:Accelerometer"},{"floor":31.0,"key":"Vajra"}],"event_choices":[{"damage_healed":0.0,"max_hp_gain":0.0,"max_hp_loss":0.0,"gold_gain":0.0,"event_name":"Addict","player_choice":"Stole Relic","floor":22.0,"gold_loss":0.0,"damage_taken":0.0,"relics_obtained":["Torii"],"cards_obtained":["Shame"]},{"damage_healed":0,"gold_gain":0,"player_choice":"Fight","damage_taken":0,"max_hp_gain":0,"max_hp_loss":0,"event_name":"Mysterious Sphere","floor":39,"gold_loss":0}],"is_beta":false,"boss_relics":[{"not_picked":["Replay:Grab Bag","downfall:Hecktoplasm"],"picked":"ReplayTheSpireMod:SealedPack"},{"not_picked":["Empty Cage","Busted Crown"],"picked":"halation:Prosthetics"}],"items_purged_floors":[6,24,28],"is_endless":false,"potions_floor_spawned":[12,17,18,30,31,33,34,35],"killed_by":"2 Orb Walkers","ascension_level":0}}