{"host":"qswkx8hggytna0kc","time":1609839865,"event":{"mods":["Aspiration","BaseMod","BetterRewards","Colored Map","Colored Powertips","Highlight Path","Hubris","Mimic Mod","Minty Spire (QoL Compilation)","Quick Restart","Replay The Spire","StSLib","SuperFastMode"],"gold_per_floor":[113,113,129,141,186,186,186,186],"floor_reached":7,"playtime":193,"items_purged":[],"score":56,"play_id":"9ad590d8-6c52-499b-aad0-363fa7e5fba8","local_time":"20210105174425","is_ascension_mode":true,"campfire_choices":[{"data":"Zap","floor":6.0,"key":"SMITH"}],"circlet_count":0,"master_deck":["Strike_B","Strike_B","Strike_B","Strike_B","Defend_B","Defend_B","Defend_B","Defend_B","Zap+1","Dualcast","Gash","Delirium","Steam","Steam","Beam Cell"],"relics":["Cracked Core","aspiration:Nostalgia","Sizzling Blood","ReplayTheSpireMod:Ring of Challenge","ReplayTheSpireMod:Ring of Addiction","hubris:EmptyBottle","Toy Ornithopter"],"acts_visited":["Exordium"],"potions_floor_usage":[],"damage_taken":[{"damage":7.0,"enemies":"Jaw Worm","floor":1.0,"turns":3.0},{"damage":7.0,"enemies":"Small Slimes","floor":3.0,"turns":3.0},{"damage":0.0,"enemies":"Cultist","floor":4.0,"turns":3.0},{"damage":32.0,"enemies":"2 Fungi Beasts","floor":5.0,"turns":8.0},{"damage":0,"enemies":"Gremlin Nob","floor":7,"turns":1}],"seed_played":"-4698271625157907094","potions_obtained":[{"floor":1.0,"key":"EssenceOfDarkness"},{"floor":2.0,"key":"Energy Potion"},{"floor":2.0,"key":"Languid Potion"},{"floor":2.0,"key":"Venom Potion"},{"floor":5.0,"key":"Cursed Concoction"}],"is_trial":false,"path_per_floor":["M","?","M","M","M","R","E"],"character_chosen":"DEFECT","items_purchased":[],"campfire_rested":0,"item_purchase_floors":[],"current_hp_per_floor":[69,69,71,75,47,47,47,47],"gold":186,"neow_bonus":"NOSTALGIA","is_daily":false,"chose_seed":false,"campfire_upgraded":1,"win_rate":0.0,"timestamp":1609839865,"path_taken":["M","?","M","M","M","R","E"],"items_purchased_type":[],"build_version":"2020-12-22","purchased_purges":0,"victory":false,"max_hp_per_floor":[79,79,79,79,79,79,79,79],"card_choices":[{"not_picked":["Reprogram","Turbo"],"picked":"Gash","floor":1.0},{"not_picked":["ReplayTheSpireMod:GoodbyeWorld","Rebound"],"picked":"Steam","floor":3.0},{"not_picked":["Consume","Heatsinks"],"picked":"Steam","floor":4.0},{"not_picked":["Steam","Turbo"],"picked":"Beam Cell","floor":5.0}],"player_experience":227441,"relics_obtained":[{"floor":2.0,"key":"ReplayTheSpireMod:Ring of Challenge"},{"floor":2.0,"key":"ReplayTheSpireMod:Ring of Addiction"},{"floor":2.0,"key":"hubris:EmptyBottle"},{"floor":2.0,"key":"Toy Ornithopter"}],"event_choices":[],"is_beta":false,"boss_relics":[],"items_purged_floors":[],"is_endless":false,"potions_floor_spawned":[1,5],"killed_by":"Gremlin Nob","ascension_level":6}}