{"host":"6gnjg44wf0nz538o","time":1609829981,"event":{"mods":["AchievementEnabler","BaseMod","BetterRewards","Colored Map","Minty Spire (QoL Compilation)","Replay The Spire","Spicy Shops","StSLib","The Servant 0.9.4"],"gold_per_floor":[138,213,213,250,250,300,300,332,382,382,85,111,125,158,221,293,293,312,312,312,332,352,377,377,429,429,442,492,44,80,100,100,174,174,206,206,12,12,51,76,76,92,92,121,121,173,190,6,6,6,6,6,6,37,37,37],"floor_reached":55,"playtime":7058,"items_purged":["Pain","Voices"],"score":2469,"play_id":"4323c271-e702-446f-be8a-c74dee5a1d26","local_time":"20210105015941","is_ascension_mode":true,"campfire_choices":[{"floor":7.0,"key":"REST"},{"floor":24.0,"key":"REST"},{"data":"Limit Break","floor":32.0,"key":"SMITH"},{"data":"Perfected Strike","floor":32.0,"key":"SMITH"},{"floor":41.0,"key":"RECALL"},{"floor":49.0,"key":"REST"},{"floor":52.0,"key":"REST"}],"circlet_count":0,"master_deck":["AscendersBane","Strike_R","Strike_R","Strike_R+1","Strike_R+1","Defend_R","Defend_R","Defend_R","Defend_R","Bash","Panache","HandOfGreed","Twin Strike","Dropkick","Perfected Strike+1","Limit Break+1","Clash+1","Iron Wave+1","Sword Boomerang","Shockwave","Twin Strike","Twin Strike","Heavy Blade","Demon Form","Limit Break+1","Seeing Red","Good Instincts","Armaments+1","Whirlwind","Cleave+1"],"relics":["Burning Blood","ReplayTheSpireMod:TigerMarble","Unceasing Top","ReplayTheSpireMod:ShopPack","Gremlin Horn","FossilizedHelix","Ring of Fury","Ring of Panic","Pen Nib","Sundial","ReplayFunnel","Replay:Arrowhead","Champion Belt","Incense Burner","Busted Crown","Nilry\u0027s Codex","Bag of Marbles","Vajra","Replay:Wax Seal","Whetstone","Counterbalance","Philosopher\u0027s Stone","DollysMirror","Anchor","Ancient Tea Set","Paper Frog","Pocketwatch","Membership Card","Nunchaku"],"acts_visited":["Exordium","TheCity","TheBeyond","TheEnding"],"potions_floor_usage":[54,55],"damage_taken":[{"damage":0.0,"enemies":"2 Louse","floor":1.0,"turns":2.0},{"damage":0.0,"enemies":"Small Slimes","floor":4.0,"turns":2.0},{"damage":20.0,"enemies":"3 Sentries","floor":6.0,"turns":5.0},{"damage":16.0,"enemies":"Lagavulin","floor":8.0,"turns":4.0},{"damage":0.0,"enemies":"Replay:BlueRogue","floor":12.0,"turns":2.0},{"damage":0.0,"enemies":"Jaw Worm","floor":13.0,"turns":2.0},{"damage":0.0,"enemies":"Looter","floor":14.0,"turns":2.0},{"damage":0.0,"enemies":"Gremlin Nob","floor":15.0,"turns":3.0},{"damage":0.0,"enemies":"Slime Boss","floor":16.0,"turns":3.0},{"damage":11.0,"enemies":"2 Thieves","floor":18.0,"turns":2.0},{"damage":0.0,"enemies":"Shell Parasite","floor":21.0,"turns":3.0},{"damage":21.0,"enemies":"3 Cultists","floor":22.0,"turns":5.0},{"damage":30.0,"enemies":"Book of Stabbing","floor":23.0,"turns":4.0},{"damage":0.0,"enemies":"Slavers","floor":25.0,"turns":3.0},{"damage":0.0,"enemies":"Sentry and Sphere","floor":27.0,"turns":3.0},{"damage":7.0,"enemies":"Gremlin Leader","floor":28.0,"turns":3.0},{"damage":0.0,"enemies":"Snecko","floor":30.0,"turns":2.0},{"damage":0.0,"enemies":"Snake Plant","floor":31.0,"turns":2.0},{"damage":30.0,"enemies":"Pondfish","floor":33.0,"turns":7.0},{"damage":0.0,"enemies":"Orb Walker","floor":35.0,"turns":2.0},{"damage":27.0,"enemies":"3 Shapes","floor":39.0,"turns":3.0},{"damage":0.0,"enemies":"R_Hoarder","floor":40.0,"turns":3.0},{"damage":0.0,"enemies":"Sphere and 2 Shapes","floor":42.0,"turns":4.0},{"damage":26.0,"enemies":"Giant Head","floor":44.0,"turns":7.0},{"damage":0.0,"enemies":"R_Hoarder","floor":46.0,"turns":4.0},{"damage":15.0,"enemies":"Maw","floor":47.0,"turns":5.0},{"damage":41.0,"enemies":"Time Eater","floor":50.0,"turns":7.0},{"damage":66,"enemies":"Shield and Spear","floor":54,"turns":6},{"damage":56,"enemies":"The Heart","floor":55,"turns":2}],"seed_played":"-3347451795800205975","potions_obtained":[{"floor":4.0,"key":"EssenceOfSteel"},{"floor":6.0,"key":"AttackPotion"},{"floor":8.0,"key":"Elixir"},{"floor":14.0,"key":"Swift Potion"},{"floor":15.0,"key":"AttackPotion"},{"floor":18.0,"key":"Weak Potion"},{"floor":30.0,"key":"BloodPotion"},{"floor":33.0,"key":"Milkshake"},{"floor":39.0,"key":"ColorlessPotion"},{"floor":46.0,"key":"Regen Potion"},{"floor":47.0,"key":"Death Potion"}],"is_trial":false,"path_per_floor":["M","?","?","M","?","E","R","E","T","?","$","E","M","M","R_BF","B",null,"M","?","?","M","M","E","R","E","T","M","E","$","M","M","R","B",null,"M","?","$","?","M","E","R","M","T","E","T","E","M","$","R","B",null,"R","$","E","B"],"character_chosen":"IRONCLAD","items_purchased":["ReplayTheSpireMod:TigerMarble","ReplayTheSpireMod:ShopPack","Gremlin Horn","FossilizedHelix","Replay:Arrowhead","Counterbalance","Twin Strike","DollysMirror","Seeing Red","Membership Card","Whirlwind"],"campfire_rested":4,"item_purchase_floors":[0,0,0,0,11,29,29,37,37,48,48],"current_hp_per_floor":[50,39,32,38,38,24,46,36,36,36,36,42,57,63,69,75,75,70,54,54,60,45,27,49,55,55,61,60,60,66,72,72,48,68,74,71,71,71,69,71,71,71,71,51,51,57,48,48,69,34,62,71,71,11,0,0],"gold":37,"neow_bonus":"","is_daily":false,"chose_seed":false,"campfire_upgraded":2,"win_rate":0.0,"timestamp":1609829981,"path_taken":["M","?","?","M","?","E","R","E","T","?","$","E","M","M","R_BF","BOSS","M","?","?","M","M","E","R","E","T","M","E","$","M","M","R","BOSS","M","?","$","?","M","E","R","M","T","E","?","E","M","?","R","BOSS","R","$","E","BOSS"],"items_purchased_type":["Relic","Relic","Relic","Relic","Relic","Relic","Card","Relic","Card","Relic","Card"],"build_version":"2020-12-22","purchased_purges":2,"victory":false,"max_hp_per_floor":[75,75,75,75,75,75,75,75,75,75,75,75,75,75,75,75,75,75,75,75,75,75,75,75,75,75,75,75,75,75,75,75,75,75,75,71,71,71,71,71,71,71,71,71,71,71,71,71,71,71,71,71,71,71,71,71],"card_choices":[{"not_picked":["ReplayUltimateDefense","Metamorphosis"],"picked":"Panache","floor":0.0},{"not_picked":["Crow Ritual","Mayhem"],"picked":"HandOfGreed","floor":0.0},{"not_picked":["Replay:Undeath\u0027s Touch","Life Link","Clash"],"picked":"SKIP","floor":1.0},{"not_picked":["Warcry","Sentinel"],"picked":"Twin Strike","floor":4.0},{"not_picked":["Massacre","Impervious","Rupture"],"picked":"SKIP","floor":6.0},{"not_picked":["Combust","Sentinel","Run Through"],"picked":"SKIP","floor":8.0},{"not_picked":["Havoc","Shrug It Off"],"picked":"Dropkick","floor":12.0},{"not_picked":["Dropkick","Clash","ReplayTheSpireMod:Strike From Hell"],"picked":"SKIP","floor":13.0},{"not_picked":["ReplayTheSpireMod:Stacked","Iron Wave","Replay:Undeath\u0027s Touch"],"picked":"SKIP","floor":14.0},{"not_picked":["Second Wind","Thunderclap"],"picked":"Perfected Strike","floor":15.0},{"not_picked":["Offering","Eclipse"],"picked":"Limit Break","floor":16.0},{"not_picked":["ReplayTheSpireMod:Corrosion Curse"],"picked":"SKIP","floor":18.0},{"not_picked":["Second Wind"],"picked":"SKIP","floor":21.0},{"not_picked":[],"picked":"Clash","floor":22.0},{"not_picked":[],"picked":"Iron Wave+1","floor":23.0},{"not_picked":["Sentinel"],"picked":"SKIP","floor":25.0},{"not_picked":[],"picked":"Sword Boomerang","floor":27.0},{"not_picked":[],"picked":"Shockwave","floor":28.0},{"not_picked":["Pommel Strike"],"picked":"SKIP","floor":30.0},{"not_picked":[],"picked":"Heavy Blade","floor":31.0},{"not_picked":[],"picked":"Demon Form","floor":33.0},{"not_picked":["Headbutt"],"picked":"SKIP","floor":35.0},{"not_picked":[],"picked":"Good Instincts","floor":38.0},{"not_picked":["Defy Death+1"],"picked":"SKIP","floor":39.0},{"not_picked":["Havoc"],"picked":"SKIP","floor":40.0},{"not_picked":["Defy Death+1"],"picked":"SKIP","floor":42.0},{"not_picked":["Clothesline"],"picked":"SKIP","floor":44.0},{"not_picked":[],"picked":"Armaments+1","floor":46.0},{"not_picked":["True Grit"],"picked":"SKIP","floor":47.0},{"not_picked":[],"picked":"Cleave+1","floor":54}],"player_experience":513713,"relics_obtained":[{"floor":5.0,"key":"Ring of Fury"},{"floor":5.0,"key":"Ring of Panic"},{"floor":6.0,"key":"Pen Nib"},{"floor":8.0,"key":"Sundial"},{"floor":9.0,"key":"ReplayFunnel"},{"floor":12.0,"key":"Champion Belt"},{"floor":15.0,"key":"Incense Burner"},{"floor":19.0,"key":"Nilry\u0027s Codex"},{"floor":23.0,"key":"Bag of Marbles"},{"floor":25.0,"key":"Vajra"},{"floor":26.0,"key":"Replay:Wax Seal"},{"floor":28.0,"key":"Whetstone"},{"floor":40.0,"key":"Anchor"},{"floor":44.0,"key":"Ancient Tea Set"},{"floor":45.0,"key":"Paper Frog"},{"floor":46.0,"key":"Pocketwatch"},{"floor":54,"key":"Nunchaku"}],"event_choices":[{"damage_healed":0.0,"max_hp_gain":0.0,"max_hp_loss":0.0,"gold_gain":75.0,"event_name":"World of Goop","player_choice":"Gather Gold","floor":2.0,"gold_loss":0.0,"damage_taken":11.0},{"cards_removed":["Strike_R"],"damage_healed":0.0,"max_hp_gain":0.0,"max_hp_loss":0.0,"gold_gain":0.0,"event_name":"Golden Wing","player_choice":"Card Removal","floor":3.0,"gold_loss":0.0,"damage_taken":7.0},{"damage_healed":0.0,"max_hp_gain":0.0,"max_hp_loss":0.0,"gold_gain":0.0,"event_name":"Dead Adventurer","player_choice":"Searched \u00271\u0027 times","floor":15.0,"gold_loss":0.0,"damage_taken":0.0},{"damage_healed":0.0,"max_hp_gain":0.0,"max_hp_loss":0.0,"gold_gain":0.0,"event_name":"Cursed Tome","player_choice":"Obtained Book","floor":19.0,"gold_loss":0.0,"damage_taken":16.0},{"damage_healed":0.0,"max_hp_gain":0.0,"max_hp_loss":0.0,"gold_gain":0.0,"event_name":"Ghosts","player_choice":"Ignored","floor":20.0,"gold_loss":0.0,"damage_taken":0.0},{"damage_healed":0.0,"max_hp_gain":0.0,"max_hp_loss":4.0,"gold_gain":0.0,"event_name":"Winding Halls","player_choice":"Max HP","floor":36.0,"gold_loss":0.0,"damage_taken":0.0},{"damage_healed":0.0,"max_hp_gain":0.0,"max_hp_loss":0.0,"gold_gain":0.0,"event_name":"SensoryStone","player_choice":"Memory 1","floor":38.0,"gold_loss":0.0,"damage_taken":0.0}],"is_beta":false,"boss_relics":[{"not_picked":["Honey Jar","Replay:Bronze Core"],"picked":"Busted Crown"},{"not_picked":["Mark of Pain","Ring of Chaos"],"picked":"Philosopher\u0027s Stone"}],"items_purged_floors":[0,29],"is_endless":false,"potions_floor_spawned":[4,6,8,14,15,18,25,30,33,39,46,47],"killed_by":"The Heart","ascension_level":14}}