{"host":"yiit85oc4oi3nqs8","time":1609838897,"event":{"mods":["AchievementEnabler","BaseMod","Better Third Choice","Block Reminder","DeckTracker","Highlight Path","Keyboard Shortcuts","Minty Spire (QoL Compilation)","MonsterHotkey","Quick Restart","Random Character Button","Relic Stats","StSLib"],"gold_per_floor":[210,224,224,240,252,252,263,263,263,280,280,280,305,305,305,305,305,318,318,318,72,82,82,82,82,82,82,82],"floor_reached":27,"playtime":805,"items_purged":["Strike_G"],"score":294,"play_id":"5767d847-f954-477c-b63d-9f95bf18caf4","local_time":"20210105182817","is_ascension_mode":true,"campfire_choices":[{"data":"Neutralize","floor":8.0,"key":"SMITH"},{"data":"Bouncing Flask","floor":9.0,"key":"SMITH"},{"data":"Noxious Fumes","floor":11.0,"key":"SMITH"},{"data":"Dash","floor":12.0,"key":"SMITH"},{"data":"Backflip","floor":16.0,"key":"SMITH"},{"data":"Survivor","floor":17.0,"key":"SMITH"},{"data":"Defend_G","floor":19.0,"key":"SMITH"},{"data":"Defend_G","floor":20.0,"key":"SMITH"},{"floor":25,"key":"REST"},{"data":"Backflip","floor":26,"key":"SMITH"}],"circlet_count":0,"master_deck":["AscendersBane","Strike_G","Strike_G","Strike_G","Strike_G","Defend_G","Defend_G","Defend_G","Defend_G+1","Defend_G+1","Survivor+1","Neutralize+1","Bouncing Flask+1","Dash+1","Backflip+1","Noxious Fumes+1","Backflip+1"],"relics":["Ring of the Snake","Centennial Puzzle","Ancient Tea Set","Anchor","Oddly Smooth Stone"],"acts_visited":["Exordium"],"potions_floor_usage":[],"damage_taken":[{"damage":3.0,"enemies":"Cultist","floor":1.0,"turns":4.0},{"damage":2.0,"enemies":"2 Louse","floor":2.0,"turns":3.0},{"damage":29.0,"enemies":"Large Slime","floor":4.0,"turns":9.0},{"damage":3.0,"enemies":"3 Louse","floor":5.0,"turns":4.0},{"damage":5.0,"enemies":"Looter","floor":7.0,"turns":4.0},{"damage":0.0,"enemies":"Blue Slaver","floor":10.0,"turns":6.0},{"damage":0.0,"enemies":"2 Fungi Beasts","floor":18.0,"turns":3.0},{"damage":0.0,"enemies":"Looter","floor":22.0,"turns":3.0},{"damage":42,"enemies":"Slime Boss","floor":27,"turns":9}],"seed_played":"-425874034980940241","potions_obtained":[{"floor":4.0,"key":"Fire Potion"},{"floor":5.0,"key":"PowerPotion"},{"floor":7.0,"key":"SteroidPotion"}],"is_trial":false,"path_per_floor":["M","M","?","M","M","$","M","R","R","M","R","R","T","T","T","R","R","M","R","R","$","M","$","?","R","R","B"],"character_chosen":"THE_SILENT","items_purchased":["Oddly Smooth Stone"],"campfire_rested":1,"item_purchase_floors":[21],"current_hp_per_floor":[56,54,54,25,22,22,17,17,17,17,17,17,17,17,17,17,17,17,17,17,17,17,17,17,36,36,0,0],"gold":82,"neow_bonus":"HUNDRED_GOLD","is_daily":false,"chose_seed":false,"campfire_upgraded":9,"win_rate":0.0,"timestamp":1609838897,"path_taken":["M","?","?","M","M","$","M","R","R","M","R","R","T","T","T","R","R","M","R","R","$","M","$","?","R","R","BOSS"],"items_purchased_type":["Relic"],"build_version":"2020-12-22","purchased_purges":1,"victory":false,"max_hp_per_floor":[66,66,66,66,66,66,66,66,66,66,66,66,66,66,66,66,66,66,66,66,66,66,66,66,66,66,66,66],"relic_stats":{"Centennial Puzzle":[3],"counters":[9,45],"obtain_stats":[{"Centennial Puzzle":13,"Anchor":15,"Oddly Smooth Stone":21,"Ancient Tea Set":14,"Ring of the Snake":0},{"Centennial Puzzle":6,"Anchor":6,"Oddly Smooth Stone":7,"Ancient Tea Set":6,"Ring of the Snake":0},{"Centennial Puzzle":30,"Anchor":30,"Oddly Smooth Stone":33,"Ancient Tea Set":30,"Ring of the Snake":0}],"Ring of the Snake":[18]},"card_choices":[{"not_picked":["Slice","Bane"],"picked":"Bouncing Flask","floor":1.0},{"not_picked":["Flechettes","Quick Slash"],"picked":"Dash","floor":2.0},{"not_picked":["Concentrate","Acrobatics"],"picked":"Backflip","floor":4.0},{"not_picked":["Deflect","Outmaneuver","Blade Dance"],"picked":"SKIP","floor":5.0},{"not_picked":["Quick Slash","Sucker Punch","Caltrops"],"picked":"SKIP","floor":7.0},{"not_picked":["Reflex","Dagger Spray"],"picked":"Noxious Fumes","floor":10.0},{"not_picked":["Dagger Spray","Distraction","Bouncing Flask"],"picked":"SKIP","floor":18.0},{"not_picked":["Dodge and Roll","Slice"],"picked":"Backflip","floor":22.0}],"player_experience":451019,"relics_obtained":[{"floor":13.0,"key":"Centennial Puzzle"},{"floor":14.0,"key":"Ancient Tea Set"},{"floor":15.0,"key":"Anchor"}],"event_choices":[{"damage_healed":0,"gold_gain":0,"player_choice":"Searched \u00270\u0027 times","damage_taken":0,"max_hp_gain":0,"max_hp_loss":0,"event_name":"Dead Adventurer","floor":24,"gold_loss":0}],"is_beta":false,"boss_relics":[],"items_purged_floors":[21],"is_endless":false,"potions_floor_spawned":[4,5,7,10],"killed_by":"Slime Boss","ascension_level":19}}