{"host":"m8e7t7u4353tsza9","time":1609838606,"event":{"mods":["AchievementEnabler","BaseMod","BetterRewards","Block Reminder","Colored Map","Colored Powertips","DeckTracker","Highlight Path","Minty Spire (QoL Compilation)","Permanent Neow","Quick Restart","StSLib"],"gold_per_floor":[119,131,147,157,167,196,196,371,396,449,449,474,489,439,439,536,536,553,570,245,160,195,229,229,242,267,314,326,99,114,214,214,309,359,378,238,238,238,238,255,281,299,345,33,67,67,67,67,67,67],"floor_reached":51,"playtime":2711,"items_purged":["Strike_R","Strike_R"],"score":1026,"play_id":"1d1232cc-b78b-4f2c-975e-c1b312d97a10","local_time":"20210105012326","is_ascension_mode":false,"campfire_choices":[{"data":"Pommel Strike","floor":7.0,"key":"SMITH"},{"floor":15.0,"key":"REST"},{"data":"Demon Form","floor":24.0,"key":"SMITH"},{"data":"Heavy Blade","floor":28.0,"key":"SMITH"},{"floor":32.0,"key":"REST"},{"floor":47.0,"key":"REST"},{"data":"Reckless Charge","floor":49.0,"key":"SMITH"}],"circlet_count":0,"master_deck":["Strike_R","Defend_R","Defend_R","Defend_R","Defend_R","Bash","Inflame","Infernal Blade+1","Pommel Strike","Headbutt","Thunderclap+1","Pommel Strike+1","Flex+1","Seeing Red+1","Doubt","Sword Boomerang","Demon Form+1","Reckless Charge+1","Shockwave+1","Infernal Blade+1","Heavy Blade+1","Dropkick+1","Evolve","Inflame+1","Feed","Infernal Blade+1","Master of Strategy+1","Enlightenment+1","Master of Strategy+1","Flex+1","Battle Trance+1"],"relics":["Burning Blood","Toxic Egg 2","Mercury Hourglass","Ancient Tea Set","Omamori","MealTicket","Velvet Choker","Juzu Bracelet","Boot","Red Mask","Bottled Lightning","MawBank","Anchor","Shuriken","WingedGreaves","White Beast Statue","Tiny House","InkBottle","Sundial","Dream Catcher","Ice Cream","Potion Belt"],"acts_visited":["Exordium","TheCity","TheBeyond"],"potions_floor_usage":[50,50],"damage_taken":[{"damage":6.0,"enemies":"2 Louse","floor":1.0,"turns":3.0},{"damage":11.0,"enemies":"Jaw Worm","floor":2.0,"turns":2.0},{"damage":0.0,"enemies":"Small Slimes","floor":3.0,"turns":2.0},{"damage":12.0,"enemies":"Blue Slaver","floor":4.0,"turns":2.0},{"damage":6.0,"enemies":"Exordium Wildlife","floor":5.0,"turns":2.0},{"damage":22.0,"enemies":"3 Sentries","floor":6.0,"turns":4.0},{"damage":18.0,"enemies":"Lagavulin","floor":12.0,"turns":3.0},{"damage":0.0,"enemies":"Large Slime","floor":13.0,"turns":2.0},{"damage":4.0,"enemies":"Slime Boss","floor":16.0,"turns":6.0},{"damage":35.0,"enemies":"2 Thieves","floor":18.0,"turns":3.0},{"damage":10.0,"enemies":"Chosen","floor":19.0,"turns":3.0},{"damage":24.0,"enemies":"Masked Bandits","floor":22.0,"turns":4.0},{"damage":10.0,"enemies":"Gremlin Leader","floor":23.0,"turns":4.0},{"damage":4.0,"enemies":"3 Cultists","floor":25.0,"turns":4.0},{"damage":14.0,"enemies":"Slavers","floor":27.0,"turns":3.0},{"damage":0.0,"enemies":"Cultist and Chosen","floor":30.0,"turns":3.0},{"damage":11.0,"enemies":"Colosseum Slavers","floor":31.0,"turns":3.0},{"damage":7.0,"enemies":"Colosseum Nobs","floor":31.0,"turns":3.0},{"damage":37.0,"enemies":"Automaton","floor":33.0,"turns":5.0},{"damage":10.0,"enemies":"3 Shapes","floor":35.0,"turns":3.0},{"damage":1.0,"enemies":"Orb Walker","floor":40.0,"turns":2.0},{"damage":66.0,"enemies":"Reptomancer","floor":41.0,"turns":4.0},{"damage":10.0,"enemies":"Sphere and 2 Shapes","floor":42.0,"turns":3.0},{"damage":13.0,"enemies":"Giant Head","floor":45.0,"turns":5.0},{"damage":41,"enemies":"Donu and Deca","floor":50,"turns":5}],"seed_played":"2377376851012573529","potions_obtained":[{"floor":3.0,"key":"LiquidMemories"},{"floor":4.0,"key":"Swift Potion"},{"floor":12.0,"key":"Fire Potion"},{"floor":13.0,"key":"LiquidMemories"},{"floor":27.0,"key":"SmokeBomb"},{"floor":45.0,"key":"LiquidBronze"}],"is_trial":false,"path_per_floor":["M","M","M","M","M","E","R","?","T","?","?","E","M","?","R","B",null,"M","M","$","?","?","E","R","M","T","E","R","$","M","?","R","B",null,"M","$","?","?","T","M","E","M","T","$","E","?","R","?","R","B",null],"character_chosen":"IRONCLAD","items_purchased":["Inflame","Toxic Egg 2","Mercury Hourglass","Infernal Blade+1","Shockwave+1","Infernal Blade+1","Juzu Bracelet","Shuriken","Infernal Blade+1","Ice Cream"],"campfire_rested":3,"item_purchase_floors":[0,0,0,0,20,20,20,29,36,44],"current_hp_per_floor":[52,47,53,47,47,31,31,31,31,31,31,19,25,25,49,51,80,51,47,62,62,44,40,40,42,42,34,34,49,55,49,73,42,85,84,88,78,78,78,86,26,22,22,37,30,30,56,56,56,21],"gold":67,"neow_bonus":"","is_daily":false,"chose_seed":false,"campfire_upgraded":4,"win_rate":0.0,"timestamp":1609838606,"path_taken":["M","M","M","M","M","E","R","?","T","?","?","E","M","?","R","BOSS","M","M","$","?","?","E","R","M","T","E","R","$","M","?","R","BOSS","M","$","?","?","?","M","E","M","T","?","E","?","R","?","R","BOSS"],"items_purchased_type":["Card","Relic","Relic","Card","Card","Card","Relic","Relic","Card","Relic"],"build_version":"2020-12-22","purchased_purges":2,"victory":true,"max_hp_per_floor":[80,80,80,80,80,80,80,80,80,80,80,80,80,80,80,80,80,80,80,80,80,80,80,80,80,80,80,80,80,80,80,80,80,85,88,88,88,84,84,87,87,87,87,87,87,87,87,87,87,87],"card_choices":[{"not_picked":["Cleave","Feel No Pain"],"picked":"Pommel Strike","floor":1.0},{"not_picked":["Havoc+1","Flame Barrier+1"],"picked":"Headbutt","floor":2.0},{"not_picked":["Clash","Twin Strike"],"picked":"Thunderclap","floor":3.0},{"not_picked":["Headbutt","Intimidate+1"],"picked":"Pommel Strike","floor":4.0},{"not_picked":["Warcry+1","Ghostly Armor+1"],"picked":"Flex+1","floor":5.0},{"not_picked":["Cleave","Clash"],"picked":"Seeing Red+1","floor":6.0},{"not_picked":["Hemokinesis","Iron Wave"],"picked":"Sword Boomerang","floor":12.0},{"not_picked":["Thunderclap","Cleave","Shrug It Off+1"],"picked":"SKIP","floor":13.0},{"not_picked":["Berserk","Bludgeon"],"picked":"Demon Form","floor":16.0},{"not_picked":["Iron Wave","Blood for Blood+1"],"picked":"Reckless Charge","floor":18.0},{"not_picked":["Power Through+1","Dual Wield+1","Cleave+1"],"picked":"SKIP","floor":19.0},{"not_picked":["Cleave","Disarm+1"],"picked":"Heavy Blade","floor":22.0},{"not_picked":["Intimidate+1","Clothesline"],"picked":"Dropkick+1","floor":23.0},{"not_picked":["Heavy Blade","Clash"],"picked":"Evolve","floor":25.0},{"not_picked":["Clothesline","Blood for Blood+1"],"picked":"Inflame+1","floor":27.0},{"not_picked":["Warcry+1","Dual Wield+1"],"picked":"Inflame+1","floor":30.0},{"not_picked":["Bludgeon","Double Tap+1"],"picked":"Feed","floor":33.0},{"not_picked":["Twin Strike","Burning Pact+1","Armaments+1"],"picked":"SKIP","floor":35.0},{"not_picked":["PanicButton+1","HandOfGreed"],"picked":"Master of Strategy+1","floor":37.0},{"not_picked":["Trip+1","Forethought+1"],"picked":"Enlightenment+1","floor":37.0},{"not_picked":["Forethought+1","Deep Breath+1"],"picked":"Master of Strategy+1","floor":37.0},{"not_picked":["Sever Soul","Sword Boomerang"],"picked":"Flex+1","floor":40.0},{"not_picked":["Spot Weakness+1","Dual Wield+1"],"picked":"Battle Trance+1","floor":41.0},{"not_picked":["Carnage+1","Twin Strike","Thunderclap"],"picked":"SKIP","floor":42.0},{"not_picked":["Twin Strike","Fire Breathing+1","Shrug It Off+1"],"picked":"SKIP","floor":45.0}],"player_experience":59189,"relics_obtained":[{"floor":6.0,"key":"Ancient Tea Set"},{"floor":9.0,"key":"Omamori"},{"floor":12.0,"key":"MealTicket"},{"floor":22.0,"key":"Red Mask"},{"floor":23.0,"key":"Bottled Lightning"},{"floor":26.0,"key":"MawBank"},{"floor":27.0,"key":"Anchor"},{"floor":31.0,"key":"WingedGreaves"},{"floor":31.0,"key":"White Beast Statue"},{"floor":39.0,"key":"InkBottle"},{"floor":41.0,"key":"Sundial"},{"floor":43.0,"key":"Dream Catcher"},{"floor":45.0,"key":"Potion Belt"}],"event_choices":[{"damage_healed":0.0,"max_hp_gain":0.0,"max_hp_loss":0.0,"gold_gain":175.0,"event_name":"Liars Game","player_choice":"AGREE","floor":8.0,"gold_loss":0.0,"damage_taken":0.0,"cards_obtained":["Doubt"]},{"damage_healed":0.0,"max_hp_gain":0.0,"max_hp_loss":0.0,"gold_gain":53.0,"event_name":"Golden Wing","player_choice":"Gained Gold","floor":10.0,"gold_loss":0.0,"damage_taken":0.0},{"damage_healed":0.0,"max_hp_gain":0.0,"max_hp_loss":0.0,"gold_gain":0.0,"event_name":"Dead Adventurer","player_choice":"Searched \u00271\u0027 times","floor":11.0,"gold_loss":0.0,"damage_taken":0.0},{"cards_removed":["Strike_R"],"damage_healed":0.0,"max_hp_gain":0.0,"max_hp_loss":0.0,"gold_gain":0.0,"event_name":"The Cleric","player_choice":"Card Removal","floor":14.0,"gold_loss":50.0,"damage_taken":0.0},{"damage_healed":0.0,"max_hp_gain":0.0,"max_hp_loss":0.0,"gold_gain":0.0,"event_name":"Addict","player_choice":"Obtained Relic","floor":21.0,"gold_loss":85.0,"damage_taken":0.0,"relics_obtained":["Boot"]},{"damage_healed":0.0,"max_hp_gain":0.0,"max_hp_loss":0.0,"gold_gain":0.0,"event_name":"Masked Bandits","player_choice":"Fought Bandits","floor":22.0,"gold_loss":0.0,"damage_taken":0.0},{"damage_healed":0.0,"max_hp_gain":0.0,"max_hp_loss":0.0,"gold_gain":0.0,"event_name":"Colosseum","player_choice":"Fight","floor":31.0,"gold_loss":0.0,"damage_taken":0.0},{"damage_healed":0.0,"max_hp_gain":0.0,"max_hp_loss":0.0,"gold_gain":0.0,"event_name":"Colosseum","player_choice":"Fought Nobs","floor":31.0,"gold_loss":0.0,"damage_taken":0.0},{"damage_healed":0.0,"max_hp_gain":0.0,"max_hp_loss":0.0,"gold_gain":0.0,"event_name":"SensoryStone","player_choice":"Memory 3","floor":37.0,"gold_loss":0.0,"damage_taken":10.0},{"damage_healed":0.0,"max_hp_gain":0.0,"max_hp_loss":4.0,"gold_gain":0.0,"event_name":"Winding Halls","player_choice":"Max HP","floor":38.0,"gold_loss":0.0,"damage_taken":0.0},{"cards_removed":["Strike_R"],"damage_healed":0.0,"max_hp_gain":0.0,"max_hp_loss":0.0,"gold_gain":0.0,"event_name":"Bonfire Elementals","player_choice":"Offered Basic","floor":46.0,"gold_loss":0.0,"damage_taken":0.0},{"cards_removed":["Inflame"],"damage_healed":0.0,"max_hp_gain":0.0,"max_hp_loss":0.0,"gold_gain":0.0,"event_name":"Falling","player_choice":"Removed Power","floor":48.0,"gold_loss":0.0,"damage_taken":0.0}],"is_beta":false,"boss_relics":[{"not_picked":["Runic Cube","Ectoplasm"],"picked":"Velvet Choker"},{"not_picked":["Fusion Hammer","Black Blood"],"picked":"Tiny House"}],"items_purged_floors":[20,36],"is_endless":false,"potions_floor_spawned":[3,4,12,13,16,22,23,27,33,35,40,41,42,45],"ascension_level":0}}