{"host":"bydnmyvf669xu6ab","time":1609826175,"event":{"mods":["Aspiration","BaseMod","Better Note","BetterRewards","Colored Map","Colored Powertips","Minty Spire (QoL Compilation)","Rare Cards Sparkle","Relic Stats","Shop Mod","StSLib","SuperFastMode","Virulent Crown"],"gold_per_floor":[111,111,123,50,50,50,65,65,116,58,69,145,145,158,158,261,261,272,272,98,98,98,98,98,98,98,128,148,160,13,13,13,112,112,127,146,163,163,179,211,211,241,315,315,328,88,100,116,116,116,116,116,9,39,39,39],"floor_reached":55,"playtime":15516,"items_purged":[],"score":1086,"play_id":"b7a0e355-df44-4fbb-9cb7-b021263378b0","local_time":"20210104215615","is_ascension_mode":true,"campfire_choices":[{"data":"Whirlwind","floor":6,"key":"SMITH"},{"data":"Spot Weakness","floor":13,"key":"SMITH"},{"floor":15,"key":"RECALL"},{"data":"Berserk","floor":23,"key":"SMITH"},{"data":"Stack","floor":25,"key":"SMITH"},{"data":"Defragment","floor":32,"key":"SMITH"},{"data":"Calculated Gamble","floor":41,"key":"SMITH"},{"data":"Burst","floor":44,"key":"SMITH"},{"data":"Fire Breathing","floor":49,"key":"SMITH"},{"data":"Entrench","floor":52,"key":"SMITH"}],"circlet_count":0,"master_deck":["Strike_R+1","Strike_R+1","Strike_R+1","Strike_R+1","Defend_R+1","Defend_R+1","Defend_R+1","Defend_R+1","Bash","Entrench+1","Fire Breathing+1","Clothesline","Whirlwind+1","Feel No Pain","Sword Boomerang","Spot Weakness+1","Shrug It Off","Fire Breathing","Berserk+1","Reinforced Body","Self Repair","Writhe","Defragment+1","Stack+1","Defragment+1","Acrobatics+1","Cleave","Loop+1","Burst+1","Swift Strike+1","Dash+1","Body Slam+1","Calculated Gamble+1","Backflip+1","Noxious Fumes+1","Loop+1","Armaments","Inflame+1"],"relics":["Burning Blood","Matryoshka","The Courier","Vajra","aspiration:DefectSkillbook","Bronze Scales","aspiration:HiddenCompartment","PrismaticShard","Art of War","Frozen Egg 2","aspiration:StickyExplosives_weak","ClockworkSouvenir","Mark of Pain","Centennial Puzzle","Pen Nib","Torii","aspiration:Lifesprig"],"acts_visited":["Exordium","TheCity","TheBeyond","TheEnding"],"potions_floor_usage":[16,27,29,29,37,40,42,47,47,55],"damage_taken":[{"damage":14,"enemies":"Small Slimes","floor":1,"turns":4},{"damage":2,"enemies":"Cultist","floor":3,"turns":5},{"damage":8,"enemies":"Jaw Worm","floor":7,"turns":3},{"damage":12,"enemies":"Large Slime","floor":11,"turns":4},{"damage":10,"enemies":"Looter","floor":14,"turns":2},{"damage":0,"enemies":"Slime Boss","floor":16,"turns":5},{"damage":0,"enemies":"3 Byrds","floor":18,"turns":4},{"damage":36,"enemies":"Book of Stabbing","floor":27,"turns":6},{"damage":0,"enemies":"Spheric Guardian","floor":28,"turns":5},{"damage":3,"enemies":"Centurion and Healer","floor":29,"turns":5},{"damage":0,"enemies":"Collector","floor":33,"turns":8},{"damage":42,"enemies":"3 Darklings","floor":35,"turns":4},{"damage":7,"enemies":"Orb Walker","floor":36,"turns":2},{"damage":7,"enemies":"Jaw Worm Horde","floor":37,"turns":5},{"damage":8,"enemies":"Sphere and 2 Shapes","floor":39,"turns":3},{"damage":0,"enemies":"Nemesis","floor":40,"turns":7},{"damage":19,"enemies":"Reptomancer","floor":42,"turns":5},{"damage":21,"enemies":"4 Shapes","floor":45,"turns":4},{"damage":0,"enemies":"Transient","floor":47,"turns":5},{"damage":10,"enemies":"Sphere and 2 Shapes","floor":48,"turns":3},{"damage":30,"enemies":"Donu and Deca","floor":50,"turns":7},{"damage":67,"enemies":"Shield and Spear","floor":54,"turns":6},{"damage":35,"enemies":"The Heart","floor":55,"turns":2}],"seed_played":"8535852555364497230","potions_obtained":[{"floor":11,"key":"Regen Potion"},{"floor":14,"key":"Fire Potion"},{"floor":16,"key":"Block Potion"},{"floor":27,"key":"Strength Potion"},{"floor":28,"key":"ColorlessPotion"},{"floor":29,"key":"SteroidPotion"},{"floor":35,"key":"SpeedPotion"},{"floor":37,"key":"SpeedPotion"},{"floor":42,"key":"AttackPotion"},{"floor":45,"key":"Fruit Juice"}],"is_trial":false,"path_per_floor":["M","?","M","$","$","R","M","?","T","$","M","?","R","M","R","B",null,"M","?","$","?","?","R","?","R","T","E","M","M","$","$","R","B",null,"M","M","M","?","M","E","R","E","T","R","M","$","M","M","R","B",null,"R","$","E","B"],"character_chosen":"IRONCLAD","items_purchased":["Entrench","Matryoshka","Fire Breathing","Feel No Pain","Spot Weakness","Bronze Scales","Self Repair","Loop+1","ClockworkSouvenir","Torii","Loop+1","Armaments","Fire Potion"],"campfire_rested":0,"item_purchase_floors":[0,0,0,4,10,20,20,30,30,46,53,53,53],"current_hp_per_floor":[58,58,62,62,62,62,60,60,60,60,54,54,54,50,50,56,80,80,80,80,80,72,72,72,72,72,49,62,72,72,72,72,80,80,51,50,49,57,55,80,80,74,74,74,66,66,84,80,80,56,85,85,85,24,0,0],"gold":39,"neow_bonus":"","is_daily":false,"chose_seed":false,"campfire_upgraded":9,"win_rate":0.0,"timestamp":1609826175,"path_taken":["M","?","M","?","$","R","M","?","T","$","?","?","R","M","R","BOSS","M","?","$","?","?","R","?","R","T","E","?","?","?","$","R","BOSS","M","M","M","?","M","E","R","E","T","R","M","$","M","M","R","BOSS","R","$","E","BOSS"],"items_purchased_type":["Card","Relic","Card","Card","Card","Relic","Card","Card","Relic","Relic","Card","Card","Potion"],"build_version":"2020-12-22","purchased_purges":0,"victory":false,"max_hp_per_floor":[80,80,80,80,80,80,80,80,80,80,80,80,80,80,80,80,80,80,80,80,80,80,80,80,80,80,80,80,80,80,80,80,80,80,80,80,80,80,80,80,80,80,80,80,80,80,85,85,85,85,85,85,85,85,85,85],"relic_stats":{"Centennial Puzzle":[18],"Torii":13,"counters":[79,408],"Bronze Scales":[220],"Pen Nib":[3],"Art of War":[10],"obtain_stats":[{"Ice Cream":19,"aspiration:Lifesprig":54,"Calipers":12,"Torii":46,"SacredBark":17,"Vajra":42,"Juzu Bracelet":22,"Whetstone":43,"Ancient Tea Set":7,"Cursed Key":34,"Smiling Mask":23,"PrismaticShard":22,"Burning Blood":0,"aspiration:StickyExplosives_weak":27,"ClockworkSouvenir":30,"Centennial Puzzle":41,"Matryoshka":0,"aspiration:DefectSkillbook":17,"Sundial":24,"DollysMirror":0,"aspiration:AnachronicSnailShell":23,"Strawberry":10,"Philosopher\u0027s Stone":17,"Kunai":0,"Toxic Egg 2":3,"aspiration:ChemicalBlood":9,"Potion Belt":0,"Self Forming Clay":25,"Astrolabe":17,"Dead Branch":42,"Oddly Smooth Stone":25,"The Courier":9,"Pen Nib":42,"Frozen Egg 2":26,"aspiration:HiddenCompartment":21,"Anchor":9,"CaptainsWheel":54,"Shuriken":31,"Bronze Scales":19,"Molten Egg 2":26,"Mark of Pain":34,"Art of War":26,"Membership Card":19},{"Ice Cream":23,"aspiration:Lifesprig":78,"Calipers":45,"Torii":74,"SacredBark":47,"Vajra":33,"Juzu Bracelet":9,"Whetstone":33,"Ancient Tea Set":3,"Cursed Key":28,"Smiling Mask":53,"PrismaticShard":63,"Burning Blood":0,"aspiration:StickyExplosives_weak":64,"ClockworkSouvenir":66,"Centennial Puzzle":33,"Matryoshka":56,"aspiration:DefectSkillbook":62,"Sundial":25,"DollysMirror":39,"aspiration:AnachronicSnailShell":10,"Strawberry":20,"Philosopher\u0027s Stone":22,"Kunai":39,"Toxic Egg 2":41,"aspiration:ChemicalBlood":43,"Potion Belt":15,"Self Forming Clay":54,"Astrolabe":7,"Dead Branch":33,"Oddly Smooth Stone":11,"The Courier":59,"Pen Nib":73,"Frozen Egg 2":63,"aspiration:HiddenCompartment":63,"Anchor":20,"CaptainsWheel":38,"Shuriken":27,"Bronze Scales":23,"Molten Egg 2":11,"Mark of Pain":67,"Art of War":63,"Membership Card":23},{"Ice Cream":101,"aspiration:Lifesprig":406,"Calipers":229,"Torii":385,"SacredBark":239,"Vajra":157,"Juzu Bracelet":31,"Whetstone":157,"Ancient Tea Set":11,"Cursed Key":129,"Smiling Mask":280,"PrismaticShard":334,"Burning Blood":0,"aspiration:StickyExplosives_weak":340,"ClockworkSouvenir":350,"Centennial Puzzle":157,"Matryoshka":307,"aspiration:DefectSkillbook":330,"Sundial":109,"DollysMirror":198,"aspiration:AnachronicSnailShell":38,"Strawberry":78,"Philosopher\u0027s Stone":94,"Kunai":198,"Toxic Egg 2":205,"aspiration:ChemicalBlood":212,"Potion Belt":64,"Self Forming Clay":287,"Astrolabe":24,"Dead Branch":157,"Oddly Smooth Stone":43,"The Courier":319,"Pen Nib":382,"Frozen Egg 2":334,"aspiration:HiddenCompartment":334,"Anchor":78,"CaptainsWheel":189,"Shuriken":117,"Bronze Scales":101,"Molten Egg 2":43,"Mark of Pain":358,"Art of War":334,"Membership Card":101}],"Burning Blood":408},"card_choices":[{"not_picked":["Combust","Pummel"],"picked":"Clothesline","floor":1},{"not_picked":["Reckless Charge","Perfected Strike"],"picked":"Whirlwind","floor":3},{"not_picked":["Second Wind","Combust"],"picked":"Sword Boomerang","floor":7},{"not_picked":["Clothesline","Searing Blow"],"picked":"Shrug It Off","floor":11},{"not_picked":["Searing Blow","Blood for Blood"],"picked":"Fire Breathing","floor":14},{"not_picked":["Immolate","Offering"],"picked":"Berserk","floor":16},{"not_picked":["Clash+1","Cleave","Perfected Strike"],"picked":"Reinforced Body","floor":18},{"not_picked":["Rebound","Conserve Battery","Havoc"],"picked":"Defragment","floor":22},{"not_picked":["Pray","Mind Blast","Indignation"],"picked":"Defragment+1","floor":27},{"not_picked":["Dagger Spray","CutThroughFate","Conserve Battery+1"],"picked":"Acrobatics+1","floor":28},{"not_picked":["Turbo+1","PathToVictory","Go for the Eyes"],"picked":"Cleave","floor":29},{"not_picked":["Reboot","MasterReality+1","Violence"],"picked":"Burst","floor":33},{"not_picked":["Wild Strike+1","Warcry","Gash+1","Hologram"],"picked":"SKIP","floor":35},{"not_picked":["EmptyFist+1","Storm+1","Havoc+1"],"picked":"Swift Strike+1","floor":36},{"not_picked":["EmptyBody+1","WaveOfTheHand+1","Rage+1"],"picked":"Dash+1","floor":37},{"not_picked":["Dagger Spray+1","Steam Power","Hologram"],"picked":"Body Slam+1","floor":39},{"not_picked":["FlyingSleeves+1","Clothesline","Genetic Algorithm+1"],"picked":"Calculated Gamble","floor":40},{"not_picked":["FlyingSleeves","Wild Strike","Quick Slash+1","Swivel"],"picked":"SKIP","floor":42},{"not_picked":["Wild Strike","ClearTheMind+1","Heavy Blade+1"],"picked":"Backflip+1","floor":45},{"not_picked":["EmptyBody","SignatureMove","Burst"],"picked":"Noxious Fumes+1","floor":47},{"not_picked":["Nirvana+1","Halt+1","DeceiveReality","SignatureMove"],"picked":"SKIP","floor":48},{"not_picked":["Steam+1","Study+1","Ball Lightning+1"],"picked":"Inflame+1","floor":54}],"player_experience":2129837,"relics_obtained":[{"floor":9,"key":"The Courier"},{"floor":9,"key":"Vajra"},{"floor":22,"key":"PrismaticShard"},{"floor":26,"key":"Art of War"},{"floor":26,"key":"Frozen Egg 2"},{"floor":27,"key":"aspiration:StickyExplosives_weak"},{"floor":40,"key":"Centennial Puzzle"},{"floor":42,"key":"Pen Nib"},{"floor":54,"key":"aspiration:Lifesprig"}],"event_choices":[{"damage_healed":0,"gold_gain":0,"player_choice":"Ignored","damage_taken":0,"max_hp_gain":0,"max_hp_loss":0,"event_name":"betterNote:BetterNote","floor":2,"gold_loss":0,"cards_obtained":["Barricade"]},{"cards_removed":["Strike_R"],"damage_healed":0,"gold_gain":0,"player_choice":"Offered Basic","damage_taken":0,"max_hp_gain":0,"max_hp_loss":0,"event_name":"Bonfire Elementals","floor":8,"gold_loss":0},{"damage_healed":0,"gold_gain":76,"player_choice":"Gained Gold","damage_taken":0,"max_hp_gain":0,"max_hp_loss":0,"event_name":"Golden Wing","floor":12,"gold_loss":0},{"damage_healed":0,"gold_gain":0,"player_choice":"Simplicity","damage_taken":0,"max_hp_gain":0,"max_hp_loss":0,"event_name":"Back to Basics","floor":19,"gold_loss":0,"cards_upgraded":["Strike_R","Strike_R","Strike_R","Strike_R","Defend_R","Defend_R","Defend_R","Defend_R"]},{"damage_healed":0,"gold_gain":0,"player_choice":"Opened","damage_taken":0,"relics_obtained":["aspiration:HiddenCompartment"],"max_hp_gain":0,"max_hp_loss":0,"event_name":"The Mausoleum","floor":21,"gold_loss":0,"cards_obtained":["Writhe"]},{"damage_healed":0,"gold_gain":0,"player_choice":"Read","damage_taken":0,"max_hp_gain":0,"max_hp_loss":0,"event_name":"The Library","floor":24,"gold_loss":0,"cards_obtained":["Stack"]}],"is_beta":false,"boss_relics":[{"not_picked":["SlaversCollar","Cursed Key"],"picked":"aspiration:DefectSkillbook"},{"not_picked":["Empty Cage","aspiration:SecretTechniqueScroll"],"picked":"Mark of Pain"}],"items_purged_floors":[],"is_endless":false,"potions_floor_spawned":[11,14,16,27,28,29,35,37,39,42,45],"killed_by":"The Heart","ascension_level":1}}