{"host":"g01l53quoe6lrer0","time":1609885208,"event":{"mods":["2.2 Compatiblity","AchievementEnabler","BaseMod","Colored Map","Highlight Path","Keyboard Shortcuts","Minty Spire (QoL Compilation)","Permanent Neow","Quick Restart","StSLib","SuperFastMode","everything is the same but u backflip on backflip"],"gold_per_floor":[112,129,129,146,146,146,321,321,346,421,432,35,54,4,4,102,102,112,128,53,72,72,72,72,82,82,82,111,122,136,148,148,250,250,260,260,160,210,229,229,229,229,277,277,292,367,367,386,386,386],"floor_reached":51,"playtime":1111,"items_purged":["Doubt","Cleave"],"score":760,"play_id":"8e7fde09-dad1-4b8f-b707-ef50eec341ef","local_time":"20210106072008","is_ascension_mode":true,"campfire_choices":[{"data":"Reaper","floor":6.0,"key":"SMITH"},{"data":"Twin Strike","floor":8.0,"key":"SMITH"},{"data":"Apotheosis","floor":15.0,"key":"SMITH"},{"data":"Demon Form","floor":23.0,"key":"SMITH"},{"floor":27.0,"key":"REST"},{"data":"Shockwave","floor":32.0,"key":"SMITH"},{"data":"Double Tap","floor":40.0,"key":"SMITH"},{"data":"Reaper","floor":42,"key":"SMITH"},{"floor":47,"key":"REST"},{"data":"Secret Weapon","floor":49,"key":"SMITH"}],"circlet_count":0,"master_deck":["Defend_R","Defend_R","Defend_R","Bash+1","Reaper+1","Twin Strike+1","Twin Strike","Wild Strike+1","Apotheosis+1","Reaper+1","Demon Form+1","Shockwave+1","Pommel Strike+1","Bloodletting","Double Tap+1","Intimidate","Secret Weapon+1","Heavy Blade+1"],"relics":["Burning Blood","Vajra","Velvet Choker","Shuriken","Paper Frog","Empty Cage","Ice Cream","Whetstone","Molten Egg 2"],"acts_visited":["Exordium","TheCity","TheBeyond"],"potions_floor_usage":[50,50,50],"damage_taken":[{"damage":10.0,"enemies":"Cultist","floor":1.0,"turns":4.0},{"damage":2.0,"enemies":"Small Slimes","floor":2.0,"turns":3.0},{"damage":6.0,"enemies":"Jaw Worm","floor":4.0,"turns":2.0},{"damage":15.0,"enemies":"Looter","floor":11.0,"turns":3.0},{"damage":4.0,"enemies":"Blue Slaver","floor":13.0,"turns":3.0},{"damage":54.0,"enemies":"Hexaghost","floor":16.0,"turns":7.0},{"damage":12.0,"enemies":"3 Byrds","floor":18.0,"turns":5.0},{"damage":34.0,"enemies":"2 Thieves","floor":19.0,"turns":3.0},{"damage":32.0,"enemies":"Shelled Parasite and Fungi","floor":21.0,"turns":5.0},{"damage":0.0,"enemies":"Slavers","floor":24.0,"turns":1.0},{"damage":27.0,"enemies":"Snake Plant","floor":25.0,"turns":4.0},{"damage":47.0,"enemies":"Gremlin Leader","floor":28.0,"turns":6.0},{"damage":2.0,"enemies":"Cultist and Chosen","floor":29.0,"turns":4.0},{"damage":37.0,"enemies":"Centurion and Healer","floor":30.0,"turns":4.0},{"damage":6.0,"enemies":"Snecko","floor":31.0,"turns":4.0},{"damage":59.0,"enemies":"Collector","floor":33.0,"turns":6.0},{"damage":48.0,"enemies":"3 Shapes","floor":35.0,"turns":4.0},{"damage":0.0,"enemies":"Mind Bloom Boss Battle","floor":38.0,"turns":3.0},{"damage":27.0,"enemies":"Orb Walker","floor":39.0,"turns":5.0},{"damage":89,"enemies":"4 Shapes","floor":45,"turns":9},{"damage":27,"enemies":"Maw","floor":48,"turns":5},{"damage":78,"enemies":"Time Eater","floor":50,"turns":7}],"seed_played":"-2464671861697322109","potions_obtained":[{"floor":1.0,"key":"LiquidMemories"},{"floor":11.0,"key":"SteroidPotion"},{"floor":21.0,"key":"SmokeBomb"},{"floor":25.0,"key":"ColorlessPotion"},{"floor":30.0,"key":"Strength Potion"},{"floor":33.0,"key":"Fire Potion"},{"floor":38.0,"key":"Fire Potion"}],"is_trial":false,"path_per_floor":["M","M","?","M","?","R","?","R","T","?","M","$","M","?","R","B",null,"M","M","?","M","?","R","E","M","T","R","E","M","M","M","R","B",null,"M","?","$","?","M","R","?","R","T","?","M","T","R","M","R","B",null],"character_chosen":"IRONCLAD","items_purchased":["Apotheosis","Vajra"],"campfire_rested":2,"item_purchase_floors":[12,12],"current_hp_per_floor":[80,80,80,80,73,73,73,73,73,62,58,58,60,60,60,24,80,80,75,75,54,54,54,60,48,48,72,80,80,73,80,80,66,80,80,80,80,80,80,80,80,80,80,80,43,43,67,80,80,27],"gold":386,"neow_bonus":"TRANSFORM_CARD","is_daily":false,"chose_seed":false,"campfire_upgraded":8,"win_rate":0.0,"timestamp":1609885208,"path_taken":["M","M","?","M","?","R","?","R","T","?","?","$","M","?","R","BOSS","M","M","?","M","?","R","E","M","T","R","E","M","M","?","R","BOSS","M","?","$","?","?","R","?","R","T","?","M","?","R","?","R","BOSS"],"items_purchased_type":["Card","Relic"],"build_version":"2020-12-22","purchased_purges":2,"victory":true,"max_hp_per_floor":[80,80,80,80,80,80,80,80,80,80,80,80,80,80,80,80,80,80,80,80,80,80,80,80,80,80,80,80,80,80,80,80,80,80,80,80,80,80,80,80,80,80,80,80,80,80,80,80,80,80],"card_choices":[{"not_picked":["Infernal Blade","Fire Breathing"],"picked":"Twin Strike","floor":1.0},{"not_picked":["Shrug It Off","Thunderclap"],"picked":"Twin Strike","floor":2.0},{"not_picked":["Armaments","Sever Soul"],"picked":"Wild Strike","floor":4.0},{"not_picked":["Dropkick","Shrug It Off"],"picked":"Perfected Strike","floor":11.0},{"not_picked":["Twin Strike","Wild Strike"],"picked":"Reaper","floor":13.0},{"not_picked":["Brutality","Exhume"],"picked":"Demon Form","floor":16.0},{"not_picked":["Cleave","Dropkick"],"picked":"Shockwave","floor":18.0},{"not_picked":["Heavy Blade+1","Twin Strike"],"picked":"Pommel Strike+1","floor":19.0},{"not_picked":["Thunderclap","Twin Strike"],"picked":"Bloodletting","floor":21.0},{"not_picked":["Iron Wave","Anger","Flame Barrier"],"picked":"SKIP","floor":25.0},{"not_picked":["Berserk","Second Wind","Entrench"],"picked":"SKIP","floor":28.0},{"not_picked":["True Grit","Bloodletting","Clothesline+1"],"picked":"SKIP","floor":29.0},{"not_picked":["Rampage+1","True Grit","Clash"],"picked":"SKIP","floor":30.0},{"not_picked":["Perfected Strike+1","Searing Blow","Cleave"],"picked":"SKIP","floor":31.0},{"not_picked":["Juggernaut","Reaper"],"picked":"Double Tap","floor":33.0},{"not_picked":["Disarm+1","Pommel Strike","Wild Strike"],"picked":"SKIP","floor":35.0},{"not_picked":["Hemokinesis","Carnage"],"picked":"Intimidate","floor":38.0},{"not_picked":["Rupture+1","Metallicize+1","Infernal Blade+1"],"picked":"SKIP","floor":39.0},{"not_picked":["Enlightenment","Purity"],"picked":"Secret Weapon","floor":44},{"not_picked":["Metallicize","Clothesline","Shrug It Off"],"picked":"SKIP","floor":45},{"not_picked":["Twin Strike+1","Anger+1"],"picked":"Heavy Blade+1","floor":48}],"player_experience":45314,"relics_obtained":[{"floor":26.0,"key":"Shuriken"},{"floor":28.0,"key":"Paper Frog"},{"floor":38.0,"key":"Ice Cream"},{"floor":43,"key":"Whetstone"},{"floor":46,"key":"Molten Egg 2"}],"event_choices":[{"damage_healed":0.0,"max_hp_gain":0.0,"max_hp_loss":0.0,"gold_gain":0.0,"event_name":"Scrap Ooze","player_choice":"Fled","floor":3.0,"gold_loss":0.0,"damage_taken":0.0},{"cards_removed":["Strike_R"],"damage_healed":0.0,"max_hp_gain":0.0,"max_hp_loss":0.0,"gold_gain":0.0,"event_name":"Golden Wing","player_choice":"Card Removal","floor":5.0,"gold_loss":0.0,"damage_taken":7.0},{"damage_healed":0.0,"max_hp_gain":0.0,"max_hp_loss":0.0,"gold_gain":175.0,"event_name":"Liars Game","player_choice":"AGREE","floor":7.0,"gold_loss":0.0,"damage_taken":0.0,"cards_obtained":["Doubt"]},{"damage_healed":0.0,"max_hp_gain":0.0,"max_hp_loss":0.0,"gold_gain":75.0,"event_name":"World of Goop","player_choice":"Gather Gold","floor":10.0,"gold_loss":0.0,"damage_taken":11.0},{"cards_removed":["Defend_R"],"damage_healed":0.0,"max_hp_gain":0.0,"max_hp_loss":0.0,"gold_gain":0.0,"event_name":"The Cleric","player_choice":"Card Removal","floor":14.0,"gold_loss":50.0,"damage_taken":0.0},{"cards_removed":["Strike_R"],"damage_healed":0.0,"max_hp_gain":0.0,"max_hp_loss":0.0,"gold_gain":0.0,"event_name":"Beggar","player_choice":"Gave Gold","floor":20.0,"gold_loss":75.0,"damage_taken":0.0},{"damage_healed":0.0,"max_hp_gain":0.0,"max_hp_loss":0.0,"gold_gain":0.0,"cards_transformed":["Perfected Strike"],"event_name":"Transmorgrifier","player_choice":"Transformed","floor":22.0,"gold_loss":0.0,"damage_taken":0.0,"cards_obtained":["Cleave"]},{"damage_healed":0.0,"max_hp_gain":0.0,"max_hp_loss":0.0,"gold_gain":0.0,"event_name":"Tomb of Lord Red Mask","player_choice":"Ignored","floor":36.0,"gold_loss":0.0,"damage_taken":0.0},{"damage_healed":0.0,"max_hp_gain":0.0,"max_hp_loss":0.0,"gold_gain":0.0,"event_name":"MindBloom","player_choice":"Fight","floor":38.0,"gold_loss":0.0,"damage_taken":0.0},{"damage_healed":0,"gold_gain":0,"player_choice":"Ignored","damage_taken":0,"max_hp_gain":0,"max_hp_loss":0,"event_name":"Mysterious Sphere","floor":41,"gold_loss":0},{"damage_healed":0,"gold_gain":0,"player_choice":"Memory 1","damage_taken":0,"max_hp_gain":0,"max_hp_loss":0,"event_name":"SensoryStone","floor":44,"gold_loss":0}],"is_beta":false,"boss_relics":[{"not_picked":["SlaversCollar","Ectoplasm"],"picked":"Velvet Choker"},{"not_picked":["Sozu","Runic Pyramid"],"picked":"Empty Cage"}],"items_purged_floors":[12,37],"is_endless":false,"potions_floor_spawned":[1,11,21,24,25,30,33,38],"ascension_level":1}}