{"host":"5dk97cf2ubw2v967","time":1609835384,"event":{"mods":["AlwaysNeverKeys","BaseMod","Better Altar","Better Vampires","Block Reminder","Colored Powertips","Downfall","Googly Eyes","Highlight Path","Minty Spire (QoL Compilation)","Permanent Neow","Potion Indicator Mod","Quick Restart","Relic Filter","Relic Stats","Say the Spire","Spicy Shops","StSLib","Waifu the Spire","everything is the same but u backflip on backflip"],"gold_per_floor":[99,159,194,194,194,244,244,244,306,31,31,31,99,34,99,99,99,99],"floor_reached":16,"playtime":563,"items_purged":["Guardian:Strike_Guardian","Guardian:Defend_Guardian"],"score":200,"play_id":"e0b148f1-3b4d-487b-995e-68dc16f501a1","local_time":"20210105082944","is_ascension_mode":true,"campfire_choices":[{"data":"HandOfGreed","floor":1,"key":"SMITH"},{"data":"Guardian:Orbwalk","floor":8,"key":"SMITH"},{"data":"Guardian:Suspension","floor":11,"key":"SMITH"}],"circlet_count":0,"master_deck":["AscendersBane","Guardian:Strike_Guardian","Guardian:Strike_Guardian","Guardian:Strike_Guardian","Guardian:Defend_Guardian","Guardian:Defend_Guardian","Guardian:Defend_Guardian","Guardian:CurlUp","Guardian:TwinSlam","HandOfGreed+1","Guardian:Orbwalk+1","Guardian:Incinerate","Guardian:Planning","Guardian:Suspension+1","Guardian:ExploitGems","Guardian:Orbwalk","Guardian:Clone","Guardian:TemporalShield","Guardian:Gem_Blue"],"relics":["Guardian:ModeShifter","Smiling Mask","HornCleat","Guardian:StasisUpgradeRelic","downfall:ShatteredFragment"],"acts_visited":["Exordium"],"potions_floor_usage":[6,10,13],"damage_taken":[{"damage":12,"enemies":"2 Louse","floor":2,"turns":7},{"damage":8,"enemies":"Jaw Worm","floor":3,"turns":3},{"damage":12,"enemies":"Lagavulin","floor":6,"turns":7},{"damage":0,"enemies":"Small Slimes","floor":9,"turns":4},{"damage":0,"enemies":"downfall:FleeingMerchant","floor":10,"turns":4},{"damage":2,"enemies":"3 Louse","floor":13,"turns":4},{"damage":0,"enemies":"downfall:FleeingMerchant","floor":14,"turns":4},{"damage":20,"enemies":"Exordium Thugs","floor":15,"turns":4},{"damage":0,"enemies":"downfall:Ironclad","floor":16,"turns":3}],"seed_played":"-7415217650889190987","potions_obtained":[{"floor":2,"key":"SkillPotion"},{"floor":3,"key":"DistilledChaos"},{"floor":9,"key":"LiquidBronze"}],"is_trial":false,"path_per_floor":["R","M","M","?","?","E","T","R","M","$","R","?","M","$","M","B"],"character_chosen":"GUARDIAN","items_purchased":["Guardian:StasisUpgradeRelic","Guardian:Orbwalk"],"campfire_rested":0,"item_purchase_floors":[10,10],"current_hp_per_floor":[65,53,45,69,69,57,57,57,57,57,57,33,31,31,11,11,11,11],"gold":99,"neow_bonus":"RANDOM_COLORLESS_2","is_daily":false,"chose_seed":false,"campfire_upgraded":3,"win_rate":0.0,"timestamp":1609835384,"path_taken":["R","M","M","?","?","E","T","R","M","?","R","?","M","$","M","BOSS"],"items_purchased_type":["Relic","Card"],"build_version":"2020-12-22","purchased_purges":2,"victory":false,"max_hp_per_floor":[72,72,72,72,72,72,72,72,72,72,72,72,72,72,72,72,72,72],"relic_stats":{"counters":[9,40],"Smiling Mask":75,"obtain_stats":[{"Guardian:StasisUpgradeRelic":10,"HornCleat":7,"downfall:ShatteredFragment":12,"Guardian:ModeShifter":0,"Smiling Mask":6},{"Guardian:StasisUpgradeRelic":5,"HornCleat":3,"downfall:ShatteredFragment":5,"Guardian:ModeShifter":0,"Smiling Mask":3},{"Guardian:StasisUpgradeRelic":25,"HornCleat":17,"downfall:ShatteredFragment":25,"Guardian:ModeShifter":0,"Smiling Mask":17}]},"card_choices":[{"not_picked":["expansioncontent:DashGenerateEvil","Master of Strategy"],"picked":"HandOfGreed","floor":0},{"not_picked":["Guardian:CrystalBeam","Guardian:SpikerProtocol"],"picked":"Guardian:Orbwalk","floor":2},{"not_picked":["Guardian:PrismaticBeam","Guardian:RollAttack"],"picked":"Guardian:Incinerate","floor":3},{"not_picked":["Guardian:PrismaticBarrier","Guardian:MultiBeam"],"picked":"Guardian:Planning","floor":6},{"not_picked":["Guardian:RefractedBeam","Guardian:Incinerate"],"picked":"Guardian:Suspension","floor":9},{"not_picked":["Guardian:Emergency","Guardian:SpikerProtocol"],"picked":"Guardian:ExploitGems","floor":10},{"not_picked":["Guardian:DecasProtection","Guardian:Gem_Lightblue"],"picked":"Guardian:Clone","floor":13},{"not_picked":["Guardian:MultiBeam","Guardian:PrimingBeam"],"picked":"Guardian:TemporalShield","floor":14},{"not_picked":["Guardian:Suspension","Guardian:PiercingHide"],"picked":"Guardian:Gem_Blue","floor":15}],"player_experience":1299397,"relics_obtained":[{"floor":6,"key":"Smiling Mask"},{"floor":7,"key":"HornCleat"}],"event_choices":[{"damage_healed":24,"gold_gain":0,"player_choice":"Banana","damage_taken":0,"max_hp_gain":0,"max_hp_loss":0,"event_name":"Big Fish","floor":4,"gold_loss":0},{"cards_removed":["Regret"],"damage_healed":0,"gold_gain":0,"player_choice":"Card Removal","damage_taken":0,"max_hp_gain":0,"max_hp_loss":0,"event_name":"The Cleric","floor":5,"gold_loss":0}],"is_beta":false,"boss_relics":[],"items_purged_floors":[10,14],"is_endless":false,"potions_floor_spawned":[2,3,9],"killed_by":"downfall:Ironclad","ascension_level":20}}