{"host":"Bilverbakes","time":1609830810,"event":{"mods":["2.2 Compatiblity","AchievementEnabler","BaseMod","Bestiary","Colored Map","Minty Spire (QoL Compilation)","Relic Stats","StSLib","ojb\u0027s Info Mod"],"gold_per_floor":[111,111,71,84,96,96,122,177,177,188,61,94,104,117,117,221,221,241,241,241,259,277,305,317,357,417,460,90,108,108,128,128,232,232,249,249,297,379,421,421,478,66,66,66,92,92,103,131,131,131],"floor_reached":51,"playtime":7825,"items_purged":["Defend_P","Strike_P","Strike_P"],"score":1505,"play_id":"0935479e-0fbb-47f9-ad59-20b46b27a81f","local_time":"20210105011330","is_ascension_mode":true,"campfire_choices":[{"data":"Wallop","floor":6.0,"key":"SMITH"},{"floor":15.0,"key":"REST"},{"data":"TalkToTheHand","floor":24.0,"key":"SMITH"},{"data":"BowlingBash","floor":30.0,"key":"SMITH"},{"floor":32.0,"key":"REST"},{"data":"WheelKick","floor":40.0,"key":"SMITH"},{"data":"CutThroughFate","floor":46,"key":"SMITH"},{"data":"Sanctity","floor":49,"key":"SMITH"}],"circlet_count":0,"master_deck":["AscendersBane","Strike_P","Strike_P","Defend_P","Defend_P","Defend_P","Eruption+1","Vigilance","TalkToTheHand+1","Wallop+1","EmptyBody","FlurryOfBlows","BowlingBash+1","Crescendo","Sanctity+1","Protect","ThirdEye+1","Meditate+1","Evaluate+1","Omniscience+1","WaveOfTheHand+1","Conclude+1","CutThroughFate+1","Vault+1","FlurryOfBlows+1","WheelKick+1","Meditate+1","MentalFortress+1","FlurryOfBlows","Indignation+1"],"relics":["PureWater","Shuriken","Matryoshka","Ancient Tea Set","Toxic Egg 2","SlaversCollar","MawBank","InkBottle","Gremlin Horn","Bronze Scales","Bag of Marbles","Frozen Egg 2","VioletLotus","StoneCalendar","Nunchaku","Pen Nib","Omamori","Whetstone","HornCleat","The Courier"],"acts_visited":["Exordium","TheCity","TheBeyond"],"potions_floor_usage":[50],"damage_taken":[{"damage":0.0,"enemies":"Small Slimes","floor":1.0,"turns":3.0},{"damage":0.0,"enemies":"Cultist","floor":4.0,"turns":2.0},{"damage":0.0,"enemies":"Jaw Worm","floor":5.0,"turns":3.0},{"damage":13.0,"enemies":"Gremlin Nob","floor":7.0,"turns":4.0},{"damage":32.0,"enemies":"Gremlin Nob","floor":8.0,"turns":3.0},{"damage":0.0,"enemies":"Exordium Thugs","floor":10.0,"turns":3.0},{"damage":21.0,"enemies":"Lagavulin","floor":12.0,"turns":10.0},{"damage":5.0,"enemies":"3 Louse","floor":13.0,"turns":3.0},{"damage":0.0,"enemies":"Blue Slaver","floor":14.0,"turns":3.0},{"damage":4.0,"enemies":"Hexaghost","floor":16.0,"turns":8.0},{"damage":14.0,"enemies":"3 Byrds","floor":18.0,"turns":5.0},{"damage":2.0,"enemies":"Chosen","floor":21.0,"turns":4.0},{"damage":24.0,"enemies":"Snecko","floor":22.0,"turns":8.0},{"damage":0.0,"enemies":"Gremlin Leader","floor":23.0,"turns":6.0},{"damage":6.0,"enemies":"Book of Stabbing","floor":25.0,"turns":5.0},{"damage":0.0,"enemies":"Gremlin Leader","floor":27.0,"turns":4.0},{"damage":0.0,"enemies":"3 Cultists","floor":29.0,"turns":2.0},{"damage":4.0,"enemies":"Shelled Parasite and Fungi","floor":31.0,"turns":3.0},{"damage":0.0,"enemies":"Collector","floor":33.0,"turns":4.0},{"damage":12.0,"enemies":"3 Darklings","floor":35.0,"turns":5.0},{"damage":0.0,"enemies":"3 Shapes","floor":37.0,"turns":6.0},{"damage":0.0,"enemies":"2 Orb Walkers","floor":38.0,"turns":7.0},{"damage":9.0,"enemies":"Jaw Worm Horde","floor":39.0,"turns":4.0},{"damage":0,"enemies":"Reptomancer","floor":41,"turns":4},{"damage":0,"enemies":"Giant Head","floor":45,"turns":4},{"damage":10,"enemies":"Maw","floor":47,"turns":4},{"damage":0,"enemies":"Nemesis","floor":48,"turns":6},{"damage":7,"enemies":"Time Eater","floor":50,"turns":6}],"seed_played":"2231685613512815161","potions_obtained":[{"floor":1.0,"key":"SkillPotion"},{"floor":5.0,"key":"Strength Potion"},{"floor":8.0,"key":"EssenceOfSteel"},{"floor":12.0,"key":"Ambrosia"},{"floor":23.0,"key":"SmokeBomb"},{"floor":27.0,"key":"Ancient Potion"},{"floor":29.0,"key":"BottledMiracle"},{"floor":39.0,"key":"Swift Potion"}],"is_trial":false,"path_per_floor":["M","?","$","M","M","R","E","?","T","M","$","E","M","M","R","B",null,"M","?","?","M","M","E","R","E","T","E","$","M","R","M","R","B",null,"M","?","M","?","M","R","E","$","T","?","E","R","M","E","R","B",null],"character_chosen":"WATCHER","items_purchased":["Wallop","Protect","FlurryOfBlows","Frozen Egg 2","Pen Nib","Omamori"],"campfire_rested":2,"item_purchase_floors":[3,11,28,28,42,42],"current_hp_per_floor":[72,72,72,72,72,72,59,27,27,27,27,6,1,1,24,20,64,50,35,63,61,37,37,37,31,31,31,31,31,31,27,52,52,76,64,64,64,64,55,55,55,55,55,94,94,94,84,84,84,77],"gold":131,"neow_bonus":"TEN_PERCENT_HP_BONUS","is_daily":false,"chose_seed":false,"campfire_upgraded":6,"win_rate":0.0,"timestamp":1609830810,"path_taken":["M","?","?","M","M","R","E","?","T","M","$","E","?","M","R","BOSS","M","?","?","M","M","E","R","E","T","E","$","M","R","M","R","BOSS","M","?","?","?","M","R","E","$","T","?","E","R","M","E","R","BOSS"],"items_purchased_type":["Card","Card","Card","Relic","Relic","Relic"],"build_version":"2020-12-18","purchased_purges":3,"victory":true,"max_hp_per_floor":[79,79,79,79,79,79,79,79,79,79,79,79,79,79,79,79,79,79,84,84,84,84,84,84,84,84,84,84,84,84,84,84,84,84,84,84,84,84,84,84,84,84,84,94,94,94,94,94,94,94],"relic_stats":{"Nunchaku":[7],"Gremlin Horn":[17,17],"counters":[28,129],"Shuriken":[63],"Bronze Scales":[150],"StoneCalendar":[0],"VioletLotus":[16],"Pen Nib":[7],"Whetstone":["Conclude","FlurryOfBlows"],"MawBank":60,"obtain_stats":[{"Gremlin Horn":26,"StoneCalendar":38,"Pen Nib":42,"The Courier":48,"Omamori":42,"Whetstone":43,"Frozen Egg 2":28,"Ancient Tea Set":9,"MawBank":23,"SlaversCollar":17,"Nunchaku":41,"Matryoshka":8,"HornCleat":45,"Shuriken":7,"Bronze Scales":26,"VioletLotus":34,"Bag of Marbles":27,"PureWater":0,"Toxic Egg 2":12,"InkBottle":25},{"Gremlin Horn":15,"StoneCalendar":22,"Pen Nib":24,"The Courier":27,"Omamori":24,"Whetstone":24,"Frozen Egg 2":16,"Ancient Tea Set":5,"MawBank":14,"SlaversCollar":10,"Nunchaku":24,"Matryoshka":5,"HornCleat":25,"Shuriken":4,"Bronze Scales":15,"VioletLotus":19,"Bag of Marbles":16,"PureWater":0,"Toxic Egg 2":7,"InkBottle":15},{"Gremlin Horn":70,"StoneCalendar":101,"Pen Nib":109,"The Courier":123,"Omamori":109,"Whetstone":109,"Frozen Egg 2":74,"Ancient Tea Set":15,"MawBank":65,"SlaversCollar":42,"Nunchaku":109,"Matryoshka":15,"HornCleat":113,"Shuriken":12,"Bronze Scales":70,"VioletLotus":83,"Bag of Marbles":74,"PureWater":0,"Toxic Egg 2":28,"InkBottle":70}],"InkBottle":[31]},"card_choices":[{"not_picked":["FlyingSleeves","Collect"],"picked":"TalkToTheHand","floor":1.0},{"not_picked":["LikeWater","Weave"],"picked":"EmptyBody","floor":4.0},{"not_picked":["FollowUp","DeceiveReality"],"picked":"FlurryOfBlows","floor":5.0},{"not_picked":["EmptyFist","Indignation"],"picked":"BowlingBash","floor":7.0},{"not_picked":["Study","Prostrate"],"picked":"Crescendo","floor":8.0},{"not_picked":["Crescendo","LikeWater"],"picked":"Sanctity","floor":10.0},{"not_picked":["Protect+1","FlyingSleeves"],"picked":"ThirdEye+1","floor":12.0},{"not_picked":["Collect+1","FollowUp"],"picked":"Meditate+1","floor":13.0},{"not_picked":["CrushJoints","CutThroughFate"],"picked":"Evaluate+1","floor":14.0},{"not_picked":["Alpha+1","ConjureBlade+1"],"picked":"Omniscience+1","floor":16.0},{"not_picked":["Meditate+1","EmptyFist"],"picked":"WaveOfTheHand+1","floor":18.0},{"not_picked":["SashWhip+1","PathToVictory+1"],"picked":"Conclude","floor":21.0},{"not_picked":["Perseverance+1","ClearTheMind+1"],"picked":"CutThroughFate","floor":22.0},{"not_picked":["EmptyFist","Conclude"],"picked":"Vault+1","floor":23.0},{"not_picked":["Brilliance","BowlingBash","Establishment"],"picked":"SKIP","floor":25.0},{"not_picked":["Wireheading","EmptyFist","Weave"],"picked":"SKIP","floor":27.0},{"not_picked":["Worship+1","Crescendo+1","Conclude"],"picked":"SKIP","floor":29.0},{"not_picked":["FlyingSleeves","Consecrate"],"picked":"WheelKick","floor":31.0},{"not_picked":["Brilliance","Omniscience+1"],"picked":"Wish+1","floor":33.0},{"not_picked":["CutThroughFate","JustLucky+1"],"picked":"Meditate+1","floor":35.0},{"not_picked":["WreathOfFlame+1","FlurryOfBlows"],"picked":"MentalFortress+1","floor":37.0},{"not_picked":["ClearTheMind+1","CrushJoints+1"],"picked":"FlurryOfBlows","floor":38.0},{"not_picked":["EmptyBody+1","WaveOfTheHand+1"],"picked":"Indignation+1","floor":39.0},{"not_picked":["Wireheading+1","Alpha+1","EmptyFist+1"],"picked":"SKIP","floor":41},{"not_picked":["FlurryOfBlows+1","Protect+1","FearNoEvil"],"picked":"SKIP","floor":45},{"not_picked":["SashWhip","SandsOfTime+1","FlurryOfBlows+1"],"picked":"SKIP","floor":47},{"not_picked":["CarveReality+1","PathToVictory+1","Evaluate+1"],"picked":"SKIP","floor":48}],"player_experience":587733,"relics_obtained":[{"floor":7.0,"key":"Shuriken"},{"floor":8.0,"key":"Matryoshka"},{"floor":9.0,"key":"Ancient Tea Set"},{"floor":12.0,"key":"Toxic Egg 2"},{"floor":23.0,"key":"MawBank"},{"floor":25.0,"key":"InkBottle"},{"floor":26.0,"key":"Gremlin Horn"},{"floor":26.0,"key":"Bronze Scales"},{"floor":27.0,"key":"Bag of Marbles"},{"floor":38.0,"key":"StoneCalendar"},{"floor":41,"key":"Nunchaku"},{"floor":43,"key":"Whetstone"},{"floor":45,"key":"HornCleat"},{"floor":48,"key":"The Courier"}],"event_choices":[{"damage_healed":0.0,"max_hp_gain":0.0,"max_hp_loss":0.0,"gold_gain":0.0,"event_name":"Upgrade Shrine","player_choice":"Upgraded","floor":2.0,"gold_loss":0.0,"damage_taken":0.0,"cards_upgraded":["Eruption"]},{"damage_healed":0.0,"max_hp_gain":0.0,"max_hp_loss":0.0,"gold_gain":30.0,"event_name":"Dead Adventurer","player_choice":"Searched \u00272\u0027 times","floor":8.0,"gold_loss":0.0,"damage_taken":0.0},{"damage_healed":0.0,"max_hp_gain":5.0,"max_hp_loss":0.0,"gold_gain":0.0,"event_name":"Forgotten Altar","player_choice":"Shed Blood","floor":19.0,"gold_loss":0.0,"damage_taken":20.0},{"damage_healed":28.0,"max_hp_gain":0.0,"max_hp_loss":0.0,"gold_gain":0.0,"event_name":"The Library","player_choice":"Heal","floor":20.0,"gold_loss":0.0,"damage_taken":0.0},{"damage_healed":0.0,"max_hp_gain":0.0,"max_hp_loss":0.0,"gold_gain":0.0,"event_name":"SecretPortal","player_choice":"Ignored","floor":36.0,"gold_loss":0.0,"damage_taken":0.0},{"damage_healed":0.0,"max_hp_gain":0.0,"max_hp_loss":0.0,"gold_gain":0.0,"event_name":"Mysterious Sphere","player_choice":"Fight","floor":38.0,"gold_loss":0.0,"damage_taken":0.0},{"cards_removed":["Wish"],"damage_healed":29,"gold_gain":0,"player_choice":"Offered Rare","damage_taken":0,"max_hp_gain":10,"max_hp_loss":0,"event_name":"Bonfire Elementals","floor":44,"gold_loss":0}],"is_beta":true,"boss_relics":[{"not_picked":["SacredBark","Black Star"],"picked":"SlaversCollar"},{"not_picked":["Astrolabe","Calling Bell"],"picked":"VioletLotus"}],"items_purged_floors":[11,28,42],"is_endless":false,"potions_floor_spawned":[1,5,8,12,14,23,27,29,35,37,39,48],"ascension_level":11}}