{"host":"sum4dy402bbv9y4o","time":1609890165,"event":{"mods":["Aspiration","BaseMod","Conspire","Highlight Path","Minty Spire (QoL Compilation)","StSLib"],"gold_per_floor":[109,109,109,126,139,139,168,168,168,181,181,208,208,240,240,318,318,337,357,14,29,29,54,69,101,126,142,142,142,142,57,57,135,135,152,2,27,27,27,58,72,72,153,0,0,0,0,0,0,0,0,0],"floor_reached":51,"playtime":1851,"items_purged":["Defend_P"],"score":1454,"play_id":"f3caf29d-5e23-4f6f-a880-77cc6086a257","local_time":"20210106024245","is_ascension_mode":true,"campfire_choices":[{"data":"Eruption","floor":6,"key":"SMITH"},{"data":"Sucker Punch","floor":8,"key":"SMITH"},{"data":"CrushJoints","floor":11,"key":"SMITH"},{"data":"WheelKick","floor":15,"key":"SMITH"},{"data":"FlurryOfBlows","floor":28,"key":"SMITH"},{"data":"Brilliance","floor":30,"key":"SMITH"},{"data":"Protect","floor":32,"key":"SMITH"},{"data":"Perseverance","floor":42,"key":"SMITH"},{"data":"SandsOfTime","floor":45,"key":"SMITH"},{"data":"Vigilance","floor":47,"key":"SMITH"},{"data":"ClearTheMind","floor":49,"key":"SMITH"}],"circlet_count":0,"master_deck":["AscendersBane","Defend_P+1","Eruption+1","Vigilance+1","WheelKick+1","Sucker Punch+1","Prepared+1","EmptyFist","CrushJoints+1","SandsOfTime+1","EmptyBody","ClearTheMind+1","Perseverance+1","Brilliance+1","FollowUp+1","ReachHeaven+1","EmptyMind+1","Protect+1","EmptyBody+1","FlurryOfBlows+1","Halt","LessonLearned","FearNoEvil","Adaptation+1","Decay"],"relics":["PureWater","aspiration:Nostalgia","Burning Blood","Blood Vial","TeardropLocket","Juzu Bracelet","Meat on the Bone","Astrolabe","Gremlin Horn","War Paint","aspiration:Lifesprig","Art of War","Bag of Preparation","VioletLotus","Torii","aspiration:ChemicalBlood","Kunai","Red Mask"],"acts_visited":["Exordium","TheCity","TheBeyond"],"potions_floor_usage":[7,12,14,18,40,50,50,50,51,51],"damage_taken":[{"damage":7,"enemies":"2 Louse","floor":1,"turns":4},{"damage":0,"enemies":"Small Slimes","floor":4,"turns":2},{"damage":0,"enemies":"Cultist","floor":5,"turns":2},{"damage":37,"enemies":"3 Sentries","floor":7,"turns":6},{"damage":0,"enemies":"Looter","floor":10,"turns":1},{"damage":8,"enemies":"Lagavulin","floor":12,"turns":3},{"damage":0,"enemies":"Gremlin Nob","floor":14,"turns":2},{"damage":12,"enemies":"The Guardian","floor":16,"turns":7},{"damage":6,"enemies":"Shell Parasite","floor":18,"turns":2},{"damage":3,"enemies":"Spheric Guardian","floor":19,"turns":3},{"damage":0,"enemies":"Cultist and Chosen","floor":21,"turns":2},{"damage":21,"enemies":"Book of Stabbing","floor":23,"turns":4},{"damage":20,"enemies":"Snake Plant","floor":24,"turns":5},{"damage":16,"enemies":"Gremlin Leader","floor":25,"turns":7},{"damage":0,"enemies":"Sentry and Sphere","floor":27,"turns":3},{"damage":45,"enemies":"conspire:MysteriousRune","floor":33,"turns":8},{"damage":0,"enemies":"Orb Walker","floor":35,"turns":1},{"damage":0,"enemies":"Mind Bloom Boss Battle","floor":37,"turns":3},{"damage":13,"enemies":"Giant Head","floor":40,"turns":5},{"damage":3,"enemies":"3 Shapes","floor":41,"turns":8},{"damage":40,"enemies":"conspire:OrnateMirror","floor":50,"turns":10},{"damage":51,"enemies":"Time Eater","floor":51,"turns":5}],"seed_played":"4107475567393146421","potions_obtained":[{"floor":4,"key":"BlessingOfTheForge"},{"floor":5,"key":"ColorlessPotion"},{"floor":7,"key":"AttackPotion"},{"floor":12,"key":"Energy Potion"},{"floor":14,"key":"SteroidPotion"},{"floor":18,"key":"FearPotion"},{"floor":27,"key":"Ambrosia"},{"floor":40,"key":"AttackPotion"},{"floor":51,"key":"DuplicationPotion"}],"is_trial":false,"path_per_floor":["M","?","?","M","M","R","E","R","T","M","R","E","?","E","R","B",null,"M","M","$","M","?","E","M","E","T","M","R","?","R","?","R","B",null,"M","$","?","?","?","E","M","R","T","?","R","?","R","?","R","B","B"],"character_chosen":"WATCHER","items_purchased":["Gremlin Horn","Halt","Adaptation"],"campfire_rested":0,"item_purchase_floors":[20,20,36],"current_hp_per_floor":[60,60,68,68,68,68,37,37,37,45,45,45,67,68,68,62,67,68,68,68,68,64,51,51,43,43,51,51,65,65,65,65,40,61,68,68,68,68,68,61,66,66,66,66,66,65,65,65,65,43,0,0],"gold":0,"neow_bonus":"NOSTALGIA","is_daily":false,"chose_seed":false,"campfire_upgraded":11,"win_rate":0.0,"timestamp":1609890165,"path_taken":["M","?","?","M","?","R","E","R","T","M","R","E","?","E","R","BOSS","M","M","$","M","?","E","M","E","T","M","R","?","R","?","R","BOSS","M","$","?","?","?","E","M","R","T","?","R","?","R","?","R","BOSS","BOSS"],"items_purchased_type":["Relic","Card","Card"],"build_version":"2020-12-22","purchased_purges":1,"victory":false,"max_hp_per_floor":[68,68,68,68,68,68,68,68,68,68,68,68,68,68,68,68,68,68,68,68,68,68,68,68,68,68,68,68,68,68,68,68,68,68,68,68,68,68,68,68,68,68,68,68,68,65,65,65,65,65,65,65],"card_choices":[{"not_picked":["SashWhip","ClearTheMind"],"picked":"WheelKick","floor":1},{"not_picked":["PathToVictory","EmptyBody"],"picked":"EmptyFist","floor":4},{"not_picked":["JustLucky","ReachHeaven"],"picked":"CrushJoints","floor":5},{"not_picked":["ThirdEye","WheelKick"],"picked":"SandsOfTime","floor":7},{"not_picked":["Protect","DevaForm"],"picked":"EmptyBody","floor":10},{"not_picked":["EmptyBody","Establishment"],"picked":"ClearTheMind","floor":12},{"not_picked":["JustLucky","Worship"],"picked":"Perseverance","floor":14},{"not_picked":["ConjureBlade","DeusExMachina"],"picked":"Brilliance","floor":16},{"not_picked":["PathToVictory","WindmillStrike","EmptyFist"],"picked":"SKIP","floor":18},{"not_picked":["PathToVictory+1","ThirdEye","CrushJoints+1"],"picked":"SKIP","floor":19},{"not_picked":["Prostrate","EmptyFist"],"picked":"Protect","floor":21},{"not_picked":["CutThroughFate","Evaluate"],"picked":"EmptyBody","floor":23},{"not_picked":["CrushJoints","Pray"],"picked":"FlurryOfBlows","floor":24},{"not_picked":["SpiritShield","EmptyMind","Evaluate"],"picked":"SKIP","floor":25},{"not_picked":["ForeignInfluence","Indignation"],"picked":"Halt","floor":27},{"not_picked":["Wish","Establishment"],"picked":"LessonLearned","floor":33},{"not_picked":["Protect","Worship"],"picked":"FearNoEvil","floor":35},{"not_picked":["Blasphemy","EmptyBody","CrushJoints+1"],"picked":"SKIP","floor":40},{"not_picked":["JustLucky+1","ForeignInfluence","EmptyFist"],"picked":"SKIP","floor":41}],"player_experience":2912017,"relics_obtained":[{"floor":7,"key":"Blood Vial"},{"floor":9,"key":"TeardropLocket"},{"floor":12,"key":"Juzu Bracelet"},{"floor":14,"key":"Meat on the Bone"},{"floor":23,"key":"War Paint"},{"floor":25,"key":"aspiration:Lifesprig"},{"floor":26,"key":"Art of War"},{"floor":37,"key":"Torii"},{"floor":40,"key":"aspiration:ChemicalBlood"},{"floor":43,"key":"Kunai"}],"event_choices":[{"cards_removed":["Choke"],"damage_healed":8,"gold_gain":0,"player_choice":"Offered Uncommon","damage_taken":0,"max_hp_gain":0,"max_hp_loss":0,"event_name":"Bonfire Elementals","floor":3,"gold_loss":0},{"damage_healed":22,"gold_gain":0,"player_choice":"Banana","damage_taken":0,"max_hp_gain":0,"max_hp_loss":0,"event_name":"Big Fish","floor":13,"gold_loss":0},{"damage_healed":0,"gold_gain":0,"player_choice":"Leave","damage_taken":0,"max_hp_gain":0,"max_hp_loss":0,"event_name":"conspire:Investor","floor":22,"gold_loss":0},{"damage_healed":14,"gold_gain":0,"player_choice":"Heal","damage_taken":0,"max_hp_gain":0,"max_hp_loss":0,"event_name":"The Library","floor":29,"gold_loss":0},{"damage_healed":0,"gold_gain":0,"player_choice":"Obtained Relic","damage_taken":0,"relics_obtained":["Bag of Preparation"],"max_hp_gain":0,"max_hp_loss":0,"event_name":"Addict","floor":31,"gold_loss":85},{"damage_healed":0,"gold_gain":0,"player_choice":"Fight","damage_taken":0,"max_hp_gain":0,"max_hp_loss":0,"event_name":"MindBloom","floor":37,"gold_loss":0},{"cards_removed":["Halt"],"damage_healed":0,"gold_gain":0,"player_choice":"Removed Skill","damage_taken":0,"max_hp_gain":0,"max_hp_loss":0,"event_name":"Falling","floor":38,"gold_loss":0},{"damage_healed":0,"gold_gain":0,"player_choice":"Upgraded","damage_taken":0,"max_hp_gain":0,"max_hp_loss":0,"event_name":"Upgrade Shrine","floor":39,"gold_loss":0,"cards_upgraded":["Adaptation"]},{"damage_healed":0,"gold_gain":0,"player_choice":"Paid","damage_taken":0,"relics_obtained":["Red Mask"],"max_hp_gain":0,"max_hp_loss":0,"event_name":"Tomb of Lord Red Mask","floor":44,"gold_loss":153},{"damage_healed":0,"gold_gain":0,"player_choice":"Max HP","damage_taken":0,"max_hp_gain":0,"max_hp_loss":3,"event_name":"Winding Halls","floor":46,"gold_loss":0},{"damage_healed":0,"gold_gain":0,"player_choice":"Cursed","damage_taken":0,"max_hp_gain":0,"max_hp_loss":0,"event_name":"Wheel of Change","floor":48,"gold_loss":0,"cards_obtained":["Decay"]}],"is_beta":false,"boss_relics":[{"not_picked":["conspire:SlowCooker","aspiration:PoetsPen"],"picked":"Astrolabe"},{"not_picked":["conspire:SeveredTorchhead","Sozu"],"picked":"VioletLotus"}],"items_purged_floors":[36],"is_endless":false,"potions_floor_spawned":[4,5,7,12,14,18,21,23,27,33,37,40,41],"killed_by":"Time Eater","ascension_level":20}}