{"host":"ig7tc0uedzltt2sr","time":1609829191,"event":{"mods":["BaseMod","Better Twitch Integration","Block Reminder","Colored Map","Colored Powertips","Communication Mod","Current Relic Mod","GifTheSpireLib","HexUI Lib","Minty Spire (QoL Compilation)","Quick Restart","Random Character Button","Rare Cards Sparkle","Relic Sorter","Relic Stats","Slay the Relics Exporter","StSLib","SuperFastMode","Synergy Search","Twitch Decklist","Twitch Utils","everything is the same but u backflip on backflip","slay the spire mod where everything is the same but ironclad has a cowboy hat"],"gold_per_floor":[116,127,49,1,15,15,15,33,87,52,52,72,87,87,87,192,192,209,226,242,258,258,258,258,258,258],"floor_reached":25,"playtime":155,"items_purged":[],"score":220,"play_id":"1eb8c7cb-c431-498f-b5b3-02199bf601f2","local_time":"20210104224631","is_ascension_mode":false,"campfire_choices":[{"data":"Bash","floor":6,"key":"SMITH"},{"data":"Strike_R","floor":11,"key":"SMITH"},{"data":"Reckless Charge","floor":15,"key":"SMITH"},{"floor":23,"key":"REST"}],"circlet_count":0,"master_deck":["Strike_R+1","Strike_R","Strike_R","Strike_R","Strike_R","Defend_R","Defend_R","Defend_R","Defend_R","Bash+1","Whirlwind","Rage","Inflame","Rampage","Bludgeon","Reckless Charge+1","Corruption","Clash","Sentinel+1","Whirlwind","Headbutt+1","Ghostly","Ghostly","Ghostly","Ghostly","Ghostly"],"relics":["Burning Blood","NeowsBlessing","Orichalcum","StrikeDummy","Snecko Eye"],"acts_visited":["Exordium","TheCity"],"potions_floor_usage":[],"damage_taken":[{"damage":0,"enemies":"Cultist","floor":1,"turns":1},{"damage":0,"enemies":"Small Slimes","floor":2,"turns":2},{"damage":0,"enemies":"Jaw Worm","floor":5,"turns":1},{"damage":12,"enemies":"Blue Slaver","floor":8,"turns":7},{"damage":19,"enemies":"Large Slime","floor":12,"turns":9},{"damage":4,"enemies":"Looter","floor":13,"turns":3},{"damage":50,"enemies":"Slime Boss","floor":16,"turns":13},{"damage":12,"enemies":"Shell Parasite","floor":18,"turns":3},{"damage":27,"enemies":"Chosen","floor":19,"turns":7},{"damage":18,"enemies":"Snake Plant","floor":20,"turns":4},{"damage":27,"enemies":"3 Cultists","floor":21,"turns":5},{"damage":44,"enemies":"Cultist and Chosen","floor":25,"turns":6}],"seed_played":"2302312559096309260","potions_obtained":[{"floor":1,"key":"ColorlessPotion"},{"floor":2,"key":"EssenceOfSteel"},{"floor":16,"key":"Explosive Potion"},{"floor":18,"key":"Regen Potion"},{"floor":21,"key":"BloodPotion"}],"is_trial":false,"path_per_floor":["M","M","$","$","M","R","?","M","T","?","R","M","M","T","R","B",null,"M","M","M","M","$","R","?","M"],"character_chosen":"IRONCLAD","items_purchased":["Inflame","AttackPotion"],"campfire_rested":1,"item_purchase_floors":[3,4],"current_hp_per_floor":[80,80,80,80,80,80,80,74,74,80,80,67,69,69,69,25,80,74,62,50,29,29,53,40,0,0],"gold":258,"neow_bonus":"THREE_ENEMY_KILL","is_daily":false,"chose_seed":false,"campfire_upgraded":3,"win_rate":0.0,"timestamp":1609829191,"path_taken":["M","M","?","$","M","R","?","M","T","?","R","M","M","?","R","BOSS","M","M","M","M","$","R","?","M"],"items_purchased_type":["Card","Potion"],"build_version":"2020-12-22","purchased_purges":0,"victory":false,"max_hp_per_floor":[80,80,80,80,80,80,80,80,80,80,80,80,80,80,80,80,80,80,80,80,80,80,80,40,40,40],"relic_stats":{"counters":[12,61],"Snecko Eye":[41,30,45,33],"Orichalcum":[96],"obtain_stats":[{"NeowsBlessing":0,"Snecko Eye":17,"Orichalcum":9,"StrikeDummy":14,"Burning Blood":0},{"NeowsBlessing":0,"Snecko Eye":7,"Orichalcum":4,"StrikeDummy":6,"Burning Blood":0},{"NeowsBlessing":0,"Snecko Eye":36,"Orichalcum":11,"StrikeDummy":23,"Burning Blood":0}],"Burning Blood":48},"card_choices":[{"not_picked":["Thunderclap","Shrug It Off"],"picked":"Whirlwind","floor":1},{"not_picked":["Cleave","Twin Strike"],"picked":"Rage","floor":2},{"not_picked":["Shrug It Off","Heavy Blade","Fire Breathing"],"picked":"SKIP","floor":5},{"not_picked":["Reckless Charge","Clothesline"],"picked":"Rampage","floor":8},{"not_picked":["Headbutt","Cleave"],"picked":"Bludgeon","floor":12},{"not_picked":["Wild Strike","Body Slam"],"picked":"Reckless Charge","floor":13},{"not_picked":["Bludgeon","Immolate"],"picked":"Corruption","floor":16},{"not_picked":["Armaments","Twin Strike"],"picked":"Clash","floor":18},{"not_picked":["Twin Strike","Shrug It Off"],"picked":"Sentinel+1","floor":19},{"not_picked":["True Grit","Intimidate"],"picked":"Whirlwind","floor":20},{"not_picked":["Iron Wave","Twin Strike"],"picked":"Headbutt+1","floor":21}],"player_experience":1429049,"relics_obtained":[{"floor":9,"key":"Orichalcum"},{"floor":14,"key":"StrikeDummy"}],"event_choices":[{"damage_healed":26,"gold_gain":0,"player_choice":"Banana","damage_taken":0,"max_hp_gain":0,"max_hp_loss":0,"event_name":"Big Fish","floor":7,"gold_loss":0},{"damage_healed":20,"gold_gain":0,"player_choice":"Healed","damage_taken":0,"max_hp_gain":0,"max_hp_loss":0,"event_name":"The Cleric","floor":10,"gold_loss":35},{"damage_healed":0,"gold_gain":0,"player_choice":"Became a Ghost","damage_taken":0,"max_hp_gain":0,"max_hp_loss":40,"event_name":"Ghosts","floor":24,"gold_loss":0,"cards_obtained":["Ghostly","Ghostly","Ghostly","Ghostly","Ghostly"]}],"is_beta":false,"boss_relics":[{"not_picked":["Cursed Key","Calling Bell"],"picked":"Snecko Eye"}],"items_purged_floors":[],"is_endless":false,"potions_floor_spawned":[1,2,16,18,21],"killed_by":"Cultist and Chosen","ascension_level":0}}