{"host":"phniwng9zo19jwdb","time":1609854050,"event":{"mods":["AchievementEnabler","BaseMod","Colored Powertips","Faster Ascension Climbing","GifTheSpireLib","Minty Spire (QoL Compilation)","Permanent Neow","Rare Cards Sparkle","StSLib"],"gold_per_floor":[20,20,20,38,51,51,83,98,98,131,131,131,131],"floor_reached":12,"playtime":518,"items_purged":[],"score":158,"play_id":"1df26fe2-9e1b-4a80-b376-3dd2d5549df7","local_time":"20210105144050","is_ascension_mode":true,"campfire_choices":[{"data":"Poisoned Stab","floor":6.0,"key":"SMITH"}],"circlet_count":0,"master_deck":["AscendersBane","Strike_G","Strike_G","Strike_G","Defend_G","Defend_G","Defend_G+1","Defend_G","Defend_G+1","Survivor","Neutralize","After Image","Dagger Spray","Poisoned Stab+1","Doppelganger","Noxious Fumes","Blade Dance"],"relics":["Ring of the Snake","Pear","Bottled Flame","War Paint","Golden Idol"],"acts_visited":["Exordium"],"potions_floor_usage":[12],"damage_taken":[{"damage":1.0,"enemies":"Small Slimes","floor":1.0,"turns":6.0},{"damage":3.0,"enemies":"Jaw Worm","floor":4.0,"turns":8.0},{"damage":0.0,"enemies":"Cultist","floor":5.0,"turns":4.0},{"damage":17.0,"enemies":"3 Sentries","floor":7.0,"turns":10.0},{"damage":12.0,"enemies":"Lots of Slimes","floor":8.0,"turns":6.0},{"damage":9.0,"enemies":"Lagavulin","floor":10.0,"turns":8.0},{"damage":32,"enemies":"Gremlin Nob","floor":12,"turns":4}],"seed_played":"-5335755459806204240","potions_obtained":[{"floor":1.0,"key":"DistilledChaos"},{"floor":4.0,"key":"Swift Potion"},{"floor":10.0,"key":"Strength Potion"}],"is_trial":false,"path_per_floor":["M","?","?","M","M","R","E","M","T","E","?","E"],"character_chosen":"THE_SILENT","items_purchased":[],"campfire_rested":0,"item_purchase_floors":[],"current_hp_per_floor":[58,58,58,55,55,55,48,36,36,27,27,0,0],"gold":131,"neow_bonus":"THREE_RARE_CARDS","is_daily":false,"chose_seed":false,"campfire_upgraded":1,"win_rate":0.0,"timestamp":1609854050,"path_taken":["M","?","?","?","M","R","E","?","T","E","?","E"],"items_purchased_type":[],"build_version":"2020-12-22","purchased_purges":0,"victory":false,"max_hp_per_floor":[66,66,66,66,66,66,76,76,76,76,69,69,69],"card_choices":[{"not_picked":["Envenom","Tools of the Trade"],"picked":"After Image","floor":0.0},{"not_picked":["Distraction","Endless Agony"],"picked":"Dagger Spray","floor":1.0},{"not_picked":["Masterful Stab","Flechettes"],"picked":"Poisoned Stab","floor":4.0},{"not_picked":["Concentrate","Underhanded Strike","Sucker Punch"],"picked":"SKIP","floor":5.0},{"not_picked":["Dagger Throw","Reflex"],"picked":"Doppelganger","floor":7.0},{"not_picked":["Reflex","Deflect"],"picked":"Noxious Fumes","floor":8.0},{"not_picked":["All Out Attack","Prepared"],"picked":"Blade Dance","floor":10.0}],"player_experience":41986,"relics_obtained":[{"floor":7.0,"key":"Pear"},{"floor":9.0,"key":"Bottled Flame"},{"floor":10.0,"key":"War Paint"}],"event_choices":[{"cards_removed":["Strike_G"],"damage_healed":0.0,"max_hp_gain":0.0,"max_hp_loss":0.0,"gold_gain":0.0,"event_name":"Living Wall","player_choice":"Forget","floor":2.0,"gold_loss":0.0,"damage_taken":0.0},{"cards_removed":["Strike_G"],"damage_healed":0.0,"max_hp_gain":0.0,"max_hp_loss":0.0,"gold_gain":0.0,"event_name":"Bonfire Elementals","player_choice":"Offered Basic","floor":3.0,"gold_loss":0.0,"damage_taken":0.0},{"damage_healed":0.0,"max_hp_gain":0.0,"max_hp_loss":7.0,"gold_gain":0.0,"event_name":"Golden Idol","player_choice":"Lose Max HP","floor":11.0,"gold_loss":0.0,"damage_taken":0.0,"relics_obtained":["Golden Idol"]}],"is_beta":false,"boss_relics":[],"items_purged_floors":[],"is_endless":false,"potions_floor_spawned":[1,4,10],"killed_by":"Gremlin Nob","ascension_level":16}}