{"host":"kh6fvhxn285ncg0o","time":1609827849,"event":{"mods":["Act Like it!","BaseMod","Colored Map","Friendly Minions","Keyboard Shortcuts","Minty Spire (QoL Compilation)","Quick Restart","Relic Stats","StSLib","SuperFastMode"],"gold_per_floor":[110,123,273,273,32,63,63,81,81,81,114,124,149,149,149,245,245,270,270,320,5,29,65,77,89,101,151,163,188,221,246,258,270,270],"floor_reached":33,"playtime":616,"items_purged":["Strike_R"],"score":706,"play_id":"105d9c23-d9db-4692-9b28-d5b5ac6299b0","local_time":"20210105152409","is_ascension_mode":true,"campfire_choices":[{"data":"Apotheosis","floor":7.0,"key":"SMITH"},{"data":"Fire Breathing","floor":10.0,"key":"SMITH"},{"floor":15.0,"key":"RECALL"},{"floor":25,"key":"REST"},{"floor":28,"key":"REST"},{"data":"Pommel Strike","floor":32,"key":"SMITH"}],"circlet_count":0,"master_deck":["AscendersBane","Strike_R","Strike_R+1","Strike_R","Defend_R","Defend_R","Defend_R+1","Defend_R","Bash","Doubt","Fire Breathing+1","Apotheosis+1","Second Wind","Shrug It Off","Reckless Charge","Fiend Fire","Writhe","Immolate","Normality","Body Slam","Reaper","Pommel Strike+1"],"relics":["Burning Blood","NeowsBlessing","The Courier","Pantograph","Red Skull","PreservedInsect","Golden Idol","Cursed Key","Bag of Preparation","Membership Card","Oddly Smooth Stone","Akabeko","MawBank","Boot"],"acts_visited":["Exordium","TheCity"],"potions_floor_usage":[16,23],"damage_taken":[{"damage":0.0,"enemies":"Small Slimes","floor":1.0,"turns":1.0},{"damage":0.0,"enemies":"Jaw Worm","floor":2.0,"turns":1.0},{"damage":0.0,"enemies":"Gremlin Nob","floor":6.0,"turns":1.0},{"damage":7.0,"enemies":"2 Louse","floor":8.0,"turns":3.0},{"damage":6.0,"enemies":"Lagavulin","floor":11.0,"turns":8.0},{"damage":8.0,"enemies":"Blue Slaver","floor":12.0,"turns":5.0},{"damage":34.0,"enemies":"Gremlin Nob","floor":13.0,"turns":4.0},{"damage":23,"enemies":"Hexaghost","floor":16,"turns":9},{"damage":44,"enemies":"2 Thieves","floor":18,"turns":5},{"damage":12,"enemies":"Chosen","floor":22,"turns":4},{"damage":0,"enemies":"Gremlin Leader","floor":23,"turns":4},{"damage":18,"enemies":"Slavers","floor":27,"turns":6},{"damage":36,"enemies":"Snake Plant","floor":29,"turns":4},{"damage":0,"enemies":"Centurion and Healer","floor":30,"turns":5},{"damage":16,"enemies":"Sentry and Sphere","floor":31,"turns":4},{"damage":68,"enemies":"Automaton","floor":33,"turns":7}],"seed_played":"2528950107664656210","potions_obtained":[{"floor":6.0,"key":"Dexterity Potion"},{"floor":8.0,"key":"Ancient Potion"},{"floor":22,"key":"Strength Potion"},{"floor":29,"key":"SmokeBomb"},{"floor":30,"key":"Energy Potion"}],"is_trial":false,"path_per_floor":["M","M","?","?","$","E","R","M","T","R","E","M","E","?","R","B",null,"M","?","?","$","M","E","?","R","T","E","R","M","M","M","R","B"],"character_chosen":"IRONCLAD","items_purchased":["Fire Breathing","Apotheosis","Membership Card","Oddly Smooth Stone","Akabeko","BloodPotion"],"campfire_rested":2,"item_purchase_floors":[5,5,21,21,21,21],"current_hp_per_floor":[74,75,75,52,52,58,58,57,57,57,57,55,27,27,27,35,60,22,22,22,22,16,22,22,42,42,30,50,20,58,48,48,0,0],"gold":270,"neow_bonus":"THREE_ENEMY_KILL","is_daily":false,"chose_seed":false,"campfire_upgraded":3,"win_rate":0.0,"timestamp":1609827849,"path_taken":["M","M","?","?","$","E","R","M","T","R","E","M","E","?","R","BOSS","M","?","?","$","?","E","?","R","T","E","R","M","M","M","R","BOSS"],"items_purchased_type":["Card","Card","Relic","Relic","Relic","Potion"],"build_version":"2020-12-22","purchased_purges":1,"victory":false,"max_hp_per_floor":[75,75,75,75,75,75,75,75,75,75,75,75,75,68,68,68,68,68,68,68,68,68,68,68,68,68,68,68,68,68,68,68,68,68],"relic_stats":{"counters":[16,71],"Golden Idol":54,"Pantograph":45,"PreservedInsect":89,"Bag of Preparation":[14],"Cursed Key":1,"MawBank":120,"Boot":[5],"obtain_stats":[{"NeowsBlessing":0,"Golden Idol":14,"Oddly Smooth Stone":21,"The Courier":6,"PreservedInsect":13,"Bag of Preparation":19,"Cursed Key":17,"MawBank":23,"Boot":27,"Burning Blood":0,"Akabeko":21,"Pantograph":9,"Membership Card":21,"Red Skull":11},{"NeowsBlessing":0,"Golden Idol":7,"Oddly Smooth Stone":9,"The Courier":3,"PreservedInsect":7,"Bag of Preparation":9,"Cursed Key":8,"MawBank":11,"Boot":12,"Burning Blood":0,"Akabeko":9,"Pantograph":4,"Membership Card":9,"Red Skull":5},{"NeowsBlessing":0,"Golden Idol":23,"Oddly Smooth Stone":37,"The Courier":3,"PreservedInsect":23,"Bag of Preparation":37,"Cursed Key":32,"MawBank":45,"Boot":51,"Burning Blood":0,"Akabeko":37,"Pantograph":6,"Membership Card":37,"Red Skull":14}],"Burning Blood":85},"card_choices":[{"not_picked":["Wild Strike","Headbutt"],"picked":"Second Wind","floor":6.0},{"not_picked":["Heavy Blade","Sever Soul"],"picked":"Shrug It Off","floor":8.0},{"not_picked":["Wild Strike","Clash","Perfected Strike"],"picked":"SKIP","floor":11.0},{"not_picked":["Rampage","Corruption","Anger"],"picked":"SKIP","floor":12.0},{"not_picked":["Flame Barrier","Rupture"],"picked":"Reckless Charge","floor":13.0},{"not_picked":["Juggernaut","Feed"],"picked":"Fiend Fire","floor":16},{"not_picked":["Clash","Wild Strike","Shrug It Off"],"picked":"SKIP","floor":18},{"not_picked":["Warcry","True Grit+1","Iron Wave"],"picked":"SKIP","floor":22},{"not_picked":["Inflame","Metallicize","Wild Strike"],"picked":"SKIP","floor":23},{"not_picked":["Disarm+1","Sword Boomerang"],"picked":"Body Slam","floor":27},{"not_picked":["Armaments","Clash"],"picked":"Reaper","floor":29},{"not_picked":["Shrug It Off","Ghostly Armor"],"picked":"Pommel Strike","floor":30},{"not_picked":["Pommel Strike","Uppercut","Dual Wield"],"picked":"SKIP","floor":31}],"player_experience":3369494,"relics_obtained":[{"floor":6.0,"key":"The Courier"},{"floor":9.0,"key":"Pantograph"},{"floor":11.0,"key":"Red Skull"},{"floor":13.0,"key":"PreservedInsect"},{"floor":23,"key":"MawBank"},{"floor":27,"key":"Boot"}],"event_choices":[{"damage_healed":0.0,"max_hp_gain":0.0,"max_hp_loss":0.0,"gold_gain":150.0,"event_name":"Liars Game","player_choice":"AGREE","floor":3.0,"gold_loss":0.0,"damage_taken":0.0,"cards_obtained":["Doubt"]},{"damage_healed":0.0,"max_hp_gain":0.0,"max_hp_loss":0.0,"gold_gain":0.0,"event_name":"Shining Light","player_choice":"Entered Light","floor":4.0,"gold_loss":0.0,"damage_taken":23.0,"cards_upgraded":["Strike_R","Defend_R"]},{"damage_healed":0.0,"max_hp_gain":0.0,"max_hp_loss":7.0,"gold_gain":0.0,"event_name":"Golden Idol","player_choice":"Lose Max HP","floor":14.0,"gold_loss":0.0,"damage_taken":0.0,"relics_obtained":["Golden Idol"]},{"damage_healed":0,"gold_gain":0,"player_choice":"Opened","damage_taken":0,"relics_obtained":["Bag of Preparation"],"max_hp_gain":0,"max_hp_loss":0,"event_name":"The Mausoleum","floor":19,"gold_loss":0,"cards_obtained":["Writhe"]},{"damage_healed":0,"gold_gain":50,"player_choice":"Stole From Cult","damage_taken":0,"max_hp_gain":0,"max_hp_loss":0,"event_name":"Nest","floor":20,"gold_loss":0},{"damage_healed":0,"gold_gain":0,"cards_transformed":["Strike_R"],"player_choice":"Transformed","damage_taken":0,"max_hp_gain":0,"max_hp_loss":0,"event_name":"Transmorgrifier","floor":24,"gold_loss":0,"cards_obtained":["Immolate"]}],"is_beta":false,"boss_relics":[{"not_picked":["Philosopher\u0027s Stone","Ectoplasm"],"picked":"Cursed Key"}],"items_purged_floors":[21],"is_endless":false,"potions_floor_spawned":[6,8,22,29,30,31],"killed_by":"Automaton","ascension_level":20}}