{"host":"56ghxnzsglgdq727","time":1609845968,"event":{"mods":["AchievementEnabler","BaseMod","Downfall","Minty Spire (QoL Compilation)","StSLib"],"gold_per_floor":[99,118,128,143,161,161,161,161,175,201,126,43,54,66,76,180,180,180,194,294,312,330,330,330,330],"floor_reached":23,"playtime":1261,"items_purged":[],"score":207,"play_id":"041c7741-cf1f-4795-bcc3-50004d2d3a65","local_time":"20210105062608","is_ascension_mode":true,"campfire_choices":[{"data":"hexamod:UnleashSpirits","floor":1,"key":"SMITH"},{"floor":8,"key":"RECALL"},{"floor":11,"key":"REST"},{"data":"hexamod:Float","floor":18,"key":"SMITH"}],"circlet_count":0,"master_deck":["hexamod:Strike","hexamod:Strike","hexamod:Strike","hexamod:Strike","hexamod:Defend","hexamod:Defend","hexamod:Defend","hexamod:Defend","hexamod:Sear","hexamod:Float+1","hexamod:UnleashSpirits+1","hexamod:RecurringNightmare","hexamod:PhantomCloak","hexamod:GhostShield","hexamod:Hexaguard","hexamod:FirstSeal","hexamod:GhostLash+1","hexamod:UnleashSpirits+1","hexamod:FastForward","hexamod:TimeOfNeed","hexamod:FlamesFromBeyond"],"relics":["hexamod:SpiritBrand","Molten Egg 2","Mercury Hourglass","Pantograph","downfall:HeartBlessingRed","hexamod:IceCube","Ginger","Letter Opener"],"acts_visited":["Exordium","TheCity"],"potions_floor_usage":[12,16,16,20,20],"damage_taken":[{"damage":0,"enemies":"Cultist","floor":2,"turns":3},{"damage":0,"enemies":"Jaw Worm","floor":3,"turns":3},{"damage":4,"enemies":"2 Louse","floor":4,"turns":3},{"damage":9,"enemies":"Exordium Thugs","floor":5,"turns":4},{"damage":1,"enemies":"Blue Slaver","floor":9,"turns":5},{"damage":8,"enemies":"3 Sentries","floor":10,"turns":5},{"damage":1,"enemies":"downfall:FleeingMerchant","floor":12,"turns":4},{"damage":1,"enemies":"Large Slime","floor":13,"turns":7},{"damage":3,"enemies":"Lots of Slimes","floor":14,"turns":3},{"damage":1,"enemies":"Gremlin Gang","floor":15,"turns":3},{"damage":14,"enemies":"downfall:Watcher","floor":16,"turns":6},{"damage":2,"enemies":"Shell Parasite","floor":19,"turns":7},{"damage":31,"enemies":"downfall:Silent","floor":20,"turns":6},{"damage":7,"enemies":"Snecko","floor":21,"turns":5},{"damage":0,"enemies":"Centurion and Healer","floor":22,"turns":8},{"damage":53,"enemies":"Gremlin Leader","floor":23,"turns":4}],"seed_played":"3282845170995054","potions_obtained":[{"floor":3,"key":"ColorlessPotion"},{"floor":13,"key":"hexamod:DoubleChargePotion"},{"floor":14,"key":"Fire Potion"},{"floor":15,"key":"PowerPotion"},{"floor":19,"key":"FearPotion"}],"is_trial":false,"path_per_floor":["R","M","M","M","M","T","T","R","M","E","R","$","M","M","M","B",null,"R","M","?","M","M","E"],"character_chosen":"THE_SPIRIT","items_purchased":["hexamod:FirstSeal"],"campfire_rested":1,"item_purchase_floors":[12],"current_hp_per_floor":[63,63,63,59,50,50,50,50,49,41,59,58,63,63,62,56,63,63,63,39,39,46,0,0,0],"gold":330,"neow_bonus":"THREE_RARE_CARDS","is_daily":false,"chose_seed":false,"campfire_upgraded":2,"win_rate":0.0,"timestamp":1609845968,"path_taken":["R","M","M","?","M","?","T","R","M","E","R","$","M","M","M","BOSS","R","M","?","M","M","E"],"items_purchased_type":["Card"],"build_version":"2020-12-22","purchased_purges":0,"victory":false,"max_hp_per_floor":[63,63,63,63,63,63,63,63,63,63,63,63,63,63,63,63,63,63,63,63,63,63,63,63,63],"card_choices":[{"not_picked":["hexamod:CrushingStance","hexamod:ApocalypseNow"],"picked":"hexamod:UnleashSpirits","floor":0},{"not_picked":["hexamod:RainOfEmbers","hexamod:ThermalTransfer"],"picked":"hexamod:RecurringNightmare","floor":2},{"not_picked":["hexamod:SuperheatedStrike","hexamod:ChargedBarrage","hexamod:ShieldOfDarkness"],"picked":"SKIP","floor":3},{"not_picked":["hexamod:HeatCrush","hexamod:RecurringNightmare"],"picked":"hexamod:PhantomCloak","floor":4},{"not_picked":["hexamod:GhostflameBarrier","hexamod:GhostOfSpirePresent"],"picked":"hexamod:GhostShield","floor":5},{"not_picked":["hexamod:SpectralAdrenaline","hexamod:InspiringFlames","hexamod:HeatCrush+1"],"picked":"SKIP","floor":9},{"not_picked":["hexamod:NightmareStrike+1","hexamod:HauntingEcho+1"],"picked":"hexamod:Hexaguard","floor":10},{"not_picked":["hexamod:SuperheatedStrike+1","hexamod:NightmareGuise","hexamod:Incineration+1"],"picked":"SKIP","floor":12},{"not_picked":["hexamod:RainOfEmbers+1","hexamod:NightmareStrike+1"],"picked":"hexamod:GhostLash+1","floor":13},{"not_picked":["hexamod:PhantomFireball+1","hexamod:SwordOfDarkness+1"],"picked":"hexamod:UnleashSpirits+1","floor":14},{"not_picked":["hexamod:SpectralSpark","hexamod:NightmareStrike+1"],"picked":"hexamod:FastForward","floor":15},{"not_picked":["hexamod:HexaLevel","hexamod:EmpoweringStance"],"picked":"hexamod:TimeOfNeed","floor":16},{"not_picked":["hexamod:BurningTouch","hexamod:SwordOfDarkness+1","hexamod:EmpoweredFlame"],"picked":"SKIP","floor":19},{"not_picked":["hexamod:FastForward","hexamod:ShieldOfDarkness"],"picked":"hexamod:FlamesFromBeyond","floor":20},{"not_picked":["hexamod:GhostflameBarrier","hexamod:RadiantFlame","hexamod:SoulSteal"],"picked":"SKIP","floor":21},{"not_picked":["hexamod:NightmareStrike+1","hexamod:HeatCrush+1","hexamod:InspiringFlames"],"picked":"SKIP","floor":22}],"player_experience":162742,"relics_obtained":[{"floor":6,"key":"Molten Egg 2"},{"floor":7,"key":"Mercury Hourglass"},{"floor":10,"key":"Pantograph"},{"floor":20,"key":"Ginger"},{"floor":20,"key":"Letter Opener"}],"event_choices":[],"is_beta":false,"boss_relics":[{"not_picked":["Velvet Choker","Empty Cage"],"picked":"hexamod:IceCube"}],"items_purged_floors":[],"is_endless":false,"potions_floor_spawned":[3,13,14,15,19],"killed_by":"Gremlin Leader","ascension_level":1}}