{"host":"w9n1bnky47q512p1","time":1609853434,"event":{"mods":["Arknights The Spire","BaseMod","Bestiary","Block Reminder","Card Forge","Colored Powertips","Displayed Cursed Tome","Grow up Mod","Minty Spire (QoL Compilation)","Remove Card Discount Mod","StSLib","Uncapped","Waifu the Spire","??????REMEMod"],"gold_per_floor":[111,128,128,144,144,169,186,221,221,286,327,354,529,565,565,689,689,702,148,176,176,211,211,255,255,327,327,327,327,206,249,249,353,353,386,448,135,159,159,159,172,96,147,161,177,177,197,215,215,251,251,251,54,89,98],"floor_reached":56,"playtime":3656,"items_purged":[],"score":1259,"play_id":"51e20b5c-26d9-4a1b-a8d5-50bdad35ed1e","local_time":"20210105203034","is_ascension_mode":false,"campfire_choices":[{"floor":15,"key":"REST"},{"floor":23,"key":"RECALL"},{"floor":25,"key":"REST"},{"data":"ForeignInfluence","floor":27,"key":"SMITH"},{"floor":32,"key":"REST"},{"floor":40,"key":"REST"},{"floor":46,"key":"REST"},{"floor":49,"key":"REST"},{"floor":52,"key":"REST"}],"circlet_count":0,"master_deck":["Strike_P+1","Strike_P+1","Strike_P+1","Strike_P+1","Defend_P+1","Defend_P+1","Defend_P+1","Eruption+1","Vigilance+1","REME_Repentance+1","EmptyFist+1","SashWhip+1","Perseverance+1","MentalFortress+1","ReachHeaven+1","WindmillStrike+1","ClearTheMind+1","PathToVictory+1","Wallop+1","Brilliance+1","Swivel+1","Panacea+1","JustLucky+1","Devotion+1","FlurryOfBlows+1","WreathOfFlame+1","Fasting2+1","Strike_P+1","FollowUp+1","BattleHymn+1","ForeignInfluence+1","PathToVictory+1","Flash of Steel+1","Establishment+1","PathToVictory+1","FlurryOfBlows+1","DevaForm+1","REME_Repentance+1","ForeignInfluence+1","Defend_P+1","ThirdEye+1","LikeWater+1","EmptyFist+1","Perseverance+1","LikeWater+1","WheelKick+1","EmptyBody+1","EmptyFist+1"],"relics":["HolyWater","Hammer of Thor","Seething Fire","Anvil of the Gods","REME_ComplimentaryCards","NeowsBlessing","Whetstone","Frozen Egg 2","REME_ArchaeologicalTools","War Paint","PreservedInsect","Potion Belt","Orrery","Regal Pillow","Strawberry","Omamori","REME_DuelDisc","Bird Faced Urn","ClockworkSouvenir","Vajra","Lantern","Lizard Tail"],"acts_visited":["Exordium","TheCity","TheBeyond","TheEnding"],"potions_floor_usage":[31,38,38,41,41,45,50,55],"damage_taken":[{"damage":0,"enemies":"Jaw Worm","floor":1,"turns":1},{"damage":0,"enemies":"Cultist","floor":2,"turns":1},{"damage":0,"enemies":"Small Slimes","floor":4,"turns":1},{"damage":11,"enemies":"Lagavulin","floor":6,"turns":5},{"damage":2,"enemies":"Exordium Thugs","floor":7,"turns":4},{"damage":27,"enemies":"3 Sentries","floor":8,"turns":7},{"damage":2,"enemies":"3 Louse","floor":10,"turns":3},{"damage":0,"enemies":"2 Fungi Beasts","floor":11,"turns":3},{"damage":0,"enemies":"Blue Slaver","floor":12,"turns":1},{"damage":0,"enemies":"Gremlin Nob","floor":14,"turns":2},{"damage":81,"enemies":"Hexaghost","floor":16,"turns":8},{"damage":2,"enemies":"Chosen","floor":18,"turns":4},{"damage":11,"enemies":"3 Byrds","floor":20,"turns":5},{"damage":56,"enemies":"3 Cultists","floor":22,"turns":5},{"damage":28,"enemies":"Gremlin Leader","floor":24,"turns":5},{"damage":42,"enemies":"Slavers","floor":31,"turns":5},{"damage":34,"enemies":"Champ","floor":33,"turns":8},{"damage":66,"enemies":"3 Shapes","floor":35,"turns":3},{"damage":105,"enemies":"2 Orb Walkers","floor":36,"turns":7},{"damage":67,"enemies":"3 Darklings","floor":38,"turns":5},{"damage":73,"enemies":"Sphere and 2 Shapes","floor":41,"turns":8},{"damage":17,"enemies":"Transient","floor":44,"turns":5},{"damage":7,"enemies":"Jaw Worm Horde","floor":45,"turns":3},{"damage":53,"enemies":"3 Darklings","floor":47,"turns":7},{"damage":60,"enemies":"Sphere and 2 Shapes","floor":48,"turns":5},{"damage":184,"enemies":"Time Eater","floor":50,"turns":12},{"damage":210,"enemies":"Shield and Spear","floor":54,"turns":9},{"damage":236,"enemies":"The Heart","floor":55,"turns":11}],"seed_played":"4911538545290362307","potions_obtained":[{"floor":2,"key":"Energy Potion"},{"floor":6,"key":"DuplicationPotion"},{"floor":8,"key":"Swift Potion"},{"floor":22,"key":"LiquidBronze"},{"floor":24,"key":"PowerPotion"},{"floor":33,"key":"PowerPotion"},{"floor":38,"key":"SkillPotion"},{"floor":41,"key":"ColorlessPotion"},{"floor":48,"key":"REME_GoldPotion"}],"is_trial":false,"path_per_floor":["M","M","?","M","?","E","M","E","T","M","M","M","?","E","R","B",null,"M","$","M","?","M","R","E","R","T","R","?","?","$","E","R","B",null,"M","?","$","M","?","R","M","$","T","M","M","R","M","M","R","B",null,"R","$","E","B",null],"character_chosen":"WATCHER","items_purchased":["Panacea","PreservedInsect","Potion Belt","Orrery","PathToVictory","Flash of Steel","DevaForm+1","REME_Repentance","ClockworkSouvenir","LikeWater+1","Lantern","EmptyBody"],"campfire_rested":7,"item_purchase_floors":[19,19,19,19,30,30,37,37,37,42,53,53],"current_hp_per_floor":[92,102,112,122,132,131,139,122,132,140,150,160,170,180,232,161,252,260,270,269,279,233,243,225,332,342,352,362,379,389,357,409,385,429,373,278,288,245,255,423,368,378,388,387,396,549,510,468,579,413,599,609,619,423,207],"gold":98,"neow_bonus":"THREE_ENEMY_KILL","is_daily":false,"chose_seed":false,"campfire_upgraded":1,"win_rate":0.0,"timestamp":1609853434,"path_taken":["M","M","?","?","?","E","M","E","T","M","M","M","?","E","R","BOSS","M","$","M","?","M","R","E","R","T","R","?","?","$","E","R","BOSS","M","?","$","M","?","R","M","$","T","M","M","R","M","M","R","BOSS","R","$","E","BOSS"],"items_purchased_type":["Card","Relic","Relic","Relic","Card","Card","Card","Card","Relic","Card","Relic","Card"],"build_version":"2020-12-22","purchased_purges":0,"victory":true,"max_hp_per_floor":[92,102,112,122,132,142,152,162,172,182,192,202,212,222,232,242,252,262,272,282,292,302,312,322,332,342,352,362,379,389,399,409,419,429,439,449,459,469,479,489,499,509,519,529,539,549,559,569,579,589,599,609,619,629,639],"card_choices":[{"not_picked":["Pray","ThirdEye"],"picked":"REME_Repentance","floor":1},{"not_picked":["Crescendo","ThirdEye"],"picked":"EmptyFist","floor":2},{"not_picked":["JustLucky","WreathOfFlame"],"picked":"SashWhip","floor":4},{"not_picked":["Worship","CutThroughFate"],"picked":"Perseverance","floor":6},{"not_picked":["TalkToTheHand","FlyingSleeves"],"picked":"MentalFortress","floor":7},{"not_picked":["Crescendo","CutThroughFate"],"picked":"ReachHeaven","floor":8},{"not_picked":["Evaluate","Sanctity"],"picked":"WindmillStrike","floor":10},{"not_picked":["ThirdEye","LessonLearned"],"picked":"ClearTheMind","floor":11},{"not_picked":["JustLucky","CutThroughFate"],"picked":"PathToVictory","floor":12},{"not_picked":["Conclude","FlyingSleeves"],"picked":"Wallop","floor":14},{"not_picked":["ConjureBlade","Omniscience"],"picked":"Brilliance","floor":16},{"not_picked":["ReachHeaven","REME_MusicOfDeath+1"],"picked":"Swivel","floor":18},{"not_picked":["EmptyMind+1","Collect"],"picked":"JustLucky","floor":19},{"not_picked":["EmptyBody","TalkToTheHand"],"picked":"Devotion+1","floor":19},{"not_picked":["CrushJoints","Sanctity"],"picked":"FlurryOfBlows","floor":19},{"not_picked":["Adaptation+1","Wallop"],"picked":"WreathOfFlame+1","floor":19},{"not_picked":["Study+1","ReachHeaven"],"picked":"Fasting2+1","floor":19},{"not_picked":["Conclude","Evaluate"],"picked":"FollowUp+1","floor":20},{"not_picked":["Crescendo","Protect"],"picked":"BattleHymn+1","floor":22},{"not_picked":["LikeWater+1","Evaluate+1"],"picked":"ForeignInfluence","floor":24},{"not_picked":["REME_WorshipGod","Meditate","BattleHymn+1"],"picked":"SKIP","floor":31},{"not_picked":["MasterReality+1","Omniscience"],"picked":"Establishment+1","floor":33},{"not_picked":["WaveOfTheHand","ClearTheMind+1"],"picked":"PathToVictory+1","floor":35},{"not_picked":["WindmillStrike","Evaluate"],"picked":"FlurryOfBlows+1","floor":36},{"not_picked":["Meditate","REME_MusicOfDeath+1"],"picked":"ForeignInfluence","floor":38},{"not_picked":["LessonLearned","Nirvana+1"],"picked":"ThirdEye+1","floor":41},{"not_picked":["FlurryOfBlows+1","Swivel+1"],"picked":"EmptyFist","floor":44},{"not_picked":["BowlingBash","CutThroughFate+1"],"picked":"Perseverance","floor":45},{"not_picked":["CrushJoints+1","Perseverance"],"picked":"LikeWater+1","floor":47},{"not_picked":["CrushJoints","CutThroughFate+1"],"picked":"WheelKick+1","floor":48},{"not_picked":["SashWhip","Conclude+1"],"picked":"EmptyFist+1","floor":54}],"player_experience":69534,"relics_obtained":[{"floor":6,"key":"Whetstone"},{"floor":8,"key":"Frozen Egg 2"},{"floor":9,"key":"REME_ArchaeologicalTools"},{"floor":14,"key":"War Paint"},{"floor":24,"key":"Regal Pillow"},{"floor":31,"key":"Omamori"},{"floor":36,"key":"Bird Faced Urn"},{"floor":43,"key":"Vajra"},{"floor":54,"key":"Lizard Tail"}],"event_choices":[{"damage_healed":0,"gold_gain":0,"player_choice":"Full Heal","damage_taken":0,"max_hp_gain":0,"max_hp_loss":0,"event_name":"Wheel of Change","floor":3,"gold_loss":0},{"damage_healed":0,"gold_gain":0,"player_choice":"Leave","damage_taken":0,"max_hp_gain":0,"max_hp_loss":0,"event_name":"The Cleric","floor":5,"gold_loss":0},{"damage_healed":0,"gold_gain":175,"player_choice":"AGREE","damage_taken":0,"max_hp_gain":0,"max_hp_loss":0,"event_name":"Liars Game","floor":13,"gold_loss":0,"cards_obtained":["Doubt"]},{"damage_healed":0,"gold_gain":0,"player_choice":"Ignored","damage_taken":0,"max_hp_gain":0,"max_hp_loss":0,"event_name":"Ghosts","floor":21,"gold_loss":0},{"damage_healed":0,"gold_gain":0,"player_choice":"Ignored","damage_taken":0,"max_hp_gain":0,"max_hp_loss":0,"event_name":"Vampires","floor":28,"gold_loss":0},{"damage_healed":0,"gold_gain":0,"player_choice":"Opened","damage_taken":0,"relics_obtained":["Strawberry"],"max_hp_gain":0,"max_hp_loss":0,"event_name":"The Mausoleum","floor":29,"gold_loss":0},{"damage_healed":0,"gold_gain":0,"player_choice":"Fight","damage_taken":0,"max_hp_gain":0,"max_hp_loss":0,"event_name":"Mysterious Sphere","floor":36,"gold_loss":0},{"cards_removed":["Defend_P"],"damage_healed":0,"gold_gain":0,"player_choice":"Removed Skill","damage_taken":0,"max_hp_gain":0,"max_hp_loss":0,"event_name":"Falling","floor":39,"gold_loss":0}],"is_beta":false,"boss_relics":[{"not_picked":["Pandora\u0027s Box","Sozu"],"picked":"HolyWater"},{"not_picked":["Philosopher\u0027s Stone","REME_DemonsWealth"],"picked":"REME_DuelDisc"}],"items_purged_floors":[],"is_endless":false,"potions_floor_spawned":[2,6,8,12,16,22,24,33,35,38,41,48],"ascension_level":0}}