{"host":"ueaobptuyu87ouwy","time":1609839472,"event":{"mods":["Aspiration","Bard","BaseMod","Better Altar","Better Match","Better Note","Better Sensory Stone","Better Skull","Better Third Choice","BetterRewards","CCEM","Colored Map","Conspire","Downfall","GifTheSpireLib","Googly Eyes","Halation","Hermit","Highlight Path","Hubris","Infinite Spire","Jedi Mod","Jorbs\u0027s Wanderer Trilogy","Marisa????????","Mimic Mod","Minty Spire (QoL Compilation)","Permanent Neow","Replay The Spire","StSLib","Stuff the Spire","The Runesmith","Unceasing Turn Reminder","everything is the same but u backflip on backflip","slay the spire mod where everything is the same but ironclad has a cowboy hat"],"gold_per_floor":[118,137,137,137,287,287,23,41,116,32,58,74,74,86,86,86,86],"floor_reached":16,"playtime":695,"items_purged":["Shame"],"score":102,"play_id":"ab0e17c0-6222-4e98-8ec6-945132e50d85","local_time":"20210105173752","is_ascension_mode":false,"campfire_choices":[{"floor":6,"key":"REST"},{"data":"ReplayTheSpireMod:Black Plague","floor":15,"key":"SMITH"}],"circlet_count":0,"master_deck":["Strike_R","Strike_R","Strike_R","Strike_R","Defend_R","Defend_R","Defend_R","Defend_R","Bash","Twin Strike","Flame Barrier","ReplayTheSpireMod:Black Plague+1","StuffTheSpire:Incineration","hubris:ReadiedAction","StuffTheSpire:Resist","Spot Weakness"],"relics":["Burning Blood","aspiration:Nostalgia","Cracked Core","Replay:Accelerometer","ReplayTheSpireMod:CursedCoin","hubris:KleinBottle","hubris:EvacipatedBox","Replay:Wax Seal","Snack Pack","jedi:HeartOfTheCards","Strawberry"],"acts_visited":["Exordium"],"potions_floor_usage":[],"damage_taken":[{"damage":6,"enemies":"Cultist","floor":1,"turns":3},{"damage":7,"enemies":"2 Louse","floor":2,"turns":3},{"damage":0,"enemies":"Small Slimes","floor":8,"turns":3},{"damage":0,"enemies":"2 Fungi Beasts","floor":10,"turns":3},{"damage":8,"enemies":"Lagavulin","floor":11,"turns":4},{"damage":12,"enemies":"Blue Slaver","floor":12,"turns":3},{"damage":7,"enemies":"Looter","floor":14,"turns":3},{"damage":74,"enemies":"Fading Forest","floor":16,"turns":9}],"seed_played":"-5681738177690883761","potions_obtained":[{"floor":10,"key":"jedi:StrikingPotion"},{"floor":14,"key":"Block Potion"}],"is_trial":false,"path_per_floor":["M","M","?","?","$","R","$","M","T","M","E","M","$","M","R","B"],"character_chosen":"IRONCLAD","items_purchased":["ReplayTheSpireMod:CursedCoin","hubris:KleinBottle","hubris:EvacipatedBox","Replay:Wax Seal","Snack Pack"],"campfire_rested":1,"item_purchase_floors":[5,5,5,7,7],"current_hp_per_floor":[80,79,72,72,34,58,58,64,64,70,77,71,71,70,70,0,0],"gold":86,"neow_bonus":"NOSTALGIA","is_daily":false,"chose_seed":false,"campfire_upgraded":1,"win_rate":0.0,"timestamp":1609839472,"path_taken":["M","?","?","?","?","R","$","M","T","?","E","M","?","M","R","BOSS"],"items_purchased_type":["Relic","Relic","Relic","Relic","Relic"],"build_version":"2020-12-13","purchased_purges":1,"victory":false,"max_hp_per_floor":[80,80,80,80,80,80,80,80,80,80,87,87,87,87,87,87,87],"card_choices":[{"not_picked":["Infernal Blade","ReplayTheSpireMod:Strike From Hell"],"picked":"Twin Strike","floor":1},{"not_picked":["StuffTheSpire:RockThrow","Rupture"],"picked":"Flame Barrier","floor":2},{"not_picked":["ReplayTheSpireMod:Book of Names","infinitespire:FutureSight"],"picked":"ReplayTheSpireMod:Black Plague","floor":5},{"not_picked":["Headbutt","Flex"],"picked":"StuffTheSpire:Incineration","floor":8},{"not_picked":["Shrug It Off","Pommel Strike"],"picked":"hubris:ReadiedAction","floor":10},{"not_picked":["Power Through","Brutality","Shrug It Off"],"picked":"SKIP","floor":11},{"not_picked":["Metallicize","Carnage"],"picked":"StuffTheSpire:Resist","floor":12},{"not_picked":["hubris:ReadiedAction","StuffTheSpire:Slingshot"],"picked":"Spot Weakness","floor":14}],"player_experience":7296,"relics_obtained":[{"floor":4,"key":"Replay:Accelerometer"},{"floor":9,"key":"jedi:HeartOfTheCards"},{"floor":11,"key":"Strawberry"}],"event_choices":[{"cards_removed":["Strike_R"],"damage_healed":0,"gold_gain":0,"player_choice":"Card Removal","damage_taken":7,"max_hp_gain":0,"max_hp_loss":0,"event_name":"Golden Wing","floor":3,"gold_loss":0}],"is_beta":false,"boss_relics":[],"items_purged_floors":[7],"is_endless":false,"potions_floor_spawned":[8,10,14],"killed_by":"Fading Forest","ascension_level":0}}