{"host":"q79spna8ofw6hj3r","time":1609824377,"event":{"mods":["Aspiration","BaseMod","Bestiary","Better Altar","Better Match","Better Note","Better Sensory Stone","Better Skull","Better Third Choice","Better Vampires","BetterRewards","Block Reminder","Card Filter","Challenge The Spire","Colored Map","Colored Powertips","Conspire","Custom Start","Energized Spire","Halation","Hubris","Infinite Spire","Jedi Mod","Mimic Mod","Minty Spire (QoL Compilation)","Permanent Neow","Quick Restart","Relic Filter","Relic Sorter","Replay The Spire","Shop Mod","StSLib","SuperFastMode","Synergy Search","The Servant 0.9.4","vexMod"],"gold_per_floor":[118,118,149,172,202,202,377,377,377,404,404,441,211,211,211,219,219],"floor_reached":16,"playtime":515,"items_purged":["Strike_S"],"score":100,"play_id":"bca57478-841f-4fed-965b-c42b35dd2696","local_time":"20210105072617","is_ascension_mode":false,"campfire_choices":[{"data":"KidneyShot","floor":6,"key":"SMITH"},{"data":"MoonPhase","floor":8,"key":"SMITH"},{"data":"FlawlessForm","floor":11,"key":"SMITH"},{"floor":15,"key":"REST"}],"circlet_count":0,"master_deck":["Strike_S","Strike_S","Defend_S","Defend_S","Defend_S","KidneyShot+1","Exchange","MoonPhase+1","Doubt","FlawlessForm+1"],"relics":["Uniform","Replay:Bandana","Chameleon Ring","jedi:shrinkray","Bag of Preparation"],"acts_visited":["Exordium"],"potions_floor_usage":[16],"damage_taken":[{"damage":3,"enemies":"Small Slimes","floor":1,"turns":5},{"damage":5,"enemies":"Jaw Worm","floor":3,"turns":5},{"damage":5,"enemies":"2 Louse","floor":4,"turns":4},{"damage":10,"enemies":"Exordium Wildlife","floor":5,"turns":5},{"damage":5,"enemies":"2 Fungi Beasts","floor":10,"turns":5},{"damage":25,"enemies":"Lagavulin","floor":12,"turns":14},{"damage":31,"enemies":"Slime Boss","floor":16,"turns":18}],"seed_played":"-5237765690455051553","potions_obtained":[{"floor":5,"key":"BlessingOfTheForge"}],"is_trial":false,"path_per_floor":["M","?","M","M","M","R","?","R","T","M","R","E","$","?","R","B"],"character_chosen":"THE_SERVANT","items_purchased":["Bag of Preparation"],"campfire_rested":1,"item_purchase_floors":[13],"current_hp_per_floor":[62,55,50,45,35,35,35,35,35,30,30,5,5,5,24,0,0],"gold":219,"neow_bonus":"REMOVE_CARD","is_daily":false,"chose_seed":false,"campfire_upgraded":3,"win_rate":0.0,"timestamp":1609824377,"path_taken":["M","?","M","M","M","R","?","R","T","M","R","E","$","?","R","BOSS"],"items_purchased_type":["Relic"],"build_version":"2020-12-22","purchased_purges":1,"victory":false,"max_hp_per_floor":[65,65,65,65,65,65,65,65,65,65,65,65,65,65,65,65,65],"card_choices":[{"not_picked":["ShatteredReality","FastForward","MoonPhase"],"picked":"SKIP","floor":1},{"not_picked":["ShatteredReality","FastForward","MoonPhase"],"picked":"SKIP","floor":1},{"not_picked":["ShatteredReality","FastForward"],"picked":"MoonPhase","floor":1},{"not_picked":["Alleviate","Snipe","PendulumOfEternity"],"picked":"SKIP","floor":3},{"not_picked":["Desolation","Starlight","FastForward"],"picked":"SKIP","floor":4},{"not_picked":["TimeWarp","DoubleEdge","WasteNot"],"picked":"SKIP","floor":5},{"not_picked":["ShatteredReality","SpecialFormula"],"picked":"FlawlessForm","floor":10},{"not_picked":["BottledTime","WasteNot","Revamp"],"picked":"SKIP","floor":12}],"player_experience":212094,"relics_obtained":[{"floor":9,"key":"Chameleon Ring"},{"floor":12,"key":"jedi:shrinkray"}],"event_choices":[{"damage_healed":0,"gold_gain":0,"player_choice":"Relic ","damage_taken":7,"max_hp_gain":0,"max_hp_loss":0,"event_name":"betterThird:BetterScrap","floor":2,"gold_loss":0,"cards_obtained":["Static Discharge"]},{"damage_healed":0,"gold_gain":175,"player_choice":"AGREE","damage_taken":202,"max_hp_gain":0,"max_hp_loss":0,"event_name":"betterThird:BetterSerpent","floor":7,"gold_loss":0},{"cards_removed":["Defend_S"],"damage_healed":0,"gold_gain":0,"player_choice":"Forget","damage_taken":0,"max_hp_gain":0,"max_hp_loss":0,"event_name":"Living Wall","floor":14,"gold_loss":0}],"is_beta":false,"boss_relics":[],"items_purged_floors":[13],"is_endless":false,"potions_floor_spawned":[5],"killed_by":"Slime Boss","ascension_level":0}}