{"host":"icrrc9b69c1a6188","time":1609822138,"event":{"mods":["Act Like it!","BaseMod","Bestiary","Better Altar","Better Match","Better Note","Better Sensory Stone","Better Skull","Better Third Choice","Block Reminder","Colored Map","Colored Powertips","Curses Come First","Displayed Cursed Tome","Faster Ascension Climbing","HexUI Lib","Jorbs\u0027s Wanderer Trilogy","Minty Spire (QoL Compilation)","Quick Restart","RNG Fix","Random Character Mod","Rare Cards Sparkle","Spicy Shops","StSLib","Unceasing Turn Reminder"],"gold_per_floor":[109,124,146,146,165,165,165,165,165,180,191,191,219,235,235,235,235],"floor_reached":16,"playtime":1863,"items_purged":[],"score":208,"play_id":"69e92655-cf03-4826-8e28-7d95b054a995","local_time":"20210104224858","is_ascension_mode":true,"campfire_choices":[{"data":"stsjorbsmod:AnimateObjects","floor":6,"key":"SMITH"},{"data":"stsjorbsmod:Materialize","floor":8,"key":"SMITH"},{"floor":15,"key":"REST"}],"circlet_count":0,"master_deck":["AscendersBane","stsjorbsmod:ForbiddenGrimoire+1","stsjorbsmod:Strike_Wanderer","stsjorbsmod:Strike_Wanderer","stsjorbsmod:Strike_Wanderer","stsjorbsmod:Strike_Wanderer","stsjorbsmod:Defend_Wanderer","stsjorbsmod:Defend_Wanderer","stsjorbsmod:Defend_Wanderer","stsjorbsmod:Defend_Wanderer","stsjorbsmod:FreshAdventure","stsjorbsmod:EyeOfTheStorm","stsjorbsmod:Withdraw","stsjorbsmod:Materialize+1","stsjorbsmod:AnimateObjects+1","stsjorbsmod:FlameWard","stsjorbsmod:GatherPower","stsjorbsmod:Materialize","stsjorbsmod:LoseGrip","stsjorbsmod:Prestidigitation"],"relics":["stsjorbsmod:GrimoireRelic","Akabeko","Shuriken","stsjorbsmod:MindGlassRelic"],"acts_visited":["Exordium"],"potions_floor_usage":[13,16,16],"damage_taken":[{"damage":1,"enemies":"Cultist","floor":1,"turns":4},{"damage":10,"enemies":"Small Slimes","floor":2,"turns":6},{"damage":13,"enemies":"Jaw Worm","floor":3,"turns":7},{"damage":0,"enemies":"Red Slaver","floor":5,"turns":5},{"damage":2,"enemies":"3 Louse","floor":10,"turns":4},{"damage":5,"enemies":"Lots of Slimes","floor":11,"turns":3},{"damage":25,"enemies":"3 Sentries","floor":13,"turns":7},{"damage":10,"enemies":"Large Slime","floor":14,"turns":8},{"damage":27,"enemies":"Hexaghost","floor":16,"turns":9}],"seed_played":"-8921795150822994915","potions_obtained":[{"floor":2,"key":"Fruit Juice"},{"floor":5,"key":"stsjorbsmod:BurningPotion"},{"floor":13,"key":"Explosive Potion"},{"floor":14,"key":"Swift Potion"}],"is_trial":false,"path_per_floor":["M","M","M","?","M","R","?","R","T","M","M","?","E","M","R","B"],"character_chosen":"WANDERER","items_purchased":[],"campfire_rested":1,"item_purchase_floors":[],"current_hp_per_floor":[59,51,41,46,48,48,37,37,37,36,32,32,15,5,27,0,0],"gold":235,"neow_bonus":"ONE_RANDOM_RARE_CARD","is_daily":false,"chose_seed":false,"campfire_upgraded":2,"win_rate":0.0,"timestamp":1609822138,"path_taken":["M","M","M","?","M","R","?","R","T","?","M","?","E","M","R","BOSS"],"items_purchased_type":[],"build_version":"2020-12-22","purchased_purges":0,"victory":false,"max_hp_per_floor":[64,64,64,69,69,69,69,69,69,69,69,69,74,74,74,74,74],"card_choices":[{"not_picked":["stsjorbsmod:Rest","stsjorbsmod:MagicMissiles"],"picked":"stsjorbsmod:Materialize","floor":1},{"not_picked":["stsjorbsmod:Index","stsjorbsmod:Prepare"],"picked":"stsjorbsmod:AnimateObjects","floor":2},{"not_picked":["stsjorbsmod:ParryingBlow","stsjorbsmod:DoubleCheck","stsjorbsmod:MagicMissiles"],"picked":"SKIP","floor":3},{"not_picked":["stsjorbsmod:HedgeWizard","stsjorbsmod:MagicMissiles"],"picked":"stsjorbsmod:FlameWard","floor":5},{"not_picked":["stsjorbsmod:DisguiseSelf","stsjorbsmod:Index"],"picked":"stsjorbsmod:GatherPower","floor":10},{"not_picked":["stsjorbsmod:Counterspell","stsjorbsmod:Hurt"],"picked":"stsjorbsmod:Materialize","floor":11},{"not_picked":["stsjorbsmod:WanderingMind","stsjorbsmod:Counterspell"],"picked":"stsjorbsmod:LoseGrip","floor":13},{"not_picked":["stsjorbsmod:FindFamiliar","stsjorbsmod:MagicMirror"],"picked":"stsjorbsmod:Prestidigitation","floor":14}],"player_experience":731948,"relics_obtained":[{"floor":9,"key":"Shuriken"},{"floor":13,"key":"stsjorbsmod:MindGlassRelic"}],"event_choices":[{"damage_healed":0,"gold_gain":0,"player_choice":"Donut","damage_taken":0,"max_hp_gain":5,"max_hp_loss":0,"event_name":"Big Fish","floor":4,"gold_loss":0},{"damage_healed":0,"gold_gain":1,"player_choice":"Relic ","damage_taken":11,"max_hp_gain":0,"max_hp_loss":0,"event_name":"betterThird:BetterScrap","floor":7,"gold_loss":0,"cards_obtained":["Fiend Fire"]},{"damage_healed":32,"gold_gain":0,"player_choice":"Leave","damage_taken":0,"max_hp_gain":0,"max_hp_loss":69,"event_name":"betterThird:BetterShining","floor":12,"gold_loss":0}],"is_beta":false,"boss_relics":[],"items_purged_floors":[],"is_endless":false,"potions_floor_spawned":[2,5,13,14],"killed_by":"Hexaghost","ascension_level":20}}