{"host":"7h92ovu14wtbhddo","time":1609837752,"event":{"mods":["AchievementEnabler","BaseMod","Downfall","Minty Spire (QoL Compilation)","StSLib","SuperFastMode"],"gold_per_floor":[99,118,129,142,142,142,196,221,238,66,66,98,23,42,62,157,157,157,177,189,189,207,207,234,253,253,238,263,363,363,381,399,495,495,495,509,521,796,796,651,651,668,682,682,714,714,734,734,752,752],"floor_reached":51,"playtime":2814,"items_purged":["Guardian:Strike_Guardian","Regret"],"score":972,"play_id":"9cac30fa-7167-458e-9a12-96d5a49235bc","local_time":"20210105170912","is_ascension_mode":true,"campfire_choices":[{"data":"expansioncontent:QuickStudy","floor":1.0,"key":"SMITH"},{"floor":6.0,"key":"RECALL"},{"data":"Guardian:PrismaticBeam","floor":11.0,"key":"SMITH"},{"floor":13.0,"key":"REST"},{"data":"Guardian:StasisField","floor":18.0,"key":"SMITH"},{"floor":23.0,"key":"REST"},{"data":"Guardian:DonusPower","floor":30.0,"key":"SMITH"},{"data":"Guardian:CurlUp","floor":35.0,"key":"SMITH"},{"floor":44.0,"key":"REST"}],"circlet_count":0,"master_deck":["Guardian:Defend_Guardian","Guardian:Defend_Guardian","Guardian:Defend_Guardian","Guardian:Defend_Guardian","Guardian:CurlUp+1","Guardian:TwinSlam+1","expansioncontent:QuickStudy+1","Guardian:MultiBeam+1","Guardian:PrimingBeam","Guardian:PrismaticBeam+1","Guardian:SentryBeam","Guardian:EvasiveProtocol","Guardian:VentSteam","Guardian:StasisField+1","Guardian:DonusPower+1","J.A.X.","Guardian:Gem_Fragmented","Guardian:SentryBeam","Guardian:AncientConstruct","Guardian:Gem_Green","Guardian:PrismaticBarrier","Guardian:Emergency+1"],"relics":["Guardian:ModeShifterPlus","Tiny Chest","Dream Catcher","Boot","downfall:HeartBlessingRed","Empty Cage","Centennial Puzzle","Whetstone","MutagenicStrength","Happy Flower","HandDrill","Strawberry","Ancient Tea Set","Question Card"],"acts_visited":["TheCity","TheBeyond"],"potions_floor_usage":[],"damage_taken":[{"damage":4.0,"enemies":"Small Slimes","floor":2.0,"turns":3.0},{"damage":0.0,"enemies":"Cultist","floor":3.0,"turns":3.0},{"damage":0.0,"enemies":"2 Louse","floor":4.0,"turns":1.0},{"damage":16.0,"enemies":"Gremlin Nob","floor":8.0,"turns":4.0},{"damage":3.0,"enemies":"Lots of Slimes","floor":9.0,"turns":3.0},{"damage":2.0,"enemies":"downfall:FleeingMerchant","floor":10.0,"turns":4.0},{"damage":7.0,"enemies":"Lagavulin","floor":12.0,"turns":5.0},{"damage":0.0,"enemies":"2 Fungi Beasts","floor":14.0,"turns":1.0},{"damage":0.0,"enemies":"Lots of Slimes","floor":15.0,"turns":1.0},{"damage":27.0,"enemies":"downfall:Silent","floor":16.0,"turns":6.0},{"damage":4.0,"enemies":"Shell Parasite","floor":19.0,"turns":3.0},{"damage":2.0,"enemies":"Centurion and Healer","floor":20.0,"turns":5.0},{"damage":18.0,"enemies":"Snake Plant","floor":22.0,"turns":4.0},{"damage":1.0,"enemies":"Snecko","floor":25.0,"turns":3.0},{"damage":6.0,"enemies":"downfall:FleeingMerchant","floor":27.0,"turns":4.0},{"damage":13.0,"enemies":"downfall:Augmenter","floor":29.0,"turns":8.0},{"damage":9.0,"enemies":"Cultist and Chosen","floor":31.0,"turns":3.0},{"damage":0.0,"enemies":"Centurion and Healer","floor":32.0,"turns":2.0},{"damage":9.0,"enemies":"downfall:Ironclad","floor":33.0,"turns":3.0},{"damage":0.0,"enemies":"3 Shapes","floor":36.0,"turns":3.0},{"damage":19.0,"enemies":"3 Darklings","floor":37.0,"turns":4.0},{"damage":0.0,"enemies":"Maw","floor":39.0,"turns":2.0},{"damage":3.0,"enemies":"downfall:FleeingMerchant","floor":40.0,"turns":3.0},{"damage":11.0,"enemies":"Transient","floor":42.0,"turns":5.0},{"damage":3.0,"enemies":"Sphere and 2 Shapes","floor":43.0,"turns":1.0},{"damage":3.0,"enemies":"Nemesis","floor":45.0,"turns":5.0},{"damage":5,"enemies":"Writhing Mass","floor":47,"turns":4},{"damage":3,"enemies":"Maw","floor":49,"turns":3},{"damage":3,"enemies":"downfall:Watcher","floor":50,"turns":5}],"seed_played":"1579254450265959501","potions_obtained":[{"floor":3.0,"key":"BlessingOfTheForge"},{"floor":4.0,"key":"FearPotion"},{"floor":8.0,"key":"Explosive Potion"},{"floor":15.0,"key":"Fire Potion"},{"floor":16.0,"key":"Regen Potion"},{"floor":26.0,"key":"SmokeBomb"},{"floor":31.0,"key":"Fruit Juice"},{"floor":33.0,"key":"Swift Potion"},{"floor":43.0,"key":"PowerPotion"},{"floor":45.0,"key":"FairyPotion"}],"is_trial":false,"path_per_floor":["R","M","M","M","?","R","T","E","M","$","R","E","R","M","M","B",null,"R","M","M","?","M","R","T","M","?","$","T","?","R","M","M","B",null,"R","M","M","?","M","$","T","M","M","R","E","T","M","?","M","B",null],"character_chosen":"GUARDIAN","items_purchased":["Guardian:PrismaticBeam","Happy Flower","HandDrill","Guardian:Gem_Fragmented"],"campfire_rested":3,"item_purchase_floors":[10,40,40,40],"current_hp_per_floor":[72,68,68,68,68,68,68,52,49,47,47,40,61,61,61,34,72,72,68,66,66,48,69,69,68,68,62,62,49,49,45,45,36,77,77,77,58,58,58,55,62,51,48,73,70,70,65,65,62,59],"gold":752,"neow_bonus":"RANDOM_COLORLESS_2","is_daily":false,"chose_seed":false,"campfire_upgraded":5,"win_rate":0.0,"timestamp":1609837752,"path_taken":["R","M","M","M","?","R","T","E","M","$","R","E","R","M","M","BOSS","R","M","?","?","M","R","T","M","?","$","?","?","R","M","M","BOSS","R","M","M","?","M","$","T","?","M","R","E","?","M","?","M","BOSS"],"items_purchased_type":["Card","Relic","Relic","Card"],"build_version":"2020-12-22","purchased_purges":2,"victory":true,"max_hp_per_floor":[72,72,72,72,72,72,72,72,72,72,72,72,72,72,72,72,72,72,72,72,72,72,72,72,72,72,72,72,72,72,77,77,77,77,77,77,77,77,77,77,84,84,84,84,84,84,84,84,84,84],"card_choices":[{"not_picked":["Sadistic Nature","Secret Technique"],"picked":"expansioncontent:QuickStudy","floor":0.0},{"not_picked":["Guardian:Gem_Cyan","Guardian:VentSteam"],"picked":"Guardian:Gem_Crimson","floor":2.0},{"not_picked":["Guardian:Recover","Guardian:Suspension"],"picked":"Guardian:MultiBeam","floor":3.0},{"not_picked":["Guardian:TemporalStrike","Guardian:PiercingHide"],"picked":"Guardian:Gem_Lightblue","floor":4.0},{"not_picked":["Guardian:Recover","Guardian:ChargeCore"],"picked":"Guardian:PrimingBeam","floor":8.0},{"not_picked":["Guardian:RollAttack","Guardian:Gem_Yellow"],"picked":"Guardian:Gem_Orange","floor":9.0},{"not_picked":["Guardian:TemporalStrike","Guardian:ShieldSpikes"],"picked":"Guardian:Gem_Synthetic","floor":10.0},{"not_picked":["Guardian:Gem_Green","Guardian:VentSteam"],"picked":"Guardian:SentryBeam","floor":12.0},{"not_picked":["Guardian:TimeBomb","Guardian:Recover"],"picked":"Guardian:EvasiveProtocol","floor":13.0},{"not_picked":["Guardian:Planning","Guardian:ShieldSpikes"],"picked":"Guardian:VentSteam","floor":14.0},{"not_picked":["Guardian:RefractedBeam","Guardian:RollAttack"],"picked":"Guardian:Gem_Fragmented","floor":15.0},{"not_picked":["Guardian:StasisEngine","Guardian:TimeSifter"],"picked":"Guardian:StasisField","floor":16.0},{"not_picked":["Guardian:SpikerProtocol","Guardian:GuardianWhirl"],"picked":"Guardian:Gem_Fragmented","floor":19.0},{"not_picked":["Guardian:WalkerClaw","Guardian:TemporalStrike"],"picked":"Guardian:FloatingOrbs","floor":20.0},{"not_picked":["Guardian:PrimingBeam","Guardian:GuardianWhirl"],"picked":"Guardian:Gem_Crimson","floor":22.0},{"not_picked":["Guardian:PrimingBeam","Guardian:Repulse","Guardian:VentSteam"],"picked":"SKIP","floor":25.0},{"not_picked":["Guardian:PiercingHide+1","Guardian:FuturePlans","Guardian:ShieldSpikes"],"picked":"SKIP","floor":27.0},{"not_picked":[],"picked":"J.A.X.","floor":29.0},{"not_picked":["Guardian:Gem_Green","Guardian:Gem_Lightblue"],"picked":"Guardian:Gem_Fragmented","floor":29.0},{"not_picked":["Guardian:PiercingHide+1","Guardian:Clone"],"picked":"Guardian:SentryBeam","floor":31.0},{"not_picked":["Guardian:TemporalStrike+1","Guardian:Suspension","Guardian:ChargeCore"],"picked":"SKIP","floor":32.0},{"not_picked":["Guardian:SphericShield","Guardian:RevengeProtocol"],"picked":"Guardian:AncientConstruct","floor":33.0},{"not_picked":["Guardian:Harden+1","Guardian:ArmoredProtocol+1"],"picked":"Guardian:Gem_Green","floor":36.0},{"not_picked":["Guardian:Reroute","Guardian:Orbwalk+1"],"picked":"Guardian:PrismaticBarrier","floor":37.0},{"not_picked":["Guardian:FloatingOrbs+1","Guardian:SentryBeam","Guardian:Clone"],"picked":"SKIP","floor":40.0},{"not_picked":["Guardian:Gem_Cyan","Guardian:PrimingBeam+1"],"picked":"Guardian:Gem_Purple","floor":42.0},{"not_picked":["Guardian:SpikerProtocol","Guardian:WalkerClaw+1"],"picked":"Guardian:Gem_Orange","floor":43.0},{"not_picked":["Guardian:TemporalStrike","Guardian:Incinerate","Guardian:BronzeOrb+1"],"picked":"SKIP","floor":45.0},{"not_picked":["Guardian:Gem_Red","Guardian:MultiBeam","Guardian:ShieldCharger","Guardian:ChargeCore"],"picked":"SKIP","floor":47},{"not_picked":["Guardian:Clone+1","Guardian:SpikerProtocol+1","Guardian:BronzeArmor+1"],"picked":"Guardian:Emergency+1","floor":49}],"player_experience":328503,"relics_obtained":[{"floor":7.0,"key":"Tiny Chest"},{"floor":8.0,"key":"Dream Catcher"},{"floor":12.0,"key":"Boot"},{"floor":24.0,"key":"Centennial Puzzle"},{"floor":28.0,"key":"Whetstone"},{"floor":29.0,"key":"MutagenicStrength"},{"floor":41.0,"key":"Strawberry"},{"floor":45.0,"key":"Ancient Tea Set"},{"floor":46.0,"key":"Question Card"}],"event_choices":[{"damage_healed":0.0,"max_hp_gain":0.0,"max_hp_loss":0.0,"gold_gain":0.0,"event_name":"Lab","player_choice":"Got Potions","floor":26.0,"gold_loss":0.0,"damage_taken":0.0},{"cards_removed":["Guardian:FloatingOrbs"],"damage_healed":0,"gold_gain":0,"player_choice":"Removed Power","damage_taken":0,"max_hp_gain":0,"max_hp_loss":0,"event_name":"Falling","floor":48,"gold_loss":0}],"is_beta":false,"boss_relics":[{"not_picked":["Runic Dome","Calling Bell"],"picked":"Empty Cage"},{"not_picked":["SacredBark","Runic Pyramid"],"picked":"Guardian:ModeShifterPlus"}],"items_purged_floors":[10,40],"is_endless":false,"potions_floor_spawned":[3,4,8,15,16,20,31,33,39,43,45,47],"ascension_level":4}}