{"host":"0azimyi6n3ugndj4","time":1609890862,"event":{"mods":["2.2 Compatiblity","BaseMod","Bestiary","Conspire","Curses Come First","Defuse TimeMaze Blight","Hermit","Hubris","Hyrulean Relics","Infinite Spire","Jorbs\u0027s Wanderer Trilogy","Minty Spire (QoL Compilation)","Relic Stats","Replay The Spire","StSLib","SuperFastMode","The Cursed","The Hierophant","Uncapped","¡¼?Úª?ø«¡½REMEMod"],"gold_per_floor":[183,183,314,153,203,253,400,450,450,128,325,41,202,310,270,579,579,670,823,873,1101,1151,1529,1579,1594,1594,1745,1131,1131,1131,1260,1461,1610,1610,1948,1948,2069,2119,2246,2467,2753,2904,2904,3059,3059,3236,3324,3324],"floor_reached":47,"playtime":1300,"items_purged":["Writhe"],"score":2440,"play_id":"6d568921-917f-4746-8faa-2f22dfb1a19f","local_time":"20210106085422","daily_mods":["SealedDeck","Hoarder","Insanity","Chimera","Specialized","Vintage","ControlledChaos","Allstar","Diverse","Colorless Cards","Heirloom","Time Dilation","Flight","DeadlyEvents","Elite Swarm","Lethality","Midas","Binary"],"is_ascension_mode":true,"campfire_choices":[{"floor":15.0,"key":"REST"},{"floor":34.0,"key":"REST"}],"circlet_count":0,"master_deck":["Demon Form","Echo Form","stsjorbsmod:ArcaneForm","stsjorbsmod:WastingForm","AscendersBane","hubris:Hubris","Bash","Survivor","Zap","Strike_R","Strike_G","Strike_B","Defend_R","Defend_G","Defend_P","Cloak And Dagger","Rebound","REME_Whirling","hierophant:HolyVerse","hierophant:SealAway","Steam Power","Replay:BluntJabs","hermit:HoleUp","hierophant:Shelter","Wild Strike","hermit:ItchyTrigger","hermit:Headshot","Turbo","hierophant:HolyVerse","hierophant:ThreeLashes","BasicCrystalCard","Choke","Blade Dance","TheCursedMod:SmokeScreen","Warcry","stsjorbsmod:DisguiseSelf","REME_DataAnalysis","Consume","hierophant:Flagellation","stsjorbsmod:ColorSpray","hierophant:FlamingChariot","hermit:Snipe","stsjorbsmod:ChatteringStrike","Quick Slash","Rebound","stsjorbsmod:Materialize","hermit:Misfire","TheCursedMod:FleshFromBone","BasicCrystalCard","Ball Lightning","hermit:Misfire","hierophant:Sermon","hierophant:Sermon","hubris:SlightOfHand","hubris:SharpeningStone","hierophant:AuricBeam","Run Through","Dagger Spray","Redo","Indignation","stsjorbsmod:Prestidigitation","REME_FirmDetermination","Choke","Acrobatics","REME_EmptyShield+1","REME_EmptyShield+1","REME_EmptyShield+1","REME_EmptyShield+1","REME_EmptyShield+1","REME_EmptyShield+1","REME_EmptyShield+1","REME_EmptyShield+1","REME_EmptyShield+1","REME_EmptyShield+1","REME_EmptyShield+1","REME_EmptyShield+1","REME_EmptyShield+1","REME_EmptyShield+1","Protect","Protect","Protect","hierophant:CursedGold","hierophant:CursedGold","ReplayGash","ReplayGash","ReplayGash","Sunder","Sunder","Sunder","Purity","Purity","Purity","Infinite Blades","Infinite Blades","Infinite Blades","hierophant:RepressedViolence","hierophant:RepressedViolence","hierophant:RepressedViolence","hierophant:Doubloon","hierophant:Doubloon","hierophant:Doubloon","Bane","Bane","Bane","ReplayTheSpireMod:Limb From Limb","ReplayTheSpireMod:Limb From Limb","ReplayTheSpireMod:Limb From Limb","hierophant:Doubloon","hierophant:Doubloon","hierophant:Doubloon","stsjorbsmod:FalseBlessings","stsjorbsmod:FalseBlessings","stsjorbsmod:FalseBlessings","TheCursedMod:CursedBlade+1","TheCursedMod:CursedBlade+1","TheCursedMod:CursedBlade+1","Writhe","Writhe","Decay","Decay","Decay","stsjorbsmod:Accumulation","stsjorbsmod:Accumulation","stsjorbsmod:Accumulation","ReplayTheSpireMod:Haul","ReplayTheSpireMod:Haul","ReplayTheSpireMod:Haul","hubris:DuctTapeCard","hubris:DuctTapeCard","hubris:DuctTapeCard"],"relics":["hermit:Momento","Frozen Eye","Busted Crown","REME_ComplimentaryCards","Thread and Needle","Kunai","SsserpentHead","conspire:Boomerang","zeldaRelics:Boomerang","infinitespire:Cubic Diamond","Quantum Egg","zeldaRelics:CourageTriforce","zeldaRelics:WisdomTriforce","ReplayTheSpireMod:Spearhead","Centennial Puzzle","hubris:EmptyBottle","Akabeko","Ornamental Fan","hubris:Metronome","hubris:ScarierMask","Replay:Bandana","MealTicket","infinitespire:EmpoweringShard","Replay:Rubber Ducky","Ring of Misfortune","Ring of Peace","zeldaRelics:PowerTriforce","infinitespire:ShieldingShard","REME_IWantAll","Tiny Chest","REME_HourglassOfDeath","Brimstone","hubris:ToyBattleship","Replay:Bottled Eggs","conspire:TopHat","SacredBark","Darkstone Periapt","Nunchaku","hubris:Zylophone","Bronze Scales","Black Star","Replay:Kaleidoscope","Replay:Ringing Soul","Replay:PocketPolymizer","hubris:DuctTape","Strawberry"],"acts_visited":["Exordium","TheCity","TheBeyond"],"potions_floor_usage":[42,42,46,46,47,47,47,47,47,47,47,47,47],"damage_taken":[{"damage":6.0,"enemies":"conspire:RoseBush","floor":1.0,"turns":3.0},{"damage":0.0,"enemies":"Cultist","floor":3.0,"turns":2.0},{"damage":11.0,"enemies":"Lagavulin","floor":7.0,"turns":3.0},{"damage":0.0,"enemies":"Gremlin Nob","floor":11.0,"turns":2.0},{"damage":0.0,"enemies":"Jaw Worm","floor":13.0,"turns":2.0},{"damage":0.0,"enemies":"2 Fungi Beasts","floor":14.0,"turns":2.0},{"damage":0.0,"enemies":"Fading Forest","floor":16.0,"turns":13.0},{"damage":9.0,"enemies":"conspire:FuzzyDice","floor":18.0,"turns":3.0},{"damage":10.0,"enemies":"Spheric Guardian","floor":19.0,"turns":3.0},{"damage":21.0,"enemies":"Book of Stabbing","floor":21.0,"turns":3.0},{"damage":0.0,"enemies":"conspire:Head Lice","floor":23.0,"turns":7.0},{"damage":0.0,"enemies":"Replay:Snechameleon","floor":25.0,"turns":4.0},{"damage":0.0,"enemies":"conspire:SneckoGhost","floor":27.0,"turns":5.0},{"damage":0.0,"enemies":"Cultist and Chosen","floor":31.0,"turns":2.0},{"damage":12.0,"enemies":"REME_1_Revenger","floor":32.0,"turns":3.0},{"damage":0.0,"enemies":"Snake Plant","floor":33.0,"turns":2.0},{"damage":0.0,"enemies":"Collector","floor":35.0,"turns":4.0},{"damage":0.0,"enemies":"3 Shapes","floor":37.0,"turns":3.0},{"damage":0.0,"enemies":"3 Darklings","floor":40.0,"turns":3.0},{"damage":0.0,"enemies":"Reptomancer","floor":41.0,"turns":4.0},{"damage":20,"enemies":"Nightmare","floor":42,"turns":6},{"damage":0,"enemies":"Giant Head","floor":44,"turns":5},{"damage":0,"enemies":"Nemesis","floor":46,"turns":3},{"damage":0,"enemies":"infinitespire:Three Voidlings","floor":47,"turns":2},{"damage":65,"enemies":"Nightmare_Alpha","floor":47,"turns":4}],"seed_played":"1338182589863803639","potions_obtained":[{"floor":7.0,"key":"DuplicationPotion"},{"floor":14.0,"key":"Dexterity Potion"},{"floor":19.0,"key":"Languid Potion"},{"floor":27.0,"key":"EntropicBrew"}],"is_trial":true,"path_per_floor":["M","?","M","$","?","T","E","T","T","$","E","$","M","M","R","B",null,"M","M","?","E","?","E","T","E","T","E","$","PTL","PTL","M","E","M","R","B",null,"M","?","T","M","E","NM","AVR","E","T","E","?"],"character_chosen":"IRONCLAD","items_purchased":["zeldaRelics:Boomerang","ReplayTheSpireMod:Spearhead","Centennial Puzzle","hubris:EmptyBottle","Akabeko","Tiny Chest","REME_HourglassOfDeath","Brimstone"],"campfire_rested":2,"item_purchase_floors":[4,10,10,12,12,28,28,28],"current_hp_per_floor":[68,68,74,74,63,63,52,52,52,52,52,52,52,52,74,74,75,66,56,50,29,29,29,29,29,29,29,44,44,44,44,32,32,54,54,70,70,70,70,70,70,50,50,50,53,60,0,0],"gold":3324,"neow_bonus":"","is_daily":false,"chose_seed":false,"campfire_upgraded":0,"win_rate":0.0,"timestamp":1609890862,"path_taken":["M","?","?","$","?","?","E","?","T","$","?","?","?","M","R","BOSS","M","?","?","?","?","?","?","E","T","E","$","PTL","PTL","M","?","?","R","BOSS","M","?","?","?","?","NM","AVR","E","T","E","?"],"items_purchased_type":["Relic","Relic","Relic","Relic","Relic","Relic","Relic","Relic"],"build_version":"2020-12-22","purchased_purges":1,"victory":false,"max_hp_per_floor":[75,75,75,75,75,75,75,75,75,75,75,75,75,75,75,75,75,75,75,75,75,75,75,75,75,75,75,75,75,75,75,75,75,75,75,75,75,75,75,75,75,75,75,75,78,85,85,85],"relic_stats":{"Darkstone Periapt":0,"counters":[26,94],"SsserpentHead":1000,"Centennial Puzzle":[18],"Nunchaku":[3],"Busted Crown":102,"Ornamental Fan":[72],"Bronze Scales":[42],"MealTicket":15,"Tiny Chest":1,"Black Star":2,"Kunai":[19],"obtain_stats":[{"infinitespire:Cubic Diamond":4,"REME_IWantAll":27,"Replay:Ringing Soul":44,"Centennial Puzzle":10,"infinitespire:ShieldingShard":26,"Strawberry":46,"MealTicket":19,"Kunai":1,"zeldaRelics:PowerPiece":23,"zeldaRelics:WisdomPiece":9,"hubris:DuctTape":45,"conspire:Boomerang":3,"Replay:Kaleidoscope":43,"zeldaRelics:CourageTriforce":8,"Akabeko":12,"hubris:Zylophone":41,"ReplayTheSpireMod:Spearhead":10,"REME_HourglassOfDeath":28,"Brimstone":28,"Bronze Scales":42,"infinitespire:EmpoweringShard":20,"hubris:ToyBattleship":31,"Black Star":43,"hermit:Momento":4,"Darkstone Periapt":39,"zeldaRelics:Boomerang":4,"hubris:Metronome":14,"Replay:PocketPolymizer":44,"SacredBark":36,"hubris:EmptyBottle":12,"Burning Blood":0,"zeldaRelics:WisdomTriforce":21,"conspire:TopHat":33,"Replay:Rubber Ducky":22,"Frozen Eye":0,"SsserpentHead":2,"Replay:Bandana":18,"Nunchaku":40,"Ring of Peace":22,"hubris:ScarierMask":17,"Tiny Chest":28,"zeldaRelics:CouragePiece":6,"Replay:Bottled Eggs":32,"Quantum Egg":5,"Thread and Needle":0,"zeldaRelics:PowerTriforce":25,"Busted Crown":0,"Ornamental Fan":13,"Ring of Misfortune":22,"REME_ComplimentaryCards":0},{"infinitespire:Cubic Diamond":3,"REME_IWantAll":14,"Replay:Ringing Soul":23,"Centennial Puzzle":4,"infinitespire:ShieldingShard":13,"Strawberry":24,"MealTicket":10,"Kunai":2,"zeldaRelics:PowerPiece":12,"zeldaRelics:WisdomPiece":4,"hubris:DuctTape":23,"conspire:Boomerang":3,"Replay:Kaleidoscope":22,"zeldaRelics:CourageTriforce":4,"Akabeko":5,"hubris:Zylophone":21,"ReplayTheSpireMod:Spearhead":4,"REME_HourglassOfDeath":14,"Brimstone":14,"Bronze Scales":22,"infinitespire:EmpoweringShard":10,"hubris:ToyBattleship":15,"Black Star":22,"hermit:Momento":3,"Darkstone Periapt":19,"zeldaRelics:Boomerang":3,"hubris:Metronome":7,"Replay:PocketPolymizer":23,"SacredBark":18,"hubris:EmptyBottle":5,"Burning Blood":0,"zeldaRelics:WisdomTriforce":11,"conspire:TopHat":17,"Replay:Rubber Ducky":11,"Frozen Eye":0,"SsserpentHead":2,"Replay:Bandana":9,"Nunchaku":20,"Ring of Peace":11,"hubris:ScarierMask":8,"Tiny Chest":14,"zeldaRelics:CouragePiece":3,"Replay:Bottled Eggs":16,"Quantum Egg":3,"Thread and Needle":0,"zeldaRelics:PowerTriforce":13,"Busted Crown":0,"Ornamental Fan":6,"Ring of Misfortune":11,"REME_ComplimentaryCards":0},{"infinitespire:Cubic Diamond":6,"REME_IWantAll":53,"Replay:Ringing Soul":85,"Centennial Puzzle":9,"infinitespire:ShieldingShard":48,"Strawberry":88,"MealTicket":34,"Kunai":4,"zeldaRelics:PowerPiece":44,"zeldaRelics:WisdomPiece":9,"hubris:DuctTape":85,"conspire:Boomerang":6,"Replay:Kaleidoscope":80,"zeldaRelics:CourageTriforce":9,"Akabeko":11,"hubris:Zylophone":74,"ReplayTheSpireMod:Spearhead":9,"REME_HourglassOfDeath":53,"Brimstone":53,"Bronze Scales":80,"infinitespire:EmpoweringShard":34,"hubris:ToyBattleship":55,"Black Star":80,"hermit:Momento":6,"Darkstone Periapt":67,"zeldaRelics:Boomerang":6,"hubris:Metronome":15,"Replay:PocketPolymizer":85,"SacredBark":64,"hubris:EmptyBottle":11,"Burning Blood":0,"zeldaRelics:WisdomTriforce":37,"conspire:TopHat":60,"Replay:Rubber Ducky":37,"Frozen Eye":0,"SsserpentHead":4,"Replay:Bandana":31,"Nunchaku":70,"Ring of Peace":37,"hubris:ScarierMask":28,"Tiny Chest":53,"zeldaRelics:CouragePiece":6,"Replay:Bottled Eggs":58,"Quantum Egg":6,"Thread and Needle":0,"zeldaRelics:PowerTriforce":48,"Busted Crown":0,"Ornamental Fan":13,"Ring of Misfortune":37,"REME_ComplimentaryCards":0}]},"card_choices":[],"player_experience":1561819,"relics_obtained":[{"floor":1.0,"key":"Kunai"},{"floor":3.0,"key":"conspire:Boomerang"},{"floor":6.0,"key":"zeldaRelics:CouragePiece"},{"floor":7.0,"key":"zeldaRelics:CouragePiece"},{"floor":8.0,"key":"zeldaRelics:CouragePiece"},{"floor":9.0,"key":"zeldaRelics:WisdomPiece"},{"floor":11.0,"key":"zeldaRelics:WisdomPiece"},{"floor":13.0,"key":"Ornamental Fan"},{"floor":14.0,"key":"hubris:Metronome"},{"floor":18.0,"key":"Replay:Bandana"},{"floor":19.0,"key":"MealTicket"},{"floor":21.0,"key":"zeldaRelics:WisdomPiece"},{"floor":22.0,"key":"Ring of Misfortune"},{"floor":22.0,"key":"Ring of Peace"},{"floor":23.0,"key":"zeldaRelics:PowerPiece"},{"floor":24.0,"key":"zeldaRelics:PowerPiece"},{"floor":25.0,"key":"zeldaRelics:PowerPiece"},{"floor":26.0,"key":"infinitespire:ShieldingShard"},{"floor":27.0,"key":"REME_IWantAll"},{"floor":31.0,"key":"hubris:ToyBattleship"},{"floor":32.0,"key":"Replay:Bottled Eggs"},{"floor":33.0,"key":"conspire:TopHat"},{"floor":39.0,"key":"Darkstone Periapt"},{"floor":40.0,"key":"Nunchaku"},{"floor":41.0,"key":"hubris:Zylophone"},{"floor":42,"key":"Bronze Scales"},{"floor":44,"key":"Replay:Ringing Soul"},{"floor":44,"key":"Replay:PocketPolymizer"},{"floor":45,"key":"hubris:DuctTape"},{"floor":46,"key":"Strawberry"}],"event_choices":[{"damage_healed":0.0,"max_hp_gain":0.0,"max_hp_loss":0.0,"gold_gain":0.0,"event_name":"FaceTrader","player_choice":"Trade","floor":2.0,"gold_loss":0.0,"damage_taken":0.0,"relics_obtained":["SsserpentHead"]},{"cards_removed":["Eruption"],"damage_healed":0.0,"max_hp_gain":0.0,"max_hp_loss":0.0,"gold_gain":0.0,"event_name":"Purifier","player_choice":"Purged","floor":2.0,"gold_loss":0.0,"damage_taken":0.0},{"damage_healed":0.0,"max_hp_gain":0.0,"max_hp_loss":0.0,"gold_gain":0.0,"event_name":"Scrap Ooze","player_choice":"Success","floor":5.0,"gold_loss":0.0,"damage_taken":11.0,"relics_obtained":["Quantum Egg"]},{"damage_healed":0.0,"max_hp_gain":0.0,"max_hp_loss":0.0,"gold_gain":0.0,"event_name":"The Woman in Blue","player_choice":"Bought 3 Potions","floor":15.0,"gold_loss":0.0,"damage_taken":0.0},{"damage_healed":0.0,"max_hp_gain":0.0,"max_hp_loss":0.0,"gold_gain":0.0,"event_name":"Knowing Skull","player_choice":"","floor":20.0,"potions_obtained":[],"gold_loss":0.0,"damage_taken":6.0,"cards_obtained":[]},{"cards_removed":["Flying Knee"],"damage_healed":0.0,"max_hp_gain":0.0,"max_hp_loss":0.0,"gold_gain":0.0,"event_name":"WeMeetAgain","player_choice":"Gave Card","floor":20.0,"gold_loss":0.0,"damage_taken":0.0,"relics_obtained":["infinitespire:EmpoweringShard"]},{"damage_healed":0.0,"max_hp_gain":0.0,"max_hp_loss":0.0,"gold_gain":0.0,"event_name":"The Mausoleum","player_choice":"Opened","floor":22.0,"gold_loss":0.0,"damage_taken":0.0,"relics_obtained":["Replay:Rubber Ducky"],"cards_obtained":["Writhe"]},{"damage_healed":0.0,"max_hp_gain":0.0,"max_hp_loss":0.0,"gold_gain":0.0,"event_name":"The Library","player_choice":"Read","floor":24.0,"gold_loss":0.0,"damage_taken":0.0,"cards_obtained":["stsjorbsmod:Accumulation"]},{"cards_removed":["hierophant:CursedGold"],"damage_healed":0.0,"max_hp_gain":0.0,"max_hp_loss":0.0,"gold_gain":0.0,"event_name":"Falling","player_choice":"Removed Power","floor":38.0,"gold_loss":0.0,"damage_taken":0.0},{"damage_healed":0.0,"max_hp_gain":0.0,"max_hp_loss":0.0,"gold_gain":0.0,"event_name":"Tomb of Lord Red Mask","player_choice":"Ignored","floor":38.0,"gold_loss":0.0,"damage_taken":0.0},{"damage_healed":0.0,"max_hp_gain":0.0,"max_hp_loss":0.0,"gold_gain":0.0,"event_name":"SensoryStone","player_choice":"Memory 1","floor":39.0,"gold_loss":0.0,"damage_taken":0.0}],"is_beta":false,"boss_relics":[{"not_picked":["conspire:SeveredTorchhead","Tiny House"],"picked":"hubris:ScarierMask"},{"not_picked":["REME_LowDesire","Calling Bell"],"picked":"SacredBark"}],"items_purged_floors":[43],"is_endless":true,"potions_floor_spawned":[7,14,19,21,25,27,37,41,47],"killed_by":"Nightmare_Alpha","ascension_level":20}}