{"host":"Qube","time":1609814554,"event":{"mods":["AchievementEnabler","BaseMod","Colored Map","Colored Powertips","Minty Spire (QoL Compilation)","Quick Restart","Random Character Button","StSLib"],"gold_per_floor":[117,128,140,190,208,208,220,255,281,296,296,309,322,349,349,349,349],"floor_reached":16,"playtime":734,"items_purged":[],"score":203,"play_id":"03aededf-8253-460f-846e-3f9c34576aa7","local_time":"20210104184234","is_ascension_mode":true,"campfire_choices":[{"data":"Evolve","floor":6.0,"key":"SMITH"},{"data":"Searing Blow","floor":11.0,"key":"SMITH"},{"data":"Searing Blow+1","floor":15,"key":"SMITH"}],"circlet_count":0,"master_deck":["AscendersBane","Strike_R","Strike_R","Strike_R","Strike_R","Strike_R","Defend_R","Defend_R","Defend_R","Defend_R","Bash+1","Wild Strike","Evolve+1","Burning Pact","Ghostly Armor","Searing Blow+2","Dual Wield","Rampage"],"relics":["Burning Blood","Ancient Tea Set","Omamori","Pen Nib"],"acts_visited":["Exordium"],"potions_floor_usage":[14],"damage_taken":[{"damage":3.0,"enemies":"2 Louse","floor":1.0,"turns":3.0},{"damage":1.0,"enemies":"Cultist","floor":2.0,"turns":4.0},{"damage":13.0,"enemies":"Jaw Worm","floor":3.0,"turns":4.0},{"damage":0.0,"enemies":"2 Fungi Beasts","floor":5.0,"turns":3.0},{"damage":6.0,"enemies":"Blue Slaver","floor":7.0,"turns":6.0},{"damage":25.0,"enemies":"Gremlin Nob","floor":8.0,"turns":4.0},{"damage":19.0,"enemies":"Large Slime","floor":10.0,"turns":5.0},{"damage":0.0,"enemies":"Exordium Wildlife","floor":12.0,"turns":4.0},{"damage":6.0,"enemies":"Looter","floor":13.0,"turns":2.0},{"damage":27,"enemies":"3 Sentries","floor":14,"turns":11},{"damage":8,"enemies":"Slime Boss","floor":16,"turns":4}],"seed_played":"-6715472352751875014","potions_obtained":[{"floor":3.0,"key":"SkillPotion"},{"floor":5.0,"key":"Dexterity Potion"},{"floor":7.0,"key":"DistilledChaos"},{"floor":8.0,"key":"Fire Potion"},{"floor":12.0,"key":"Energy Potion"}],"is_trial":false,"path_per_floor":["M","M","M","?","M","R","M","E","T","M","R","M","M","E","R","B"],"character_chosen":"IRONCLAD","items_purchased":[],"campfire_rested":0,"item_purchase_floors":[],"current_hp_per_floor":[71,75,68,61,67,67,67,48,48,35,35,41,41,20,20,12,12],"gold":349,"neow_bonus":"UPGRADE_CARD","is_daily":false,"chose_seed":false,"campfire_upgraded":3,"win_rate":0.0,"timestamp":1609814554,"path_taken":["M","M","M","?","M","R","M","E","T","M","R","M","?","E","R","BOSS"],"items_purchased_type":[],"build_version":"2020-12-18","purchased_purges":0,"victory":false,"max_hp_per_floor":[75,75,75,75,75,75,75,75,75,75,75,75,75,75,75,75,75],"card_choices":[{"not_picked":["Bloodletting","Blood for Blood"],"picked":"Wild Strike","floor":1.0},{"not_picked":["Clash","Second Wind"],"picked":"Evolve","floor":2.0},{"not_picked":["Clothesline","Disarm"],"picked":"Burning Pact","floor":3.0},{"not_picked":["Warcry","Pommel Strike"],"picked":"Ghostly Armor","floor":5.0},{"not_picked":["Ghostly Armor","Evolve"],"picked":"Searing Blow","floor":7.0},{"not_picked":["Body Slam","Perfected Strike","Shrug It Off"],"picked":"SKIP","floor":8.0},{"not_picked":["Havoc","Anger"],"picked":"Dual Wield","floor":10.0},{"not_picked":["Body Slam","Inflame","Thunderclap"],"picked":"SKIP","floor":12.0},{"not_picked":["Headbutt","Ghostly Armor","Thunderclap"],"picked":"SKIP","floor":13.0},{"not_picked":["Metallicize","Cleave"],"picked":"Rampage","floor":14}],"player_experience":768775,"relics_obtained":[{"floor":8.0,"key":"Ancient Tea Set"},{"floor":9.0,"key":"Omamori"},{"floor":14,"key":"Pen Nib"}],"event_choices":[{"damage_healed":0.0,"max_hp_gain":0.0,"max_hp_loss":0.0,"gold_gain":50.0,"event_name":"FaceTrader","player_choice":"Touch","floor":4.0,"gold_loss":0.0,"damage_taken":7.0}],"is_beta":true,"boss_relics":[],"items_purged_floors":[],"is_endless":false,"potions_floor_spawned":[3,5,7,8,12],"killed_by":"Slime Boss","ascension_level":15}}