{"host":"ig7tc0uedzltt2sr","time":1609828540,"event":{"mods":["BaseMod","Better Twitch Integration","Block Reminder","Colored Map","Colored Powertips","Communication Mod","Current Relic Mod","GifTheSpireLib","HexUI Lib","Minty Spire (QoL Compilation)","Quick Restart","Random Character Button","Rare Cards Sparkle","Relic Sorter","Relic Stats","Slay the Relics Exporter","StSLib","SuperFastMode","Synergy Search","Twitch Decklist","Twitch Utils","everything is the same but u backflip on backflip","slay the spire mod where everything is the same but ironclad has a cowboy hat"],"gold_per_floor":[115,115,115,129,140,140,105,105,178,190,190,190,202,277,277,277,277],"floor_reached":16,"playtime":93,"items_purged":[],"score":90,"play_id":"5c636835-5289-4ac7-9333-f7796d5c8700","local_time":"20210104223540","is_ascension_mode":false,"campfire_choices":[{"data":"Defend_R","floor":6,"key":"SMITH"},{"data":"Bash","floor":8,"key":"SMITH"},{"data":"Searing Blow","floor":12,"key":"SMITH"},{"data":"Strike_R","floor":15,"key":"SMITH"}],"circlet_count":0,"master_deck":["Strike_R+1","Strike_R","Strike_R","Strike_R","Defend_R+1","Defend_R","Defend_R","Defend_R","Bash+1","Combust","Flame Barrier","Iron Wave","Searing Blow+1","Rage","Burning Pact"],"relics":["Burning Blood","InkBottle"],"acts_visited":["Exordium"],"potions_floor_usage":[],"damage_taken":[{"damage":32,"enemies":"Cultist","floor":1,"turns":8},{"damage":5,"enemies":"Jaw Worm","floor":4,"turns":4},{"damage":4,"enemies":"2 Louse","floor":5,"turns":3},{"damage":31,"enemies":"2 Fungi Beasts","floor":10,"turns":8},{"damage":11,"enemies":"Blue Slaver","floor":13,"turns":6},{"damage":53,"enemies":"Hexaghost","floor":16,"turns":12}],"seed_played":"-950276330596681697","potions_obtained":[{"floor":1,"key":"AttackPotion"},{"floor":10,"key":"SpeedPotion"}],"is_trial":false,"path_per_floor":["M","?","$","M","M","R","?","R","T","M","?","R","M","?","R","B"],"character_chosen":"IRONCLAD","items_purchased":[],"campfire_rested":0,"item_purchase_floors":[],"current_hp_per_floor":[62,62,62,63,65,65,87,87,87,62,67,67,62,51,51,0,0],"gold":277,"neow_bonus":"TEN_PERCENT_HP_BONUS","is_daily":false,"chose_seed":false,"campfire_upgraded":4,"win_rate":0.0,"timestamp":1609828540,"path_taken":["M","?","$","M","M","R","?","R","T","M","?","R","M","?","R","BOSS"],"items_purchased_type":[],"build_version":"2020-12-22","purchased_purges":0,"victory":false,"max_hp_per_floor":[88,88,88,88,88,88,88,88,88,88,93,93,93,93,93,93,93],"relic_stats":{"counters":[6,41],"obtain_stats":[{"Burning Blood":0,"InkBottle":9},{"Burning Blood":0,"InkBottle":3},{"Burning Blood":0,"InkBottle":15}],"Burning Blood":30,"InkBottle":[5]},"card_choices":[{"not_picked":["Second Wind","Dual Wield"],"picked":"Combust","floor":1},{"not_picked":["Havoc","True Grit"],"picked":"Iron Wave","floor":4},{"not_picked":["Clash","Pommel Strike"],"picked":"Searing Blow","floor":5},{"not_picked":["Headbutt","Shockwave"],"picked":"Rage","floor":10},{"not_picked":["Feel No Pain","Wild Strike"],"picked":"Burning Pact","floor":13}],"player_experience":1428562,"relics_obtained":[{"floor":9,"key":"InkBottle"}],"event_choices":[{"damage_healed":0,"gold_gain":0,"cards_transformed":["Strike_R"],"player_choice":"Change","damage_taken":0,"max_hp_gain":0,"max_hp_loss":0,"event_name":"Living Wall","floor":2,"gold_loss":0,"cards_obtained":["Flame Barrier"]},{"damage_healed":22,"gold_gain":0,"player_choice":"Healed","damage_taken":0,"max_hp_gain":0,"max_hp_loss":0,"event_name":"The Cleric","floor":7,"gold_loss":35},{"damage_healed":0,"gold_gain":0,"player_choice":"Donut","damage_taken":0,"max_hp_gain":5,"max_hp_loss":0,"event_name":"Big Fish","floor":11,"gold_loss":0},{"damage_healed":0,"gold_gain":75,"player_choice":"Gather Gold","damage_taken":11,"max_hp_gain":0,"max_hp_loss":0,"event_name":"World of Goop","floor":14,"gold_loss":0}],"is_beta":false,"boss_relics":[],"items_purged_floors":[],"is_endless":false,"potions_floor_spawned":[1,10],"killed_by":"Hexaghost","ascension_level":0}}