{"host":"tjicewryrzew529r","time":1609857306,"event":{"mods":["AchievementEnabler","BaseMod","Block Reminder","Colored Map","Downfall","Googly Eyes","Highlight Path","Minty Spire (QoL Compilation)","StSLib"],"gold_per_floor":[99,109,119,135,135,45,45,72,57,71,84,99,24,44,64,162,162,87,104,118,137,137,237,237,10,10,0,0,0,14,30,48,152,152,77,94,111,163,163,163,218,383,383,403,278,278,38,38,52,52,52,78,10,10,10],"floor_reached":56,"playtime":5735,"items_purged":["champ:Strike","champ:Strike","champ:Strike"],"score":1151,"play_id":"2aab8832-2ebf-43ca-bf22-c3dd7c786773","local_time":"20210105223506","is_ascension_mode":false,"campfire_choices":[{"data":"champ:Taunt","floor":1,"key":"SMITH"},{"floor":13,"key":"RECALL"},{"data":"champ:StrikeOfGenius","floor":18,"key":"SMITH"},{"data":"champ:VampiricStrike","floor":29,"key":"SMITH"},{"data":"champ:SteelEdge","floor":35,"key":"SMITH"},{"data":"expansioncontent:HyperBeam","floor":40,"key":"SMITH"},{"data":"expansioncontent:CaCaw","floor":43,"key":"SMITH"},{"data":"champ:DeathBlow","floor":46,"key":"SMITH"},{"data":"champ:PreciseThrust","floor":54,"key":"SMITH"}],"circlet_count":0,"master_deck":["champ:Defend","champ:Defend","champ:Defend","champ:Defend","champ:Execute","champ:Taunt+1","champ:BringItOn","champ:IronFortress","champ:RapidStrikes+1","champ:RapidStrikes","champ:ArenaPreparation","champ:SteelEdge+1","champ:GutPunch","champ:FanOfKnives+1","champ:Lariat","champ:DeathBlow+1","champ:StrikeOfGenius+1","champ:Encircle","champ:VampiricStrike+1","champ:HeartStrike","champ:IronFortress+1","champ:LastStand","champ:EnragedBash+1","champ:IgnorePain","expansioncontent:BronzeBeam","expansioncontent:CaCaw+1","expansioncontent:HyperBeam+1","champ:FocusedDefense+1","expansioncontent:DecasProtection","Panacea","champ:IgnorePain","champ:PreciseThrust+1"],"relics":["champ:ChampionCrown","Mercury Hourglass","Question Card","downfall:HeartBlessingGreen","Busted Crown","downfall:HeartBlessingRed","champ:DefensiveTrainingManual","champ:BlackKnightHelmet","Sundial","Sozu","downfall:HeartBlessingBlue","Potion Belt","Bag of Marbles","Whetstone","Eternal Feather"],"acts_visited":["Exordium","TheCity","TheBeyond","TheEnding"],"potions_floor_usage":[8,16,16,25,27,30,33,33,55],"damage_taken":[{"damage":11,"enemies":"Jaw Worm","floor":2,"turns":5},{"damage":11,"enemies":"Cultist","floor":3,"turns":4},{"damage":0,"enemies":"2 Louse","floor":4,"turns":2},{"damage":15,"enemies":"downfall:FleeingMerchant","floor":6,"turns":4},{"damage":20,"enemies":"3 Sentries","floor":8,"turns":12},{"damage":10,"enemies":"downfall:FleeingMerchant","floor":9,"turns":4},{"damage":10,"enemies":"Large Slime","floor":10,"turns":5},{"damage":53,"enemies":"Exordium Wildlife","floor":11,"turns":4},{"damage":6,"enemies":"Red Slaver","floor":12,"turns":3},{"damage":16,"enemies":"Blue Slaver","floor":14,"turns":4},{"damage":21,"enemies":"Exordium Thugs","floor":15,"turns":2},{"damage":64,"enemies":"downfall:Silent","floor":16,"turns":8},{"damage":21,"enemies":"3 Byrds","floor":19,"turns":3},{"damage":18,"enemies":"Shell Parasite","floor":20,"turns":4},{"damage":31,"enemies":"Shelled Parasite and Fungi","floor":21,"turns":6},{"damage":83,"enemies":"Shelled Parasite and Fungi","floor":23,"turns":8},{"damage":44,"enemies":"downfall:FleeingMerchant","floor":25,"turns":4},{"damage":30,"enemies":"downfall:FleeingMerchant","floor":27,"turns":4},{"damage":17,"enemies":"Chosen and Byrds","floor":30,"turns":3},{"damage":33,"enemies":"Cultist and Chosen","floor":31,"turns":4},{"damage":12,"enemies":"Centurion and Healer","floor":32,"turns":4},{"damage":82,"enemies":"downfall:Watcher","floor":33,"turns":6},{"damage":39,"enemies":"3 Shapes","floor":36,"turns":7},{"damage":58,"enemies":"3 Darklings","floor":37,"turns":3},{"damage":16,"enemies":"downfall:FleeingMerchant","floor":42,"turns":2},{"damage":21,"enemies":"Transient","floor":44,"turns":5},{"damage":28,"enemies":"Maw","floor":49,"turns":6},{"damage":124,"enemies":"downfall:Defect","floor":50,"turns":5},{"damage":97,"enemies":"downfall:CharBossMerchant","floor":52,"turns":6},{"damage":215,"enemies":"downfall:NeowBoss","floor":55,"turns":17}],"seed_played":"3310739894727408371","potions_obtained":[{"floor":2,"key":"BlessingOfTheForge"},{"floor":8,"key":"Weak Potion"},{"floor":10,"key":"LiquidBronze"},{"floor":12,"key":"Swift Potion"},{"floor":16,"key":"Strength Potion"},{"floor":21,"key":"LiquidBronze"},{"floor":23,"key":"champ:TechniquePotion"},{"floor":30,"key":"champ:OpenerPotion"},{"floor":31,"key":"Ancient Potion"},{"floor":32,"key":"Energy Potion"}],"is_trial":false,"path_per_floor":["R","M","M","M","?","$","T","E","$","M","M","M","R","M","M","B",null,"R","M","M","M","?","?","T","$","?","$","?","R","M","M","M","B",null,"R","M","M","?","?","R","T","$","R","M","$","R","$","?","M","B",null,"E","$","R","B",null],"character_chosen":"THE_CHAMP","items_purchased":["champ:VampiricStrike","champ:HeartStrike","expansioncontent:DecasProtection","Whetstone","Panacea","champ:PreciseThrust"],"campfire_rested":0,"item_purchase_floors":[25,25,42,47,47,53],"current_hp_per_floor":[99,93,92,92,92,87,87,80,80,80,62,59,59,51,51,33,99,99,91,89,73,73,48,48,33,33,20,20,20,20,30,60,89,99,109,104,90,90,80,80,80,86,86,109,109,109,109,109,109,58,109,109,109,109,77],"gold":10,"neow_bonus":"TEN_PERCENT_HP_BONUS","is_daily":false,"chose_seed":false,"campfire_upgraded":8,"win_rate":0.0,"timestamp":1609857306,"path_taken":["R","M","M","M","?","?","T","E","$","M","M","M","R","?","M","BOSS","R","M","M","M","?","?","T","$","?","$","?","R","M","?","M","BOSS","R","M","M","?","?","R","T","$","R","M","$","R","$","?","M","BOSS","E","$","R","BOSS"],"items_purchased_type":["Card","Card","Card","Relic","Card","Card"],"build_version":"2020-12-22","purchased_purges":3,"victory":true,"max_hp_per_floor":[99,99,99,99,99,99,99,99,99,99,99,99,99,99,99,99,99,99,99,99,99,99,99,99,99,99,99,99,99,99,99,99,99,99,109,109,109,109,109,109,109,109,109,109,109,109,109,109,109,109,109,109,109,109,109],"card_choices":[{"not_picked":["champ:AdrenalArmor","champ:BladeFlurry"],"picked":"champ:BringItOn","floor":2},{"not_picked":["champ:BringItOn","champ:BladeFlurry"],"picked":"champ:IronFortress","floor":3},{"not_picked":["champ:PerfectedStrike","champ:GutPunch"],"picked":"champ:RapidStrikes","floor":4},{"not_picked":["champ:EnragedBash","champ:CalledShot"],"picked":"champ:ArenaPreparation","floor":6},{"not_picked":["champ:ArenaPreparation","champ:BringItOn","champ:BladeFlurry"],"picked":"SKIP","floor":8},{"not_picked":["champ:GutPunch","champ:AdrenalArmor","champ:PerfectedStrike"],"picked":"champ:SteelEdge","floor":9},{"not_picked":["champ:AdrenalArmor","champ:IronFortress","champ:Circumvent"],"picked":"champ:GutPunch","floor":10},{"not_picked":["champ:ArenaPreparation","champ:GladiatorsShout","champ:PerfectedStrike"],"picked":"champ:FanOfKnives","floor":11},{"not_picked":["champ:ShieldWall","champ:TornadoPunch","champ:StanceDance"],"picked":"champ:Lariat","floor":12},{"not_picked":["champ:Riposte","champ:AdrenalArmor","champ:CrookedStrike","champ:BladeFlurry"],"picked":"SKIP","floor":14},{"not_picked":["champ:MurderStrike","champ:PerfectedStrike","champ:Circumvent"],"picked":"champ:DeathBlow","floor":15},{"not_picked":["champ:HeavySlash","champ:CrownThrow","champ:LastStand"],"picked":"champ:StrikeOfGenius","floor":16},{"not_picked":["champ:BladeFlurry","champ:GladiatorsShout"],"picked":"SKIP","floor":19},{"not_picked":["champ:BladeFlurry","champ:ArenaPreparation"],"picked":"SKIP","floor":20},{"not_picked":["champ:CrookedStrike","champ:DefensiveShout"],"picked":"SKIP","floor":21},{"not_picked":["champ:StanceDance"],"picked":"champ:Encircle","floor":25},{"not_picked":["champ:AdrenalArmor+1"],"picked":"champ:IronFortress+1","floor":27},{"not_picked":["champ:RapidStrikes","champ:GladiatorStyle"],"picked":"SKIP","floor":30},{"not_picked":["champ:FanOfKnives"],"picked":"champ:LastStand","floor":31},{"not_picked":["champ:GladiatorsShout+1"],"picked":"champ:EnragedBash+1","floor":32},{"not_picked":["champ:Devastate"],"picked":"champ:IgnorePain","floor":33},{"not_picked":["champ:TornadoPunch","champ:GutPunch+1"],"picked":"SKIP","floor":36},{"not_picked":["champ:BerserkersShout+1","champ:TornadoPunch+1"],"picked":"SKIP","floor":37},{"not_picked":["expansioncontent:SuperHexaguard"],"picked":"expansioncontent:BronzeBeam","floor":39},{"not_picked":["expansioncontent:ManipulateTime"],"picked":"expansioncontent:CaCaw","floor":39},{"not_picked":["expansioncontent:DefensiveMode"],"picked":"expansioncontent:HyperBeam","floor":39},{"not_picked":["champ:StanceDance"],"picked":"champ:FocusedDefense+1","floor":42},{"not_picked":["champ:BerserkerStyle","champ:FanOfKnives+1"],"picked":"SKIP","floor":44},{"not_picked":["champ:DefensiveShout+1","champ:AdrenalArmor+1"],"picked":"SKIP","floor":49},{"not_picked":["champ:VampiricStrike"],"picked":"champ:IgnorePain","floor":52}],"player_experience":415475,"relics_obtained":[{"floor":7,"key":"Mercury Hourglass"},{"floor":8,"key":"Question Card"},{"floor":23,"key":"champ:BlackKnightHelmet"},{"floor":23,"key":"Sundial"},{"floor":38,"key":"Potion Belt"},{"floor":41,"key":"Bag of Marbles"},{"floor":52,"key":"Eternal Feather"}],"event_choices":[{"damage_healed":0,"gold_gain":0,"cards_transformed":["champ:Strike"],"player_choice":"Transformed","damage_taken":0,"max_hp_gain":0,"max_hp_loss":0,"event_name":"Transmorgrifier","floor":5,"gold_loss":0,"cards_obtained":["champ:RapidStrikes"]}],"is_beta":false,"boss_relics":[{"not_picked":["SlaversCollar","Fusion Hammer"],"picked":"Busted Crown"},{"not_picked":["Calling Bell","Tiny House"],"picked":"Sozu"}],"items_purged_floors":[6,42,45],"is_endless":false,"potions_floor_spawned":[2,8,10,12,16,21,23,30,31,32,44,49,52],"ascension_level":0}}