{"host":"l84l8xigz5v5foa2","time":1609865198,"event":{"mods":["2.2 Compatiblity","AchievementEnabler","BaseMod","Better Note","Better Vampires","Card Filter","Colored Map","DeckTracker","Downfall","Gremlin Skip","Highlight Path","Keyboard Shortcuts","Minty Spire (QoL Compilation)","Permanent Neow","Quick Restart","Relic Filter","Relic Stats","StSLib","SuperFastMode","Transform Curses","Unknown Chances"],"gold_per_floor":[99,115,128,138,149,149,149,149,167,196,225,225,278,298,312,388,388,388,404,168,184,201,126,126,126,136,136,148,164,164,187,197,274,274,274,209,209,144,154,154,154,285,210,244,244,273,198,198,217,217,217,245,195,195,195],"floor_reached":56,"playtime":3469,"items_purged":["hexamod:Strike","hexamod:Strike","hexamod:Strike","hexamod:Strike+1","hexamod:Sear"],"score":2239,"play_id":"23f652ab-5893-45ab-9173-f9347c847465","local_time":"20210106014638","is_ascension_mode":true,"campfire_choices":[{"data":"hexamod:Float","floor":1.0,"key":"SMITH"},{"data":"hexamod:GhostOfSpirePast","floor":6.0,"key":"SMITH"},{"data":"hexamod:FastForward","floor":8.0,"key":"SMITH"},{"data":"hexamod:HexaLevel","floor":18.0,"key":"SMITH"},{"floor":23.0,"key":"REST"},{"data":"hexamod:ShieldOfDarkness","floor":25.0,"key":"SMITH"},{"data":"hexamod:Rewind","floor":27.0,"key":"SMITH"},{"floor":30.0,"key":"REST"},{"data":"hexamod:ApocalypticArmor","floor":35.0,"key":"SMITH"},{"floor":40.0,"key":"RECALL"},{"data":"hexamod:NecessarySacrifice","floor":43.0,"key":"SMITH"},{"data":"hexamod:TimeOfNeed","floor":45.0,"key":"SMITH"},{"data":"hexamod:Defend","floor":47.0,"key":"SMITH"},{"floor":54.0,"key":"REST"}],"circlet_count":0,"master_deck":["AscendersBane","hexamod:Defend+1","hexamod:Defend+1","hexamod:Defend+1","hexamod:Defend+1","hexamod:Float+1","hexamod:FastForward+1","hexamod:GhostOfSpirePast+1","hexamod:DynamicBlow+1","hexamod:SoulSteal+1","hexamod:GhostShield+1","hexamod:HauntingEcho","hexamod:HexaLevel+1","hexamod:SixthSeal","hexamod:SpectersWail+1","hexamod:ThirdSeal","hexamod:PowerFromBeyond+1","hexamod:GhostLash+1","hexamod:ShieldOfDarkness+1","hexamod:Rewind+1","hexamod:ShieldOfDarkness+1","hexamod:ThermalTransfer+1","hexamod:FirstSeal","hexamod:TimeOfNeed+1","hexamod:ApocalypticArmor+1","hexamod:StepThrough+1","hexamod:GhostShield+1","hexamod:PhantomFireball+1","hexamod:StepThrough+1","hexamod:NecessarySacrifice+1","hexamod:StepThrough+1","hexamod:HexaLevel+1","hexamod:Rewind+1","hexamod:SkipABeat+1"],"relics":["hexamod:SpiritBrand","Smiling Mask","WingedGreaves","Odd Mushroom","Matryoshka","White Beast Statue","SlaversCollar","sneckomod:BlankCard","downfall:HeartBlessingBlue","hexamod:MatchstickCase","Letter Opener","Tiny Chest","sneckomod:SneckoTalon","Regal Pillow","Oddly Smooth Stone","downfall:HeartBlessingRed","Bag of Preparation","hexamod:BolsterEngine","downfall:HeartBlessingGreen","Shuriken","Happy Flower"],"acts_visited":["Exordium","TheCity","TheBeyond","TheEnding"],"potions_floor_usage":[55,55],"damage_taken":[{"damage":0.0,"enemies":"Cultist","floor":2.0,"turns":3.0},{"damage":2.0,"enemies":"2 Louse","floor":3.0,"turns":3.0},{"damage":0.0,"enemies":"Small Slimes","floor":4.0,"turns":4.0},{"damage":0.0,"enemies":"Blue Slaver","floor":5.0,"turns":3.0},{"damage":7.0,"enemies":"Exordium Thugs","floor":9.0,"turns":3.0},{"damage":0.0,"enemies":"The Mushroom Lair","floor":10.0,"turns":3.0},{"damage":6.0,"enemies":"Lagavulin","floor":11.0,"turns":5.0},{"damage":14.0,"enemies":"Gremlin Gang","floor":14.0,"turns":4.0},{"damage":0.0,"enemies":"Red Slaver","floor":15.0,"turns":4.0},{"damage":24.0,"enemies":"downfall:Defect","floor":16.0,"turns":5.0},{"damage":4.0,"enemies":"3 Byrds","floor":19.0,"turns":4.0},{"damage":0.0,"enemies":"downfall:FleeingMerchant","floor":20.0,"turns":4.0},{"damage":21.0,"enemies":"Snake Plant","floor":21.0,"turns":5.0},{"damage":19.0,"enemies":"Cultist and Chosen","floor":22.0,"turns":5.0},{"damage":19.0,"enemies":"Centurion and Healer","floor":26.0,"turns":8.0},{"damage":0.0,"enemies":"Chosen and Byrds","floor":28.0,"turns":5.0},{"damage":11.0,"enemies":"Cultist and Chosen","floor":29.0,"turns":6.0},{"damage":0.0,"enemies":"3 Cultists","floor":32.0,"turns":3.0},{"damage":0.0,"enemies":"downfall:Ironclad","floor":33.0,"turns":7.0},{"damage":9.0,"enemies":"downfall:FleeingMerchant","floor":36.0,"turns":4.0},{"damage":0.0,"enemies":"downfall:FleeingMerchant","floor":38.0,"turns":4.0},{"damage":0.0,"enemies":"3 Darklings","floor":39.0,"turns":9.0},{"damage":0.0,"enemies":"downfall:FleeingMerchant","floor":42.0,"turns":3.0},{"damage":8.0,"enemies":"Reptomancer","floor":44.0,"turns":7.0},{"damage":11.0,"enemies":"Giant Head","floor":46.0,"turns":9.0},{"damage":0.0,"enemies":"3 Shapes","floor":49.0,"turns":4.0},{"damage":27.0,"enemies":"downfall:Silent","floor":50.0,"turns":10.0},{"damage":41.0,"enemies":"downfall:CharBossMerchant","floor":52.0,"turns":8.0},{"damage":0,"enemies":"downfall:NeowBoss","floor":55,"turns":22}],"seed_played":"4036930995148945904","potions_obtained":[{"floor":3.0,"key":"Weak Potion"},{"floor":4.0,"key":"CultistPotion"},{"floor":9.0,"key":"Strength Potion"},{"floor":14.0,"key":"EntropicBrew"},{"floor":16.0,"key":"Weak Potion"},{"floor":19.0,"key":"ColorlessPotion"},{"floor":21.0,"key":"Fire Potion"},{"floor":22.0,"key":"Swift Potion"},{"floor":26.0,"key":"Fire Potion"},{"floor":28.0,"key":"ColorlessPotion"},{"floor":29.0,"key":"Energy Potion"},{"floor":32.0,"key":"SpeedPotion"},{"floor":33.0,"key":"LiquidBronze"},{"floor":36.0,"key":"AttackPotion"},{"floor":38.0,"key":"champ:CounterPotion"},{"floor":39.0,"key":"DistilledChaos"},{"floor":42.0,"key":"Fire Potion"},{"floor":44.0,"key":"AttackPotion"},{"floor":49.0,"key":"DuplicationPotion"},{"floor":52.0,"key":"Swift Potion"}],"is_trial":false,"path_per_floor":["R","M","M","M","M","R","T","R","M","?","E","?","T","M","M","B",null,"R","M","$","M","M","R","T","R","M","R","M","M","R","T","M","B",null,"R","$","?","$","M","R","T","?","R","E","R","E","R","T","M","B",null,"E","$","R","B",null],"character_chosen":"THE_SPIRIT","items_purchased":["sneckomod:BlankCard","Oddly Smooth Stone"],"campfire_rested":3,"item_purchase_floors":[20,42],"current_hp_per_floor":[57,57,55,55,55,55,55,55,48,48,42,42,42,28,28,4,48,48,44,44,23,4,35,35,35,16,16,16,5,26,26,26,33,63,63,61,61,68,73,73,73,73,73,72,72,61,61,61,68,41,65,31,31,67,67],"gold":195,"neow_bonus":"RANDOM_COMMON_RELIC","is_daily":false,"chose_seed":false,"campfire_upgraded":10,"win_rate":0.0,"timestamp":1609865198,"path_taken":["R","M","M","M","M","R","T","R","?","?","E","?","?","?","M","BOSS","R","?","$","M","M","R","T","R","M","R","M","M","R","?","M","BOSS","R","$","?","$","?","R","T","?","R","E","R","E","R","?","M","BOSS","E","$","R","BOSS"],"items_purchased_type":["Relic","Relic"],"build_version":"2020-12-22","purchased_purges":5,"victory":true,"max_hp_per_floor":[63,63,63,63,63,63,63,63,63,63,63,63,63,63,63,63,63,63,63,63,63,63,73,73,73,73,73,73,73,73,73,73,73,73,73,73,73,73,73,73,73,73,73,73,73,73,73,73,73,73,73,73,73,73,73],"relic_stats":{"Regal Pillow":15,"Happy Flower":[7],"counters":[29,164],"Shuriken":[17],"Tiny Chest":1,"Bag of Preparation":[10],"Letter Opener":[270],"Smiling Mask":375,"obtain_stats":[{"Regal Pillow":41,"downfall:HeartBlessingRed":43,"Happy Flower":52,"sneckomod:BlankCard":20,"Oddly Smooth Stone":42,"downfall:HeartBlessingGreen":47,"Bag of Preparation":44,"Letter Opener":24,"Odd Mushroom":10,"Smiling Mask":0,"sneckomod:SneckoTalon":34,"White Beast Statue":13,"hexamod:MatchstickCase":24,"SlaversCollar":17,"Matryoshka":11,"downfall:HeartBlessingBlue":23,"Shuriken":48,"Tiny Chest":31,"WingedGreaves":7,"hexamod:BolsterEngine":46,"hexamod:SpiritBrand":0},{"Regal Pillow":22,"downfall:HeartBlessingRed":23,"Happy Flower":28,"sneckomod:BlankCard":12,"Oddly Smooth Stone":23,"downfall:HeartBlessingGreen":25,"Bag of Preparation":24,"Letter Opener":14,"Odd Mushroom":6,"Smiling Mask":0,"sneckomod:SneckoTalon":19,"White Beast Statue":7,"hexamod:MatchstickCase":14,"SlaversCollar":10,"Matryoshka":7,"downfall:HeartBlessingBlue":14,"Shuriken":25,"Tiny Chest":17,"WingedGreaves":4,"hexamod:BolsterEngine":25,"hexamod:SpiritBrand":0},{"Regal Pillow":101,"downfall:HeartBlessingRed":104,"Happy Flower":142,"sneckomod:BlankCard":45,"Oddly Smooth Stone":104,"downfall:HeartBlessingGreen":120,"Bag of Preparation":111,"Letter Opener":55,"Odd Mushroom":19,"Smiling Mask":0,"sneckomod:SneckoTalon":84,"White Beast Statue":24,"hexamod:MatchstickCase":55,"SlaversCollar":37,"Matryoshka":24,"downfall:HeartBlessingBlue":55,"Shuriken":120,"Tiny Chest":74,"WingedGreaves":13,"hexamod:BolsterEngine":120,"hexamod:SpiritBrand":0}]},"card_choices":[{"not_picked":["hexamod:GhostShield","hexamod:ShieldOfDarkness"],"picked":"hexamod:FastForward","floor":2.0},{"not_picked":["hexamod:FourthSeal","hexamod:PhantomFireball"],"picked":"hexamod:GhostOfSpirePast","floor":3.0},{"not_picked":["hexamod:ThermalTransfer","hexamod:Again"],"picked":"hexamod:DynamicBlow","floor":4.0},{"not_picked":["hexamod:GhostShield","hexamod:PhantomCloak"],"picked":"hexamod:SoulSteal","floor":5.0},{"not_picked":["hexamod:Again","hexamod:RecurringNightmare"],"picked":"hexamod:GhostShield","floor":9.0},{"not_picked":["hexamod:PhantomCloak","hexamod:GhostOfSpirePresent"],"picked":"hexamod:HauntingEcho","floor":10.0},{"not_picked":["hexamod:HauntingEcho","hexamod:EtherealExpedition"],"picked":"hexamod:HexaLevel","floor":11.0},{"not_picked":["hexamod:FastForward","hexamod:BurningTouch","hexamod:Firestarter"],"picked":"SKIP","floor":14.0},{"not_picked":["hexamod:ChargedBarrage","hexamod:EmpoweredFlame","hexamod:GhostShield"],"picked":"SKIP","floor":15.0},{"not_picked":["hexamod:ApocalypticArmor","hexamod:Toasty"],"picked":"hexamod:SixthSeal","floor":16.0},{"not_picked":["hexamod:BurningTouch+1","hexamod:SpectralAdrenaline"],"picked":"hexamod:SpectersWail","floor":19.0},{"not_picked":["hexamod:Hexaguard","hexamod:EtherealExpedition"],"picked":"hexamod:ThirdSeal","floor":20.0},{"not_picked":["hexamod:RainOfEmbers","hexamod:FlamesFromBeyond"],"picked":"hexamod:PowerFromBeyond","floor":21.0},{"not_picked":["hexamod:SwordOfDarkness","hexamod:BurningTouch","hexamod:SpectersWail"],"picked":"SKIP","floor":21.0},{"not_picked":["hexamod:ShieldOfDarkness","hexamod:NightmareStrike"],"picked":"hexamod:GhostLash","floor":22.0},{"not_picked":["hexamod:InspiringFlames","hexamod:SixthSeal"],"picked":"hexamod:ShieldOfDarkness","floor":22.0},{"not_picked":["hexamod:ShieldOfDarkness","hexamod:BacktrackSmack"],"picked":"hexamod:Rewind","floor":26.0},{"not_picked":["hexamod:HeatShield","hexamod:FastForward+1","hexamod:SwordOfDarkness"],"picked":"SKIP","floor":26.0},{"not_picked":["hexamod:ThermalTransfer","hexamod:NightmareGuise"],"picked":"hexamod:ShieldOfDarkness+1","floor":28.0},{"not_picked":["hexamod:RainOfEmbers","hexamod:BurningTouch"],"picked":"hexamod:ThermalTransfer","floor":28.0},{"not_picked":["hexamod:RainOfEmbers","hexamod:ThirdSeal"],"picked":"hexamod:FirstSeal","floor":29.0},{"not_picked":["hexamod:NightmareGuise","hexamod:ExtraCrispy","hexamod:BurningTouch+1"],"picked":"SKIP","floor":32.0},{"not_picked":["hexamod:ParanormalForm","hexamod:ApocalypticArmor"],"picked":"hexamod:TimeOfNeed","floor":33.0},{"not_picked":["hexamod:VolcanoVisage","hexamod:UnleashSpirits"],"picked":"hexamod:ApocalypticArmor","floor":33.0},{"not_picked":["hexamod:SkipABeat+1","hexamod:BurningTouch"],"picked":"hexamod:StepThrough","floor":36.0},{"not_picked":["hexamod:FastForward+1","hexamod:SpectralSpark"],"picked":"hexamod:GhostShield","floor":36.0},{"not_picked":["hexamod:ThirdSeal","hexamod:NightmareGuise"],"picked":"hexamod:PhantomFireball","floor":38.0},{"not_picked":["hexamod:RainOfEmbers","hexamod:SearingWound","hexamod:GhostLash"],"picked":"SKIP","floor":38.0},{"not_picked":["hexamod:EmpoweringStance","hexamod:HauntingEcho+1"],"picked":"hexamod:StepThrough","floor":39.0},{"not_picked":["hexamod:GhostLash+1","hexamod:HauntingEcho","hexamod:Firestarter"],"picked":"SKIP","floor":39.0},{"not_picked":["hexamod:SecondSeal","hexamod:BurningTouch"],"picked":"hexamod:NecessarySacrifice","floor":42.0},{"not_picked":["hexamod:Hexaguard+1","hexamod:HauntingEcho"],"picked":"hexamod:StepThrough+1","floor":44.0},{"not_picked":["hexamod:RainOfEmbers","hexamod:PowerFromBeyond","hexamod:NightmareStrike"],"picked":"SKIP","floor":44.0},{"not_picked":["hexamod:HeatMetal","hexamod:NightmareGuise"],"picked":"hexamod:HexaLevel","floor":46.0},{"not_picked":["hexamod:NecessarySacrifice","hexamod:DynamicBlow+1","hexamod:RecurringNightmare+1"],"picked":"SKIP","floor":46.0},{"not_picked":["hexamod:FirstSeal","hexamod:NightmareStrike"],"picked":"hexamod:Rewind","floor":49.0},{"not_picked":["hexamod:ExtraCrispy","hexamod:ThermalTransfer","hexamod:GhostLash"],"picked":"SKIP","floor":49.0},{"not_picked":["hexamod:HeatCrush","hexamod:FastForward"],"picked":"hexamod:SkipABeat+1","floor":52.0},{"not_picked":["hexamod:HeatCrush","hexamod:FlamesFromBeyond","hexamod:SearingWound"],"picked":"SKIP","floor":52.0}],"player_experience":2886605,"relics_obtained":[{"floor":7.0,"key":"WingedGreaves"},{"floor":10.0,"key":"Odd Mushroom"},{"floor":11.0,"key":"Matryoshka"},{"floor":13.0,"key":"White Beast Statue"},{"floor":24.0,"key":"hexamod:MatchstickCase"},{"floor":24.0,"key":"Letter Opener"},{"floor":31.0,"key":"Tiny Chest"},{"floor":41.0,"key":"Regal Pillow"},{"floor":44.0,"key":"Bag of Preparation"},{"floor":46.0,"key":"hexamod:BolsterEngine"},{"floor":48.0,"key":"Shuriken"},{"floor":52.0,"key":"Happy Flower"}],"event_choices":[{"damage_healed":0.0,"max_hp_gain":0.0,"max_hp_loss":0.0,"gold_gain":0.0,"event_name":"Mushrooms","player_choice":"Fought Mushrooms","floor":10.0,"gold_loss":0.0,"damage_taken":0.0},{"damage_healed":0.0,"max_hp_gain":0.0,"max_hp_loss":0.0,"gold_gain":0.0,"event_name":"Lab","player_choice":"Got Potions","floor":37.0,"gold_loss":0.0,"damage_taken":0.0}],"is_beta":false,"boss_relics":[{"not_picked":["Cursed Key","Runic Pyramid"],"picked":"SlaversCollar"},{"not_picked":["Empty Cage","Coffee Dripper"],"picked":"sneckomod:SneckoTalon"}],"items_purged_floors":[20,36,38,42,53],"is_endless":false,"potions_floor_spawned":[3,4,9,14,15,16,19,20,21,22,26,28,29,32,33,36,38,39,42,44,49,52],"ascension_level":20}}