{"host":"sum4dy402bbv9y4o","time":1609888201,"event":{"mods":["Aspiration","BaseMod","Conspire","Highlight Path","Minty Spire (QoL Compilation)","StSLib"],"gold_per_floor":[119,4,4,79,22,22,47,47,47,75,92,17,17,29,29,100,100,135,23,23,43,43,74,1,15,15,27,71,83,111,123,135,219,231,256,268,13,13,52,77,77,109,109,120,120,120],"floor_reached":45,"playtime":1839,"items_purged":["Strike_P","Strike_P"],"score":1180,"play_id":"e7a6953d-0398-4436-b922-7b27eb0188e5","local_time":"20210106021001","is_ascension_mode":true,"campfire_choices":[{"data":"Eruption","floor":6,"key":"SMITH"},{"data":"SashWhip","floor":8,"key":"SMITH"},{"data":"TalkToTheHand","floor":15,"key":"SMITH"},{"data":"TalkToTheHand","floor":27,"key":"SMITH"},{"floor":29,"key":"REST"},{"data":"MentalFortress","floor":32,"key":"SMITH"},{"floor":41,"key":"REST"}],"circlet_count":0,"master_deck":["AscendersBane","Defend_P","Defend_P","Eruption+1","Vigilance","SashWhip+1","TalkToTheHand+1","Consecrate","EmptyFist","Halt","ReachHeaven","MentalFortress+1","FollowUp","Judgement","SandsOfTime","TalkToTheHand+1","Perseverance","Wallop+1","Unload","Die Die Die","PiercingWail","EmptyBody","FlurryOfBlows+1","ClearTheMind","Brilliance","Weave","MentalFortress","JustLucky","HandOfGreed","JustLucky","JustLucky","BowlingBash+1"],"relics":["PureWater","NeowsBlessing","aspiration:ChemicalBlood","Matryoshka","Toy Ornithopter","Boot","Blue Candle","MawBank","aspiration:HatOfInfinitePower","conspire:GlowingRock","SacredBark","Ice Cream","Bottled Flame","Anchor","conspire:Dentures"],"acts_visited":["Exordium","TheCity","TheBeyond"],"potions_floor_usage":[16,16,18,21,21,28,28,28,33,33,33,33,33,35,35,40,40,40,42,42,45,45],"damage_taken":[{"damage":0,"enemies":"Small Slimes","floor":1,"turns":1},{"damage":0,"enemies":"3 Sentries","floor":7,"turns":2},{"damage":0,"enemies":"Gremlin Nob","floor":10,"turns":1},{"damage":0,"enemies":"Jaw Worm","floor":11,"turns":3},{"damage":0,"enemies":"2 Louse","floor":14,"turns":3},{"damage":45,"enemies":"The Guardian","floor":16,"turns":6},{"damage":9,"enemies":"Chosen","floor":18,"turns":6},{"damage":6,"enemies":"3 Byrds","floor":21,"turns":7},{"damage":0,"enemies":"conspire:Head Lice","floor":23,"turns":4},{"damage":17,"enemies":"conspire:HollyBat","floor":25,"turns":11},{"damage":19,"enemies":"Slavers","floor":28,"turns":4},{"damage":0,"enemies":"Shelled Parasite and Fungi","floor":30,"turns":4},{"damage":75,"enemies":"Collector","floor":33,"turns":14},{"damage":17,"enemies":"3 Darklings","floor":35,"turns":9},{"damage":0,"enemies":"Orb Walker","floor":39,"turns":5},{"damage":45,"enemies":"Nemesis","floor":40,"turns":7},{"damage":45,"enemies":"Giant Head","floor":42,"turns":8},{"damage":0,"enemies":"4 Shapes","floor":44,"turns":3},{"damage":22,"enemies":"Writhing Mass","floor":45,"turns":3}],"seed_played":"5289160679934579745","potions_obtained":[{"floor":1,"key":"Regen Potion"},{"floor":16,"key":"ColorlessPotion"},{"floor":18,"key":"EssenceOfSteel"},{"floor":21,"key":"Fruit Juice"},{"floor":28,"key":"Fire Potion"},{"floor":30,"key":"LiquidMemories"},{"floor":33,"key":"SkillPotion"},{"floor":39,"key":"LiquidMemories"},{"floor":40,"key":"Block Potion"},{"floor":40,"key":"Strength Potion"}],"is_trial":false,"path_per_floor":["M","$","?","?","$","R","E","R","T","E","M","$","?","M","R","B",null,"M","$","?","M","?","E","?","M","T","R","E","R","M","?","R","B",null,"M","?","$","?","M","E","R","E","T","M","M"],"character_chosen":"WATCHER","items_purchased":["TalkToTheHand","Consecrate","EmptyFist","TalkToTheHand","Perseverance","MentalFortress","JustLucky","Strength Potion"],"campfire_rested":2,"item_purchase_floors":[2,2,5,19,19,37,37,37],"current_hp_per_floor":[61,61,61,50,50,50,50,50,50,50,50,50,50,50,50,30,59,55,55,51,60,60,60,60,43,43,43,39,60,60,60,60,10,57,50,50,50,50,50,20,41,6,6,6,0,0],"gold":120,"neow_bonus":"THREE_ENEMY_KILL","is_daily":false,"chose_seed":false,"campfire_upgraded":5,"win_rate":0.0,"timestamp":1609888201,"path_taken":["M","$","?","?","$","R","E","R","T","E","M","$","?","M","R","BOSS","M","$","?","M","?","E","?","?","T","R","E","R","M","?","R","BOSS","M","?","$","?","M","E","R","E","T","M","M"],"items_purchased_type":["Card","Card","Card","Card","Card","Card","Card","Potion"],"build_version":"2020-12-22","purchased_purges":2,"victory":false,"max_hp_per_floor":[68,68,68,68,68,68,68,68,68,68,68,68,68,68,68,68,68,68,68,68,73,73,73,73,73,73,73,73,73,73,73,73,73,73,73,73,73,73,73,73,73,73,73,73,73,73],"card_choices":[{"not_picked":["Swivel","Halt"],"picked":"SashWhip","floor":1},{"not_picked":["ClearTheMind","SandsOfTime"],"picked":"Halt","floor":7},{"not_picked":["ThirdEye","BattleHymn"],"picked":"ReachHeaven","floor":10},{"not_picked":["Consecrate","FollowUp"],"picked":"MentalFortress","floor":11},{"not_picked":["Protect","BowlingBash"],"picked":"FollowUp","floor":14},{"not_picked":["SpiritShield","Wish"],"picked":"Judgement","floor":16},{"not_picked":["ClearTheMind","Evaluate"],"picked":"SandsOfTime","floor":18},{"not_picked":["WreathOfFlame","ReachHeaven"],"picked":"Wallop+1","floor":21},{"not_picked":["LikeWater","BowlingBash"],"picked":"EmptyBody","floor":23},{"not_picked":["InnerPeace","Evaluate"],"picked":"FlurryOfBlows+1","floor":25},{"not_picked":["Vault","Wireheading"],"picked":"ClearTheMind","floor":28},{"not_picked":["Evaluate","Crescendo","Worship"],"picked":"SKIP","floor":30},{"not_picked":["Blasphemy","Vault"],"picked":"Brilliance","floor":33},{"not_picked":["CutThroughFate+1","Prostrate"],"picked":"Weave","floor":35},{"not_picked":["Blind","PanicButton"],"picked":"HandOfGreed","floor":38},{"not_picked":["EmptyBody","FlyingSleeves"],"picked":"JustLucky","floor":39},{"not_picked":["EmptyFist","ThirdEye","Prostrate"],"picked":"SKIP","floor":40},{"not_picked":["Pray","Prostrate"],"picked":"JustLucky","floor":42},{"not_picked":["CrushJoints+1","Pray"],"picked":"BowlingBash+1","floor":44}],"player_experience":2910178,"relics_obtained":[{"floor":7,"key":"aspiration:ChemicalBlood"},{"floor":9,"key":"Matryoshka"},{"floor":10,"key":"Toy Ornithopter"},{"floor":23,"key":"Boot"},{"floor":26,"key":"MawBank"},{"floor":26,"key":"aspiration:HatOfInfinitePower"},{"floor":28,"key":"conspire:GlowingRock"},{"floor":40,"key":"Ice Cream"},{"floor":42,"key":"Bottled Flame"},{"floor":43,"key":"Anchor"},{"floor":43,"key":"conspire:Dentures"}],"event_choices":[{"damage_healed":0,"gold_gain":75,"player_choice":"Gather Gold","damage_taken":11,"max_hp_gain":0,"max_hp_loss":0,"event_name":"World of Goop","floor":4,"gold_loss":0},{"damage_healed":0,"gold_gain":0,"player_choice":"Ignored","damage_taken":0,"max_hp_gain":0,"max_hp_loss":0,"event_name":"Golden Idol","floor":13,"gold_loss":0},{"damage_healed":0,"gold_gain":0,"player_choice":"Leave","damage_taken":0,"max_hp_gain":0,"max_hp_loss":0,"event_name":"conspire:Investor","floor":20,"gold_loss":0},{"damage_healed":0,"gold_gain":0,"player_choice":"Paid Gold","damage_taken":0,"relics_obtained":["Blue Candle"],"max_hp_gain":0,"max_hp_loss":0,"event_name":"WeMeetAgain","floor":24,"gold_loss":73},{"damage_healed":0,"gold_gain":0,"player_choice":"Ignored","damage_taken":0,"max_hp_gain":0,"max_hp_loss":0,"event_name":"Vampires","floor":31,"gold_loss":0},{"cards_removed":["Defend_P"],"damage_healed":0,"gold_gain":0,"player_choice":"Removed Skill","damage_taken":0,"max_hp_gain":0,"max_hp_loss":0,"event_name":"Falling","floor":36,"gold_loss":0},{"damage_healed":0,"gold_gain":0,"player_choice":"Memory 1","damage_taken":0,"max_hp_gain":0,"max_hp_loss":0,"event_name":"SensoryStone","floor":38,"gold_loss":0}],"is_beta":false,"boss_relics":[{"not_picked":["conspire:RunicOctahedron","aspiration:RitualDagger","Snecko Eye"]},{"not_picked":["Busted Crown","aspiration:FutureDiary"],"picked":"SacredBark"}],"items_purged_floors":[12,37],"is_endless":false,"potions_floor_spawned":[1,16,21,30,33,39],"killed_by":"Writhing Mass","ascension_level":20}}