{"host":"Timothy","time":1609851938,"event":{"mods":["AchievementEnabler","BaseMod","Bestiary","Highlight Path","Minty Spire (QoL Compilation)","Quick Restart","Slay-I"],"gold_per_floor":[110,110,37,54,69,69,98,124,178,178,193,222,241,241,241,346,346,395,320,7,7,26,26,38,64,88,88,118,141,141,190,190,190,190],"floor_reached":33,"playtime":1799,"items_purged":[],"score":293,"play_id":"c2fa04a7-a55f-4cd1-b869-18933af3a367","local_time":"20210105050538","is_ascension_mode":false,"campfire_choices":[{"data":"Eruption","floor":6.0,"key":"SMITH"},{"data":"Crescendo","floor":10.0,"key":"SMITH"},{"data":"Fasting2","floor":15.0,"key":"SMITH"},{"data":"LikeWater","floor":27,"key":"SMITH"},{"data":"Panache","floor":30,"key":"SMITH"},{"data":"Consecrate","floor":32,"key":"SMITH"}],"circlet_count":0,"master_deck":["Strike_P","Defend_P","Defend_P","Eruption+1","Vigilance","FlurryOfBlows","LikeWater+1","FearNoEvil","Crescendo+1","FearNoEvil","Fasting2+1","FollowUp","Vault","ReachHeaven+1","LikeWater+1","Wish+1","FlurryOfBlows","Panache+1","Adaptation+1","FlurryOfBlows","Consecrate+1"],"relics":["VioletLotus","Odd Mushroom","Anchor","Bag of Preparation","Boot","Astrolabe","DollysMirror","Smiling Mask","MealTicket","Darkstone Periapt"],"acts_visited":["TheCity"],"potions_floor_usage":[],"damage_taken":[{"damage":1.0,"enemies":"Jaw Worm","floor":1.0,"turns":6.0},{"damage":2.0,"enemies":"Cultist","floor":4.0,"turns":3.0},{"damage":0.0,"enemies":"2 Louse","floor":5.0,"turns":3.0},{"damage":4.0,"enemies":"The Mushroom Lair","floor":7.0,"turns":3.0},{"damage":19.0,"enemies":"Gremlin Nob","floor":8.0,"turns":5.0},{"damage":0.0,"enemies":"Blue Slaver","floor":11.0,"turns":3.0},{"damage":11.0,"enemies":"Lagavulin","floor":12.0,"turns":4.0},{"damage":0.0,"enemies":"Red Slaver","floor":13.0,"turns":2.0},{"damage":14.0,"enemies":"Slime Boss","floor":16.0,"turns":7.0},{"damage":6.0,"enemies":"3 Byrds","floor":18.0,"turns":5.0},{"damage":0.0,"enemies":"Spheric Guardian","floor":22.0,"turns":3.0},{"damage":0,"enemies":"Chosen and Byrds","floor":24,"turns":7},{"damage":19,"enemies":"Slavers","floor":25,"turns":4},{"damage":10,"enemies":"Book of Stabbing","floor":28,"turns":3},{"damage":1,"enemies":"Snecko","floor":31,"turns":5},{"damage":98,"enemies":"Automaton","floor":33,"turns":6}],"seed_played":"-8686499876991430588","potions_obtained":[{"floor":2.0,"key":"Fire Potion"},{"floor":2.0,"key":"SteroidPotion"},{"floor":2.0,"key":"EssenceOfSteel"},{"floor":5.0,"key":"SteroidPotion"},{"floor":8.0,"key":"Swift Potion"},{"floor":12.0,"key":"Weak Potion"},{"floor":13.0,"key":"BlessingOfTheForge"},{"floor":22.0,"key":"SpeedPotion"}],"is_trial":false,"path_per_floor":["M","?","$","M","M","R","?","E","T","R","M","E","M","?","R","B",null,"M","?","$","?","M","$","M","E","T","R","E","T","R","M","R","B"],"character_chosen":"WATCHER","items_purchased":["LikeWater","DollysMirror","Panache"],"campfire_rested":0,"item_purchase_floors":[3,20,20],"current_hp_per_floor":[71,71,71,69,69,69,65,46,46,46,46,35,35,35,35,21,72,66,66,66,53,53,53,53,34,34,34,24,24,24,23,23,0,0],"gold":190,"neow_bonus":"BOSS_RELIC","is_daily":false,"chose_seed":false,"campfire_upgraded":6,"win_rate":0.0,"timestamp":1609851938,"path_taken":["M","?","$","?","?","R","?","E","T","R","M","E","M","?","R","BOSS","M","?","$","?","M","?","M","E","T","R","E","?","R","M","R","BOSS"],"items_purchased_type":["Card","Relic","Card"],"build_version":"2020-12-18","purchased_purges":0,"victory":false,"max_hp_per_floor":[72,72,72,72,72,72,72,72,72,72,72,72,72,72,72,72,72,72,72,72,77,77,77,77,77,77,77,77,77,77,77,77,77,77],"card_choices":[{"not_picked":["BowlingBash","Consecrate"],"picked":"FlurryOfBlows","floor":1.0},{"not_picked":["WindmillStrike","JustLucky","FollowUp"],"picked":"SKIP","floor":4.0},{"not_picked":["ClearTheMind","Protect"],"picked":"FearNoEvil","floor":5.0},{"not_picked":["CarveReality","WaveOfTheHand"],"picked":"Crescendo","floor":8.0},{"not_picked":["WheelKick","ClearTheMind"],"picked":"FearNoEvil","floor":11.0},{"not_picked":["Wallop","Protect"],"picked":"Fasting2","floor":12.0},{"not_picked":["SashWhip","Consecrate"],"picked":"FollowUp","floor":13.0},{"not_picked":["Blasphemy","Brilliance"],"picked":"Vault","floor":16.0},{"not_picked":["Halt","Worship","EmptyFist"],"picked":"SKIP","floor":18.0},{"not_picked":["WindmillStrike","Prostrate"],"picked":"Adaptation+1","floor":22.0},{"not_picked":["ThirdEye","EmptyBody+1"],"picked":"FlurryOfBlows","floor":24},{"not_picked":["Wish","ThirdEye+1","SignatureMove+1"],"picked":"SKIP","floor":25},{"not_picked":["SashWhip","Protect","Wish"],"picked":"SKIP","floor":28},{"not_picked":["SashWhip","ThirdEye"],"picked":"Consecrate","floor":31}],"player_experience":751357,"relics_obtained":[{"floor":7.0,"key":"Odd Mushroom"},{"floor":8.0,"key":"Anchor"},{"floor":9.0,"key":"Bag of Preparation"},{"floor":12.0,"key":"Boot"},{"floor":25,"key":"Smiling Mask"},{"floor":26,"key":"MealTicket"},{"floor":28,"key":"Darkstone Periapt"}],"event_choices":[{"damage_healed":0.0,"max_hp_gain":0.0,"max_hp_loss":0.0,"gold_gain":0.0,"event_name":"Lab","player_choice":"Got Potions","floor":2.0,"gold_loss":0.0,"damage_taken":0.0},{"damage_healed":0.0,"max_hp_gain":0.0,"max_hp_loss":0.0,"gold_gain":0.0,"event_name":"Mushrooms","player_choice":"Fought Mushrooms","floor":7.0,"gold_loss":0.0,"damage_taken":0.0},{"cards_removed":["Strike_P"],"damage_healed":0.0,"max_hp_gain":0.0,"max_hp_loss":0.0,"gold_gain":0.0,"event_name":"Purifier","player_choice":"Purged","floor":14.0,"gold_loss":0.0,"damage_taken":0.0},{"cards_removed":["Defend_P"],"damage_healed":0.0,"max_hp_gain":0.0,"max_hp_loss":0.0,"gold_gain":0.0,"event_name":"Beggar","player_choice":"Gave Gold","floor":19.0,"gold_loss":75.0,"damage_taken":0.0},{"damage_healed":0.0,"max_hp_gain":5.0,"max_hp_loss":0.0,"gold_gain":0.0,"event_name":"Forgotten Altar","player_choice":"Shed Blood","floor":21.0,"gold_loss":0.0,"damage_taken":18.0}],"is_beta":true,"boss_relics":[{"not_picked":["Empty Cage","Tiny House"],"picked":"Astrolabe"}],"items_purged_floors":[],"is_endless":false,"potions_floor_spawned":[5,8,12,13,22,25],"killed_by":"Automaton","ascension_level":0}}