{"host":"p4zclu0beiy6gkiq","time":1609863326,"event":{"mods":["AchievementEnabler","BaseMod","Bestiary","Colored Map","Colored Powertips","DeckTracker","Minty Spire (QoL Compilation)","Quick Restart","StSLib","SuperFastMode","The Cursed"],"gold_per_floor":[110,60,60,22,22,53,78,78,78],"floor_reached":8,"playtime":1165,"items_purged":[],"score":65,"play_id":"e18cdf7d-70d8-437f-9ef3-7fa1b220545a","local_time":"20210106011526","is_ascension_mode":true,"campfire_choices":[],"circlet_count":0,"master_deck":["Strike_R","Strike_R","Strike_R","Strike_R","Defend_R","Defend_R","Defend_R","Defend_R","Bash","Cleave","Blood for Blood","Burning Pact","Shrug It Off","Armaments"],"relics":["Burning Blood","Incense Burner","Golden Idol","Unceasing Top"],"acts_visited":["Exordium"],"potions_floor_usage":[8],"damage_taken":[{"damage":6,"enemies":"Cultist","floor":1,"turns":4},{"damage":22,"enemies":"3 Sentries","floor":6,"turns":8},{"damage":5,"enemies":"Small Slimes","floor":7,"turns":3},{"damage":70,"enemies":"Lagavulin","floor":8,"turns":10}],"seed_played":"7597604916389852012","potions_obtained":[{"floor":7,"key":"BloodPotion"}],"is_trial":false,"path_per_floor":["M","?","?","$","?","E","M","E"],"character_chosen":"IRONCLAD","items_purchased":["Burning Pact"],"campfire_rested":0,"item_purchase_floors":[4],"current_hp_per_floor":[80,80,80,80,60,44,45,0,0],"gold":78,"neow_bonus":"ONE_RARE_RELIC","is_daily":false,"chose_seed":false,"campfire_upgraded":0,"win_rate":0.0,"timestamp":1609863326,"path_taken":["M","?","?","$","?","E","M","E"],"items_purchased_type":["Card"],"build_version":"2020-12-22","purchased_purges":0,"victory":false,"max_hp_per_floor":[80,80,80,80,80,80,80,80,80],"card_choices":[{"not_picked":["Clothesline","Sword Boomerang"],"picked":"Cleave","floor":1},{"not_picked":["Flex","Headbutt"],"picked":"Shrug It Off","floor":6},{"not_picked":["True Grit","Body Slam"],"picked":"Armaments","floor":7}],"player_experience":253072,"relics_obtained":[{"floor":6,"key":"Unceasing Top"}],"event_choices":[{"cards_removed":["Injury"],"damage_healed":0,"gold_gain":0,"player_choice":"Card Removal","damage_taken":0,"max_hp_gain":0,"max_hp_loss":0,"event_name":"The Cleric","floor":2,"gold_loss":50},{"damage_healed":0,"gold_gain":0,"cards_transformed":["Strike_R"],"player_choice":"Change","damage_taken":0,"max_hp_gain":0,"max_hp_loss":0,"event_name":"Living Wall","floor":3,"gold_loss":0,"cards_obtained":["Blood for Blood"]},{"damage_healed":0,"gold_gain":0,"player_choice":"Take Damage","damage_taken":20,"relics_obtained":["Golden Idol"],"max_hp_gain":0,"max_hp_loss":0,"event_name":"Golden Idol","floor":5,"gold_loss":0}],"is_beta":false,"boss_relics":[],"items_purged_floors":[],"is_endless":false,"potions_floor_spawned":[7],"killed_by":"Lagavulin","ascension_level":4}}