{"host":"ckaco0f0uooj3awm","time":1609854918,"event":{"mods":["AchievementEnabler","BaseMod","Bestiary","Block Reminder","Colored Map","Colored Powertips","Highlight Path","Minty Spire (QoL Compilation)","Permanent Neow","Relic Stats"],"gold_per_floor":[112,126,144,30,40,68,80,106,185,216,216,236,264,282,282,384,384,403,318,318,335,346,379,405,417,429,474,20,43,74,91,91,192,192,208,208,224,274,274,301,301,331,331,341,355,355,365,4,4,4,4,4,4,32,32],"floor_reached":56,"playtime":6035,"items_purged":["Strike_B","Decay","Strike_B"],"score":1666,"play_id":"3789a11c-9db3-4320-a7ce-d2da23ca53d0","local_time":"20210105145518","is_ascension_mode":true,"campfire_choices":[{"floor":11,"key":"DIG"},{"floor":15,"key":"DIG"},{"floor":25,"key":"DIG"},{"floor":32,"key":"DIG"},{"floor":46,"key":"DIG"},{"floor":49,"key":"RECALL"},{"floor":52,"key":"DIG"}],"circlet_count":0,"master_deck":["Strike_B","Strike_B","Defend_B","Defend_B","Defend_B","Defend_B","Zap","Dualcast","Melter","Echo Form","Cold Snap","Lockon","Streamline","Hologram","Electrodynamics","Gash","Conserve Battery","Hologram","Rainbow","Glacier","Leap+1","Fusion+1","Sunder","Force Field","Creative AI","Rebound+1","Hologram+1","Creative AI+1","Blizzard+1","Hologram","Static Discharge+1","Capacitor+1","Meteor Strike","Mayhem+1","Compile Driver+1"],"relics":["Cracked Core","MealTicket","Shovel","Shuriken","Incense Burner","Tiny Chest","Odd Mushroom","Oddly Smooth Stone","Boot","Snecko Eye","Question Card","MawBank","FossilizedHelix","The Courier","Bronze Scales","Letter Opener","Centennial Puzzle","Frozen Egg 2","Pear","Busted Crown","Gambling Chip","Kunai","Eternal Feather","Mummified Hand","Blue Candle","Ornamental Fan","Toy Ornithopter"],"acts_visited":["Exordium","TheCity","TheBeyond","TheEnding"],"potions_floor_usage":[1,4,8,12,13,13,13,16,18,27,27,27,33,50,50,55],"damage_taken":[{"damage":4,"enemies":"Small Slimes","floor":1,"turns":4},{"damage":0,"enemies":"2 Louse","floor":2,"turns":1},{"damage":0,"enemies":"Cultist","floor":3,"turns":3},{"damage":3,"enemies":"2 Fungi Beasts","floor":5,"turns":4},{"damage":12,"enemies":"Gremlin Nob","floor":6,"turns":4},{"damage":0,"enemies":"Large Slime","floor":7,"turns":4},{"damage":3,"enemies":"Lagavulin","floor":8,"turns":5},{"damage":16,"enemies":"Gremlin Nob","floor":10,"turns":3},{"damage":15,"enemies":"The Mushroom Lair","floor":12,"turns":3},{"damage":11,"enemies":"Lagavulin","floor":13,"turns":7},{"damage":6,"enemies":"Exordium Wildlife","floor":14,"turns":4},{"damage":12,"enemies":"Hexaghost","floor":16,"turns":9},{"damage":4,"enemies":"3 Byrds","floor":18,"turns":3},{"damage":0,"enemies":"Chosen","floor":21,"turns":6},{"damage":21,"enemies":"Centurion and Healer","floor":22,"turns":5},{"damage":34,"enemies":"Gremlin Leader","floor":23,"turns":7},{"damage":3,"enemies":"3 Cultists","floor":24,"turns":5},{"damage":12,"enemies":"Slavers","floor":27,"turns":5},{"damage":7,"enemies":"Book of Stabbing","floor":30,"turns":5},{"damage":0,"enemies":"Cultist and Chosen","floor":31,"turns":5},{"damage":0,"enemies":"Collector","floor":33,"turns":7},{"damage":0,"enemies":"Orb Walker","floor":35,"turns":2},{"damage":2,"enemies":"3 Darklings","floor":37,"turns":4},{"damage":0,"enemies":"Mind Bloom Boss Battle","floor":38,"turns":5},{"damage":16,"enemies":"Reptomancer","floor":40,"turns":4},{"damage":0,"enemies":"Nemesis","floor":42,"turns":5},{"damage":0,"enemies":"4 Shapes","floor":44,"turns":4},{"damage":0,"enemies":"Writhing Mass","floor":45,"turns":4},{"damage":0,"enemies":"Maw","floor":47,"turns":4},{"damage":0,"enemies":"Donu and Deca","floor":50,"turns":6},{"damage":20,"enemies":"Shield and Spear","floor":54,"turns":4},{"damage":79,"enemies":"The Heart","floor":55,"turns":6}],"seed_played":"-136074041989669195","potions_obtained":[{"floor":0,"key":"Block Potion"},{"floor":0,"key":"ColorlessPotion"},{"floor":0,"key":"Strength Potion"},{"floor":3,"key":"Fruit Juice"},{"floor":5,"key":"Fire Potion"},{"floor":10,"key":"EntropicBrew"},{"floor":13,"key":"Regen Potion"},{"floor":18,"key":"Energy Potion"},{"floor":23,"key":"AttackPotion"},{"floor":31,"key":"SneckoOil"},{"floor":33,"key":"Regen Potion"},{"floor":37,"key":"BlessingOfTheForge"},{"floor":47,"key":"SkillPotion"}],"is_trial":false,"path_per_floor":["M","M","M","$","M","E","M","E","T","E","R","?","E","M","R","B",null,"M","?","?","M","M","E","M","R","T","E","$","T","E","M","R","B",null,"M","?","M","?","?","E","T","E","T","M","M","R","M","$","R","B",null,"R","$","E","B",null],"character_chosen":"DEFECT","items_purchased":["Lockon","Creative AI","Letter Opener","SpeedPotion","Weak Potion","Meteor Strike","Mayhem+1"],"campfire_rested":0,"item_purchase_floors":[4,28,28,28,28,48,48],"current_hp_per_floor":[71,71,71,76,73,61,61,58,58,42,42,27,16,10,10,13,80,76,76,76,76,55,21,18,18,18,6,21,21,14,14,24,24,90,90,85,83,83,83,67,67,67,67,67,67,85,85,85,85,85,85,85,85,65,6],"gold":32,"neow_bonus":"THREE_SMALL_POTIONS","is_daily":false,"chose_seed":false,"campfire_upgraded":0,"win_rate":0.0,"timestamp":1609854918,"path_taken":["M","M","M","$","M","E","M","E","T","E","R","?","E","M","R","BOSS","M","?","?","M","M","E","M","R","T","E","$","?","E","M","R","BOSS","M","?","M","?","?","E","?","E","T","?","M","R","M","$","R","BOSS","R","$","E","BOSS"],"items_purchased_type":["Card","Card","Relic","Potion","Potion","Card","Card"],"build_version":"2020-12-22","purchased_purges":3,"victory":true,"max_hp_per_floor":[75,75,75,80,80,80,80,80,80,80,80,80,80,80,80,80,80,80,80,80,80,80,80,80,80,80,80,80,80,80,80,90,90,90,90,85,85,85,85,85,85,85,85,85,85,85,85,85,85,85,85,85,85,85,85],"relic_stats":{"counters":[32,147],"Blue Candle":[0],"Eternal Feather":18,"Letter Opener":[306],"Boot":[52],"Question Card":17,"MawBank":60,"Centennial Puzzle":[15],"Shovel":6,"Busted Crown":18,"Shuriken":[39],"Mummified Hand":[118],"Ornamental Fan":[32],"Bronze Scales":[221],"Gambling Chip":[37],"Snecko Eye":[174,181,184,174],"MealTicket":15,"Tiny Chest":2,"Kunai":[19],"obtain_stats":[{"Incense Burner":10,"Boot":15,"Centennial Puzzle":29,"Shovel":8,"Mummified Hand":43,"Gambling Chip":38,"MealTicket":6,"Tiny Chest":11,"Kunai":40,"Cracked Core":0,"Pear":32,"Blue Candle":46,"Oddly Smooth Stone":13,"Eternal Feather":42,"The Courier":26,"Letter Opener":28,"Odd Mushroom":12,"Frozen Egg 2":30,"Question Card":19,"MawBank":23,"Busted Crown":34,"Shuriken":9,"Ornamental Fan":52,"Bronze Scales":27,"Snecko Eye":17,"FossilizedHelix":25,"Toy Ornithopter":54},{"Incense Burner":8,"Boot":11,"Centennial Puzzle":18,"Shovel":7,"Mummified Hand":26,"Gambling Chip":24,"MealTicket":5,"Tiny Chest":8,"Kunai":25,"Cracked Core":0,"Pear":20,"Blue Candle":28,"Oddly Smooth Stone":10,"Eternal Feather":26,"The Courier":17,"Letter Opener":18,"Odd Mushroom":9,"Frozen Egg 2":19,"Question Card":13,"MawBank":16,"Busted Crown":21,"Shuriken":7,"Ornamental Fan":30,"Bronze Scales":18,"Snecko Eye":12,"FossilizedHelix":17,"Toy Ornithopter":31},{"Incense Burner":28,"Boot":42,"Centennial Puzzle":82,"Shovel":25,"Mummified Hand":119,"Gambling Chip":110,"MealTicket":16,"Tiny Chest":28,"Kunai":114,"Cracked Core":0,"Pear":92,"Blue Candle":127,"Oddly Smooth Stone":38,"Eternal Feather":119,"The Courier":77,"Letter Opener":82,"Odd Mushroom":31,"Frozen Egg 2":87,"Question Card":54,"MawBank":72,"Busted Crown":99,"Shuriken":25,"Ornamental Fan":137,"Bronze Scales":82,"Snecko Eye":51,"FossilizedHelix":77,"Toy Ornithopter":141}],"Toy Ornithopter":5},"card_choices":[{"not_picked":["Barrage","Conserve Battery"],"picked":"Melter","floor":1},{"not_picked":["Go for the Eyes","Capacitor"],"picked":"Echo Form","floor":2},{"not_picked":["Beam Cell","Turbo"],"picked":"Cold Snap","floor":3},{"not_picked":["Sweeping Beam","Hello World"],"picked":"Streamline","floor":5},{"not_picked":["Stack","Leap"],"picked":"Hologram","floor":6},{"not_picked":["Steam","Rip and Tear","Consume"],"picked":"SKIP","floor":7},{"not_picked":["Cold Snap","Melter"],"picked":"Electrodynamics","floor":8},{"not_picked":["Sweeping Beam","Hello World","Skim"],"picked":"SKIP","floor":10},{"not_picked":["Steam","Redo"],"picked":"Gash","floor":12},{"not_picked":["Double Energy","Darkness"],"picked":"Conserve Battery","floor":13},{"not_picked":["Steam","Gash"],"picked":"Hologram","floor":14},{"not_picked":["Multi-Cast","Machine Learning"],"picked":"Rainbow","floor":16},{"not_picked":["Chaos+1","White Noise+1"],"picked":"Glacier","floor":18},{"not_picked":["Conserve Battery","Tempest","Redo","Barrage+1"],"picked":"SKIP","floor":21},{"not_picked":["Hologram","White Noise","Reinforced Body"],"picked":"Leap+1","floor":22},{"not_picked":["Conserve Battery","Scrape","Chill"],"picked":"Fusion+1","floor":23},{"not_picked":["Scrape","Aggregate","Cold Snap"],"picked":"Sunder","floor":24},{"not_picked":["Gash+1","Cold Snap","Storm"],"picked":"Force Field","floor":27},{"not_picked":["Go for the Eyes","Barrage","BootSequence"],"picked":"Rebound+1","floor":30},{"not_picked":["Coolheaded","Amplify","Turbo"],"picked":"Hologram+1","floor":31},{"not_picked":["Electrodynamics+1","Rainbow","Machine Learning+1"],"picked":"Creative AI+1","floor":33},{"not_picked":["Turbo+1"],"picked":"Compile Driver","floor":35},{"not_picked":["Turbo"],"picked":"Blizzard+1","floor":37},{"not_picked":["Barrage+1"],"picked":"Hologram","floor":38},{"not_picked":["Coolheaded","Beam Cell"],"picked":"SKIP","floor":40},{"not_picked":["Rip and Tear+1","Steam+1"],"picked":"SKIP","floor":42},{"not_picked":["Hello World+1","Genetic Algorithm"],"picked":"SKIP","floor":44},{"not_picked":["Barrage+1"],"picked":"Static Discharge+1","floor":45},{"not_picked":["Auto Shields+1"],"picked":"Capacitor+1","floor":47},{"not_picked":["Recycle"],"picked":"Compile Driver+1","floor":54}],"player_experience":221338,"relics_obtained":[{"floor":6,"key":"MealTicket"},{"floor":8,"key":"Shovel"},{"floor":9,"key":"Shuriken"},{"floor":10,"key":"Incense Burner"},{"floor":11,"key":"Tiny Chest"},{"floor":12,"key":"Odd Mushroom"},{"floor":13,"key":"Oddly Smooth Stone"},{"floor":15,"key":"Boot"},{"floor":23,"key":"MawBank"},{"floor":25,"key":"FossilizedHelix"},{"floor":26,"key":"The Courier"},{"floor":27,"key":"Bronze Scales"},{"floor":29,"key":"Centennial Puzzle"},{"floor":30,"key":"Frozen Egg 2"},{"floor":32,"key":"Pear"},{"floor":38,"key":"Gambling Chip"},{"floor":40,"key":"Kunai"},{"floor":42,"key":"Eternal Feather"},{"floor":43,"key":"Mummified Hand"},{"floor":46,"key":"Blue Candle"},{"floor":52,"key":"Ornamental Fan"},{"floor":54,"key":"Toy Ornithopter"}],"event_choices":[{"damage_healed":0,"gold_gain":0,"player_choice":"Fought Mushrooms","damage_taken":0,"max_hp_gain":0,"max_hp_loss":0,"event_name":"Mushrooms","floor":12,"gold_loss":0},{"damage_healed":0,"gold_gain":0,"player_choice":"Obtained Relic","damage_taken":0,"relics_obtained":["Question Card"],"max_hp_gain":0,"max_hp_loss":0,"event_name":"Addict","floor":19,"gold_loss":85},{"damage_healed":0,"gold_gain":0,"player_choice":"Cursed","damage_taken":0,"max_hp_gain":0,"max_hp_loss":0,"event_name":"Wheel of Change","floor":20,"gold_loss":0,"cards_obtained":["Decay"]},{"damage_healed":0,"gold_gain":0,"player_choice":"Max HP","damage_taken":0,"max_hp_gain":0,"max_hp_loss":5,"event_name":"Winding Halls","floor":36,"gold_loss":0},{"damage_healed":0,"gold_gain":0,"player_choice":"Fight","damage_taken":0,"max_hp_gain":0,"max_hp_loss":0,"event_name":"MindBloom","floor":38,"gold_loss":0},{"cards_removed":["Compile Driver"],"damage_healed":0,"gold_gain":0,"player_choice":"Removed Attack","damage_taken":0,"max_hp_gain":0,"max_hp_loss":0,"event_name":"Falling","floor":39,"gold_loss":0}],"is_beta":false,"boss_relics":[{"not_picked":["Astrolabe","Philosopher\u0027s Stone"],"picked":"Snecko Eye"},{"not_picked":["Cursed Key","Inserter"],"picked":"Busted Crown"}],"items_purged_floors":[4,28,48],"is_endless":false,"potions_floor_spawned":[3,5,7,10,13,18,23,31,33,37,42,44,47],"ascension_level":4}}