{"host":"ry95t1gxi682w1un","time":1609885983,"event":{"mods":["BaseMod","Block Reminder","Downfall","Highlight Path","Minty Spire (QoL Compilation)","Random Character Button","StSLib"],"gold_per_floor":[99,99,199,474,474,574,574,574,602,621,546,580,596,112,130,226,226,226,240,240,125,125,157,157,190,190,220,220,234,260,277,288,384,384,309,322,335,335,349,349,349,274,305,305,186,220,220,235,251,251,251,251,251,251],"floor_reached":52,"playtime":8437,"items_purged":["champ:Strike","champ:BladeFlurry","champ:Strike"],"score":921,"play_id":"f1f3e759-4c8a-49fd-b903-56f10f6fb6aa","local_time":"20210105173303","is_ascension_mode":true,"campfire_choices":[{"data":"champ:Execute","floor":1.0,"key":"SMITH"},{"data":"champ:Taunt","floor":8.0,"key":"SMITH"},{"data":"champ:FanOfKnives","floor":11.0,"key":"SMITH"},{"data":"expansioncontent:DashGenerateEvil","floor":18.0,"key":"SMITH"},{"floor":28,"key":"RECALL"},{"data":"champ:IgnorePain","floor":35,"key":"SMITH"},{"data":"champ:PreciseThrust","floor":42,"key":"SMITH"},{"data":"1","floor":47,"key":"LIFT"}],"circlet_count":0,"master_deck":["champ:Strike","champ:Defend","champ:Defend","champ:Defend","champ:Execute+1","champ:Taunt+1","champ:Aggression+1","champ:TornadoPunch","champ:AdrenalArmor","champ:FanOfKnives+1","champ:LastStand+1","champ:RecklessLeap","champ:DeathBlow","expansioncontent:DashGenerateEvil+1","champ:EnchantSword","champ:LastStand+1","champ:EndlessRage+1","champ:HeartStrike","champ:IgnorePain+1","champ:PreciseThrust+1","expansioncontent:Collect+1","expansioncontent:CaCaw+1","champ:Aggression","champ:AdrenalArmor","champ:RisingSlash+1"],"relics":["champ:ChampionCrownUpgraded","downfall:HeartsMalice","Eternal Feather","Frozen Egg 2","downfall:HeartBlessingGreen","Ornamental Fan","Lee\u0027s Waffle","Busted Crown","Singing Bowl","Bottled Lightning","Bronze Scales","MealTicket","TungstenRod","downfall:HeartBlessingRed","downfall:HeartBlessingBlue","Girya","HornCleat","FossilizedHelix"],"acts_visited":["Exordium","TheCity","TheBeyond","TheEnding"],"potions_floor_usage":[30,32,39,52],"damage_taken":[{"damage":0.0,"enemies":"2 Louse","floor":2.0,"turns":1.0},{"damage":0.0,"enemies":"Small Slimes","floor":5.0,"turns":1.0},{"damage":0.0,"enemies":"downfall:Heads","floor":6.0,"turns":1.0},{"damage":31.0,"enemies":"Lagavulin","floor":9.0,"turns":6.0},{"damage":9.0,"enemies":"Cultist","floor":10.0,"turns":3.0},{"damage":8.0,"enemies":"3 Sentries","floor":12.0,"turns":4.0},{"damage":11.0,"enemies":"3 Louse","floor":13.0,"turns":2.0},{"damage":33.0,"enemies":"downfall:FleeingMerchant","floor":14.0,"turns":4.0},{"damage":27.0,"enemies":"Exordium Wildlife","floor":15.0,"turns":5.0},{"damage":79.0,"enemies":"downfall:Watcher","floor":16.0,"turns":10.0},{"damage":20.0,"enemies":"Spheric Guardian","floor":19.0,"turns":3.0},{"damage":39.0,"enemies":"downfall:FleeingMerchant","floor":21.0,"turns":4.0},{"damage":31,"enemies":"Book of Stabbing","floor":23,"turns":4},{"damage":15,"enemies":"Gremlin Leader","floor":25,"turns":3},{"damage":45,"enemies":"Slavers","floor":27,"turns":3},{"damage":44,"enemies":"Sentry and Sphere","floor":29,"turns":4},{"damage":45,"enemies":"Book of Stabbing","floor":30,"turns":4},{"damage":28,"enemies":"Snake Plant","floor":31,"turns":3},{"damage":26,"enemies":"Shelled Parasite and Fungi","floor":32,"turns":4},{"damage":27,"enemies":"downfall:Silent","floor":33,"turns":6},{"damage":30,"enemies":"Orb Walker","floor":36,"turns":2},{"damage":11,"enemies":"3 Darklings","floor":37,"turns":3},{"damage":50,"enemies":"Jaw Worm Horde","floor":39,"turns":4},{"damage":65,"enemies":"Nemesis","floor":43,"turns":7},{"damage":4,"enemies":"downfall:FleeingMerchant","floor":45,"turns":4},{"damage":35,"enemies":"Reptomancer","floor":46,"turns":6},{"damage":43,"enemies":"Sphere and 2 Shapes","floor":48,"turns":4},{"damage":31,"enemies":"3 Darklings","floor":49,"turns":6},{"damage":61,"enemies":"downfall:Ironclad","floor":50,"turns":11},{"damage":175,"enemies":"downfall:CharBossMerchant","floor":52,"turns":10}],"seed_played":"-3293095545533260756","potions_obtained":[{"floor":9.0,"key":"Fire Potion"},{"floor":12.0,"key":"Weak Potion"},{"floor":15.0,"key":"SkillPotion"},{"floor":31,"key":"ColorlessPotion"},{"floor":33,"key":"sneckomod:MuddlingPotion"},{"floor":39,"key":"Block Potion"},{"floor":48,"key":"Strength Potion"}],"is_trial":false,"path_per_floor":["R","M","?","?","M","?","T","R","E","M","R","E","M","$","M","B",null,"R","M","?","$","?","E","T","E","?","E","R","M","E","M","M","B",null,"R","M","M","?","M","?","T","R","E","?","$","E","R","M","M","B",null,"E"],"character_chosen":"THE_CHAMP","items_purchased":["Lee\u0027s Waffle","champ:DeathBlow","expansioncontent:DashGenerateEvil","champ:Aggression","HornCleat","champ:AdrenalArmor"],"campfire_rested":0,"item_purchase_floors":[14,14,14,45,45,45],"current_hp_per_floor":[90,90,90,90,90,90,90,90,64,64,70,64,53,97,93,61,102,102,102,102,87,66,57,57,59,96,80,89,80,74,61,58,51,115,115,114,110,110,79,72,72,94,58,58,96,98,113,111,124,122,139,0,0,0],"gold":251,"neow_bonus":"THREE_ENEMY_KILL","is_daily":false,"chose_seed":false,"campfire_upgraded":6,"win_rate":0.0,"timestamp":1609885983,"path_taken":["R","M","?","?","?","?","T","R","E","M","R","E","M","?","M","BOSS","R","M","?","$","?","E","T","E","?","E","R","?","E","M","M","BOSS","R","M","M","?","M","?","T","R","E","?","$","E","R","?","M","BOSS","E"],"items_purchased_type":["Relic","Card","Card","Card","Relic","Card"],"build_version":"2020-12-22","purchased_purges":3,"victory":false,"max_hp_per_floor":[90,90,90,90,90,90,90,90,90,90,90,90,90,97,97,102,102,102,102,102,102,107,109,109,111,111,111,111,111,113,113,115,115,115,115,115,117,117,119,121,121,131,133,133,135,135,135,137,139,139,139,139,139,139],"card_choices":[{"not_picked":["champ:PerfectedStrike","champ:BringItOn"],"picked":"champ:Aggression","floor":2.0},{"not_picked":["champ:FightOn","champ:AdrenalArmor","champ:Backstep"],"picked":"SKIP","floor":5.0},{"not_picked":["champ:BerserkersShout","champ:Backstep"],"picked":"champ:TornadoPunch","floor":6.0},{"not_picked":["champ:CalledShot+1","champ:StanceDance"],"picked":"champ:AdrenalArmor","floor":9.0},{"not_picked":["champ:GladiatorsShout","champ:GutPunch"],"picked":"champ:FanOfKnives","floor":10.0},{"not_picked":["champ:TornadoPunch","champ:Shatter"],"picked":"champ:LastStand+1","floor":12.0},{"not_picked":["champ:CalledShot+1","champ:TornadoPunch"],"picked":"champ:RecklessLeap","floor":13.0},{"not_picked":["champ:Circumvent","champ:Haymaker","champ:BerserkersShout"],"picked":"SKIP","floor":14.0},{"not_picked":["champ:DefensiveStyle+1","champ:FanOfKnives"],"picked":"champ:FightOn","floor":15.0},{"not_picked":["champ:EnchantCrown","champ:StrikeOfGenius+1"],"picked":"champ:EnchantSword","floor":16.0},{"not_picked":["champ:Backstep"],"picked":"SKIP","floor":19.0},{"not_picked":["champ:SwordSigil+1"],"picked":"SKIP","floor":21.0},{"not_picked":["champ:DefensiveShout"],"picked":"Singing Bowl","floor":23},{"not_picked":["champ:Circumvent+1"],"picked":"Singing Bowl","floor":25},{"not_picked":[],"picked":"champ:LastStand+1","floor":27},{"not_picked":[],"picked":"champ:EndlessRage+1","floor":29},{"not_picked":["champ:DefensiveShout+1"],"picked":"Singing Bowl","floor":30},{"not_picked":[],"picked":"champ:HeartStrike","floor":31},{"not_picked":["champ:RageSigil+1"],"picked":"Singing Bowl","floor":32},{"not_picked":[],"picked":"champ:IgnorePain","floor":33},{"not_picked":[],"picked":"champ:PreciseThrust","floor":36},{"not_picked":["champ:Shatter+1"],"picked":"Singing Bowl","floor":37},{"not_picked":["champ:BerserkersShout+1"],"picked":"Singing Bowl","floor":39},{"not_picked":[],"picked":"expansioncontent:Collect+1","floor":40},{"not_picked":[],"picked":"expansioncontent:CaCaw+1","floor":40},{"not_picked":["expansioncontent:TimeRipple"],"picked":"Singing Bowl","floor":40},{"not_picked":["champ:HeartStrike"],"picked":"Singing Bowl","floor":43},{"not_picked":["champ:SkillfulDodge+1"],"picked":"Singing Bowl","floor":45},{"not_picked":[],"picked":"champ:RisingSlash+1","floor":46},{"not_picked":["champ:GladiatorsShout+1"],"picked":"Singing Bowl","floor":48},{"not_picked":["champ:CrookedStrike+1"],"picked":"Singing Bowl","floor":49}],"player_experience":528846,"relics_obtained":[{"floor":7.0,"key":"Eternal Feather"},{"floor":9.0,"key":"Frozen Egg 2"},{"floor":12.0,"key":"Ornamental Fan"},{"floor":23,"key":"Singing Bowl"},{"floor":24,"key":"Bottled Lightning"},{"floor":25,"key":"Bronze Scales"},{"floor":27,"key":"MealTicket"},{"floor":30,"key":"TungstenRod"},{"floor":43,"key":"Girya"},{"floor":46,"key":"FossilizedHelix"}],"event_choices":[{"damage_healed":37,"gold_gain":0,"player_choice":"Heal","damage_taken":0,"max_hp_gain":0,"max_hp_loss":0,"event_name":"The Library","floor":26,"gold_loss":0},{"cards_removed":["champ:Defend"],"damage_healed":0,"gold_gain":0,"player_choice":"Removed Skill","damage_taken":0,"max_hp_gain":0,"max_hp_loss":0,"event_name":"Falling","floor":38,"gold_loss":0}],"is_beta":false,"boss_relics":[{"not_picked":["Empty Cage","Astrolabe"],"picked":"Busted Crown"},{"not_picked":["expansioncontent:StudyCardRelic","Runic Pyramid"],"picked":"champ:ChampionCrownUpgraded"}],"items_purged_floors":[14,21,45],"is_endless":false,"potions_floor_spawned":[9,12,15,16,19,25,29,31,33,37,39,46,48],"killed_by":"downfall:CharBossMerchant","ascension_level":2}}