{"host":"mi24dmma43d7mlws","time":1609810292,"event":{"mods":["2.2 Compatiblity","Astrologer","Bard","BaseMod","Beaked The Cultist","Bestiary","CatGirl Mod","Colored Map","Colored Powertips","Custom Start","Downfall","Fiend Mod","Fireblade Mod","Hermit","Highlight Path","JesterMod","Jorbs\u0027s Wanderer Trilogy","Mad Scientist","Magitek Elite","Minty Spire (QoL Compilation)","Potionbrewer","QueenMod","Quick Restart","Rare Cards Sparkle","Relic Stats","Shade Mod","Somnambulant","StSLib","Td1madao Mod","The Accelerator","The Blackbeard","The Bladedancer","The Bug Knight","The Clintock","The Construct","The Cursed","The Death Knight","The Disciple","The Elementalist","The Florist","The Forsaken","The Gatherer","The Hayseed","The Hierophant","The Judge","The Juggle","The Mystic","The Necromancer","The Problem Sleuth","The Runesmith","The Sage","The Senshi","The Servant 0.9.4","The Showman","The Spell Scribe","The Trickster","The Valiant","The Vixen","The Wild Card","TheArtist","TheBandit","TheFirefly","TheHeartMod","TheHero","TheLocksmith","everything is the same but u backflip on backflip","slay the spire mod where everything is the same but ironclad has a cowboy hat","thorton"],"gold_per_floor":[110,128,148,148,158,158,183,183,183,183,212,224,243,255,255,357,357,376,127,127,141,160,160,195,294,320,320,320,354,354,364,364,468,468,488,488,153,171,190,190,190,190],"floor_reached":40,"playtime":2155,"items_purged":[],"score":564,"play_id":"bf8bac46-9fb3-4ce1-8c75-d8325db5eca2","local_time":"20210105013132","is_ascension_mode":true,"campfire_choices":[{"data":"hexamod:RainOfEmbers","floor":6,"key":"SMITH"},{"data":"hexamod:GhostLash","floor":10,"key":"SMITH"},{"data":"hexamod:StepThrough","floor":15,"key":"SMITH"},{"data":"hexamod:HeatShield","floor":23,"key":"SMITH"},{"data":"hexamod:EmpoweredFlame","floor":28,"key":"SMITH"},{"floor":32,"key":"REST"}],"circlet_count":0,"master_deck":["hexamod:Defend+1","hexamod:Defend+1","hexamod:Defend+1","hexamod:Defend+1","hexamod:Sear+1","hexamod:Float","hexamod:RainOfEmbers+1","hexamod:SwordOfDarkness","hexamod:Hexaguard","hexamod:GhostLash+1","hexamod:StepThrough+1","hexamod:TimeWarp","hexamod:EmpoweredFlame+1","hexamod:Firestarter","hexamod:HeatShield+1","hexamod:TurnItUp","hexamod:CrushingStance+1","hexamod:EmpoweringStance+1","hexamod:CrushingStance+1","hexamod:FastForward+1","hexamod:AdvancingGuard","hexamod:RetreatToShadows+1","hexamod:StepThrough+1","hexamod:TimeOfNeed","hexamod:StepThrough+1","Swift Strike","hexamod:CatchUp+1","hexamod:StepThrough"],"relics":["hexamod:SpiritBrand","Smiling Mask","Prayer Beads","Pantograph","Oddly Smooth Stone","Astrolabe","Eternal Feather","sagemod:Flying_Carpet","construct:FoamFinger","hexamod:MatchstickCase","beaked:ShinyBauble","thethorton:CrushedCigarette","Ornamental Fan"],"acts_visited":["Exordium","TheCity","TheBeyond"],"potions_floor_usage":[29,40],"damage_taken":[{"damage":0,"enemies":"Cultist","floor":1,"turns":4},{"damage":8,"enemies":"2 Louse","floor":2,"turns":3},{"damage":0,"enemies":"Small Slimes","floor":3,"turns":3},{"damage":0,"enemies":"Looter","floor":5,"turns":3},{"damage":0,"enemies":"Gremlin Nob","floor":7,"turns":3},{"damage":9,"enemies":"Lagavulin","floor":11,"turns":5},{"damage":0,"enemies":"2 Fungi Beasts","floor":12,"turns":3},{"damage":9,"enemies":"Exordium Wildlife","floor":13,"turns":3},{"damage":0,"enemies":"Lots of Slimes","floor":14,"turns":3},{"damage":0,"enemies":"Slime Boss","floor":16,"turns":7},{"damage":10,"enemies":"2 Thieves","floor":18,"turns":4},{"damage":0,"enemies":"Chosen","floor":21,"turns":3},{"damage":0,"enemies":"Snecko","floor":22,"turns":4},{"damage":30,"enemies":"Gremlin Leader","floor":24,"turns":8},{"damage":10,"enemies":"Slavers","floor":29,"turns":5},{"damage":14,"enemies":"Centurion and Healer","floor":31,"turns":6},{"damage":29,"enemies":"Automaton","floor":33,"turns":9},{"damage":0,"enemies":"3 Shapes","floor":35,"turns":4},{"damage":0,"enemies":"Orb Walker","floor":38,"turns":3},{"damage":3,"enemies":"Sphere and 2 Shapes","floor":39,"turns":4},{"damage":54,"enemies":"Giant Head","floor":40,"turns":8}],"seed_played":"-9059518890497344842","potions_obtained":[{"floor":5,"key":"DeathKnight:RimePotion"},{"floor":12,"key":"Energy Potion"},{"floor":13,"key":"DistilledChaos"},{"floor":21,"key":"potionbrewer:ToxicPotion"},{"floor":29,"key":"Dexterity Potion"}],"is_trial":false,"path_per_floor":["M","M","M","T","M","R","E","?","T","R","E","M","M","M","R","B",null,"M","$","?","M","M","R","E","?","T","?","R","E","?","M","R","B",null,"M","?","$","M","M","E"],"character_chosen":"THE_SPIRIT","items_purchased":["Eternal Feather","Ornamental Fan","Swift Strike"],"campfire_rested":1,"item_purchase_floors":[19,37,37],"current_hp_per_floor":[70,62,62,62,62,62,62,62,62,62,53,53,44,44,44,69,70,60,60,49,49,49,49,19,19,19,19,31,21,21,7,33,20,49,49,49,49,49,46,0,0,0],"gold":190,"neow_bonus":"UPGRADE_CARD","is_daily":false,"chose_seed":false,"campfire_upgraded":5,"win_rate":0.0,"timestamp":1609810292,"path_taken":["M","M","M","?","M","R","E","?","T","R","E","M","M","M","R","BOSS","M","$","?","M","M","R","E","?","T","?","R","E","?","M","R","BOSS","M","?","$","M","M","E"],"items_purchased_type":["Relic","Relic","Card"],"build_version":"2020-12-22","purchased_purges":0,"victory":false,"max_hp_per_floor":[70,70,70,70,70,70,70,70,70,70,70,70,70,70,70,70,70,70,70,49,49,49,49,49,49,49,49,49,49,49,49,49,49,49,49,49,49,49,49,49,49,49],"relic_stats":{"counters":[21,95],"Ornamental Fan":[28],"Pantograph":41,"Astrolabe":["hexamod:CrushingStance","hexamod:EmpoweringStance","hexamod:CrushingStance"],"Eternal Feather":24,"Smiling Mask":0,"obtain_stats":[{"beaked:ShinyBauble":29,"construct:FoamFinger":24,"Prayer Beads":7,"Astrolabe":17,"Oddly Smooth Stone":11,"Eternal Feather":19,"sagemod:Flying_Carpet":20,"Smiling Mask":4,"hexamod:MatchstickCase":26,"Ornamental Fan":37,"Pantograph":9,"thethorton:CrushedCigarette":34,"hexamod:SpiritBrand":0},{"beaked:ShinyBauble":15,"construct:FoamFinger":14,"Prayer Beads":5,"Astrolabe":10,"Oddly Smooth Stone":6,"Eternal Feather":11,"sagemod:Flying_Carpet":11,"Smiling Mask":3,"hexamod:MatchstickCase":14,"Ornamental Fan":18,"Pantograph":5,"thethorton:CrushedCigarette":17,"hexamod:SpiritBrand":0},{"beaked:ShinyBauble":61,"construct:FoamFinger":56,"Prayer Beads":16,"Astrolabe":37,"Oddly Smooth Stone":21,"Eternal Feather":41,"sagemod:Flying_Carpet":41,"Smiling Mask":10,"hexamod:MatchstickCase":56,"Ornamental Fan":80,"Pantograph":16,"thethorton:CrushedCigarette":76,"hexamod:SpiritBrand":0}]},"card_choices":[{"not_picked":["hexamod:NightmareGuise","hexamod:BacktrackSmack"],"picked":"hexamod:RainOfEmbers","floor":1},{"not_picked":["hexamod:AdvancingGuard","hexamod:GhostOfSpireFuture"],"picked":"hexamod:SwordOfDarkness","floor":2},{"not_picked":["hexamod:RainOfEmbers","hexamod:SpectersWail"],"picked":"hexamod:Hexaguard","floor":3},{"not_picked":["hexamod:AdvancingGuard","hexamod:ExtraCrispy"],"picked":"hexamod:GhostLash","floor":5},{"not_picked":["hexamod:NightmareStrike","hexamod:HeatCrush"],"picked":"hexamod:StepThrough","floor":7},{"not_picked":["hexamod:NecessarySacrifice","hexamod:StepThrough"],"picked":"hexamod:TimeWarp","floor":11},{"not_picked":["hexamod:Firestarter","hexamod:AdvancingGuard"],"picked":"hexamod:EmpoweredFlame","floor":12},{"not_picked":["hexamod:BacktrackSmack","hexamod:HeatCrush"],"picked":"hexamod:Firestarter","floor":13},{"not_picked":["hexamod:FirstSeal","hexamod:SpectralSpark"],"picked":"hexamod:HeatShield","floor":14},{"not_picked":["hexamod:UnlimitedPower","hexamod:ParanormalForm"],"picked":"hexamod:TurnItUp","floor":16},{"not_picked":["hexamod:ShieldOfDarkness","hexamod:HeatShield"],"picked":"hexamod:FastForward+1","floor":18},{"not_picked":["hexamod:Rewind","hexamod:RetreatToShadows","hexamod:PhantomFireball"],"picked":"SKIP","floor":21},{"not_picked":["hexamod:GhostShield","hexamod:ShieldOfDarkness"],"picked":"hexamod:AdvancingGuard","floor":22},{"not_picked":["hexamod:ShieldOfDarkness+1","hexamod:TimeOfNeed"],"picked":"hexamod:RetreatToShadows+1","floor":24},{"not_picked":["hexamod:HauntingEcho","hexamod:ChargedBarrage+1","hexamod:GhostLash"],"picked":"SKIP","floor":29},{"not_picked":["hexamod:FastForward","hexamod:RainOfEmbers"],"picked":"hexamod:StepThrough+1","floor":31},{"not_picked":["hexamod:SixthSeal","hexamod:ApocalypseNow"],"picked":"hexamod:TimeOfNeed","floor":33},{"not_picked":["hexamod:Rewind+1","hexamod:SwordOfDarkness+1","hexamod:SpectralSpark+1"],"picked":"SKIP","floor":35},{"not_picked":["hexamod:GhostShield+1","hexamod:NightmareStrike+1"],"picked":"hexamod:CatchUp+1","floor":38},{"not_picked":["hexamod:NecessarySacrifice+1","hexamod:ThermalTransfer"],"picked":"hexamod:StepThrough","floor":39}],"player_experience":1057378,"relics_obtained":[{"floor":4,"key":"Smiling Mask"},{"floor":7,"key":"Prayer Beads"},{"floor":9,"key":"Pantograph"},{"floor":11,"key":"Oddly Smooth Stone"},{"floor":24,"key":"construct:FoamFinger"},{"floor":26,"key":"hexamod:MatchstickCase"},{"floor":29,"key":"beaked:ShinyBauble"}],"event_choices":[{"cards_removed":["hexamod:Strike"],"damage_healed":0,"gold_gain":0,"player_choice":"Card Removal","damage_taken":0,"max_hp_gain":0,"max_hp_loss":0,"event_name":"Wheel of Change","floor":8,"gold_loss":0},{"damage_healed":0,"gold_gain":99,"player_choice":"Stole From Cult","damage_taken":0,"max_hp_gain":0,"max_hp_loss":0,"event_name":"Nest","floor":25,"gold_loss":0},{"damage_healed":0,"gold_gain":0,"player_choice":"Ignored","damage_taken":0,"max_hp_gain":0,"max_hp_loss":0,"event_name":"Vampires","floor":27,"gold_loss":0},{"damage_healed":0,"gold_gain":0,"player_choice":"Simplicity","damage_taken":0,"max_hp_gain":0,"max_hp_loss":0,"event_name":"Back to Basics","floor":30,"gold_loss":0,"cards_upgraded":["hexamod:Defend","hexamod:Defend","hexamod:Defend","hexamod:Defend"]},{"damage_healed":0,"gold_gain":0,"player_choice":"Copied","damage_taken":0,"max_hp_gain":0,"max_hp_loss":0,"event_name":"Duplicator","floor":36,"gold_loss":0,"cards_obtained":["hexamod:StepThrough"]}],"is_beta":false,"boss_relics":[{"not_picked":["Runic Pyramid","Pandora\u0027s Box"],"picked":"Astrolabe"},{"not_picked":["Empty Cage","Fiend:Scarf"],"picked":"thethorton:CrushedCigarette"}],"items_purged_floors":[],"is_endless":false,"potions_floor_spawned":[5,12,13,21,29,35,38],"killed_by":"Giant Head","ascension_level":1}}