{"host":"0azimyi6n3ugndj4","time":1609861688,"event":{"mods":["2.2 Compatiblity","BaseMod","Bestiary","Conspire","Curses Come First","Defuse TimeMaze Blight","Hermit","Hubris","Hyrulean Relics","Infinite Spire","Jorbs\u0027s Wanderer Trilogy","Minty Spire (QoL Compilation)","Relic Stats","Replay The Spire","StSLib","SuperFastMode","The Cursed","The Hierophant","Uncapped","¡¼?Úª?ø«¡½REMEMod"],"gold_per_floor":[426,426,426,446,446,473,495,522,522,550,574,574,83,83,83,161,161,171,96,96,69,69,69,69],"floor_reached":23,"playtime":740,"items_purged":[],"score":507,"play_id":"5804821d-4939-4e6c-a266-66ddc65aa146","local_time":"20210106004808","daily_mods":["SealedDeck","Hoarder","Insanity","Chimera","Specialized","ControlledChaos","Allstar","Diverse","Colorless Cards","Heirloom","Time Dilation","Flight","Elite Swarm","Binary"],"is_ascension_mode":true,"campfire_choices":[{"floor":15,"key":"REST"}],"circlet_count":0,"master_deck":["Demon Form","Wraith Form v2","Echo Form","DevaForm","stsjorbsmod:ArcaneForm","stsjorbsmod:WastingForm","AscendersBane","Bash","Survivor","Zap","Strike_R+1","Strike_G+1","Strike_B+1","Defend_R+1","Defend_G+1","Defend_P+1","hierophant:OrnateBuckler","stsjorbsmod:Channel","PathToVictory","PathToVictory","SashWhip","Stack","EmptyFist","Poisoned Stab","stsjorbsmod:Index","hubris:TrickCloak","hierophant:Doubloon","stsjorbsmod:ChainLightning","ReplayTheSpireMod:Corrosion Curse","ThirdEye","Study","stsjorbsmod:Message","Burning Pact","hermit:Glare","hierophant:SealAway","Sweeping Beam","Poisoned Stab","hierophant:Shelter","True Grit","ReplayTheSpireMod:System Scan","Darkness","SignatureMove","FollowUp","TheCursedMod:RavingStaff","Infinite Blades","Twin Strike","Cloak And Dagger","stsjorbsmod:Channel","CutThroughFate","Poisoned Stab","Skewer","PiercingWail","stsjorbsmod:ChainLightning","hierophant:ConvertCurrency","Hologram","ThirdEye","Armaments","Rage","Rampage","Streamline","Backstab","hierophant:Endure","TheCursedMod:SmokeScreen","CutThroughFate","True Grit","ReplaySolidLightProjector","ReplaySolidLightProjector","ReplaySolidLightProjector","ReplaySolidLightProjector","ReplaySolidLightProjector","ReplaySolidLightProjector","ReplaySolidLightProjector","ReplaySolidLightProjector","ReplaySolidLightProjector","ReplaySolidLightProjector","ReplaySolidLightProjector","ReplaySolidLightProjector","ReplaySolidLightProjector","ReplaySolidLightProjector","ReplaySolidLightProjector","ReplayTheSpireMod:Uncanny Aura","ReplayTheSpireMod:Uncanny Aura","ReplayTheSpireMod:Uncanny Aura","Recycle","Recycle","Recycle","Tantrum","Tantrum","Tantrum","Backflip","Backflip","Backflip","Deadly Poison","Deadly Poison","Deadly Poison","Shrug It Off","Shrug It Off","Shrug It Off","hermit:TakeCover","hermit:TakeCover","hermit:TakeCover","EmptyFist","EmptyFist","EmptyFist","hierophant:Rebuild","hierophant:Rebuild","hierophant:Rebuild","ReplayTheSpireMod:Calculation Training","ReplayTheSpireMod:Calculation Training","ReplayTheSpireMod:Calculation Training","A Thousand Cuts","A Thousand Cuts","A Thousand Cuts"],"relics":["hermit:Momento","Frozen Eye","Busted Crown","REME_ComplimentaryCards","Old Coin","hubris:Towel","zeldaRelics:CouragePiece","infinitespire:CursedDice","zeldaRelics:Navi","hermit:DentedPlate","GremlinMask"],"acts_visited":["Exordium","TheCity"],"potions_floor_usage":[11,16],"damage_taken":[{"damage":14,"enemies":"Jaw Worm","floor":1,"turns":5},{"damage":6,"enemies":"Cultist","floor":4,"turns":3},{"damage":10,"enemies":"3 Sentries","floor":6,"turns":12},{"damage":18,"enemies":"Small Slimes","floor":7,"turns":5},{"damage":14,"enemies":"2 Fungi Beasts","floor":8,"turns":5},{"damage":6,"enemies":"Red Slaver","floor":10,"turns":3},{"damage":21,"enemies":"Exordium Wildlife","floor":11,"turns":4},{"damage":42,"enemies":"Fading Forest","floor":16,"turns":13},{"damage":16,"enemies":"Chosen","floor":18,"turns":8},{"damage":16,"enemies":"2 Thieves","floor":21,"turns":5},{"damage":27,"enemies":"Book of Stabbing","floor":23,"turns":2}],"seed_played":"1496556473314744383","potions_obtained":[{"floor":4,"key":"Explosive Potion"},{"floor":6,"key":"Elixir"},{"floor":7,"key":"conspire:TimeTravelPotion"},{"floor":16,"key":"SneckoOil"}],"is_trial":true,"path_per_floor":["M","?","?","M","?","E","M","M","T","M","M","$","$","?","R","B",null,"M","?","?","M","?","E"],"character_chosen":"HERMIT","items_purchased":["infinitespire:CursedDice","zeldaRelics:Navi"],"campfire_rested":1,"item_purchase_floors":[13,13],"current_hp_per_floor":[50,50,71,65,65,55,37,23,23,17,8,8,8,4,25,25,57,41,41,41,25,25,0,0],"gold":69,"neow_bonus":"","is_daily":false,"chose_seed":false,"campfire_upgraded":0,"win_rate":0.0,"timestamp":1609861688,"path_taken":["M","?","?","?","?","E","M","M","T","?","?","?","$","?","R","BOSS","M","?","?","?","?","E"],"items_purchased_type":["Relic","Relic"],"build_version":"2020-12-22","purchased_purges":0,"victory":false,"max_hp_per_floor":[71,71,71,71,71,71,71,71,71,71,71,71,71,71,71,71,103,103,103,103,103,103,103,103],"relic_stats":{"Busted Crown":62,"counters":[11,65],"obtain_stats":[{"Frozen Eye":0,"Busted Crown":0,"infinitespire:CursedDice":13,"hermit:DentedPlate":17,"zeldaRelics:Navi":13,"GremlinMask":20,"zeldaRelics:CouragePiece":6,"hubris:Towel":2,"hermit:Momento":0,"REME_ComplimentaryCards":0,"Old Coin":0},{"Frozen Eye":0,"Busted Crown":0,"infinitespire:CursedDice":7,"hermit:DentedPlate":8,"zeldaRelics:Navi":7,"GremlinMask":9,"zeldaRelics:CouragePiece":3,"hubris:Towel":1,"hermit:Momento":0,"REME_ComplimentaryCards":0,"Old Coin":0},{"Frozen Eye":0,"Busted Crown":0,"infinitespire:CursedDice":37,"hermit:DentedPlate":50,"zeldaRelics:Navi":37,"GremlinMask":58,"zeldaRelics:CouragePiece":20,"hubris:Towel":5,"hermit:Momento":0,"REME_ComplimentaryCards":0,"Old Coin":0}]},"card_choices":[],"player_experience":1547169,"relics_obtained":[{"floor":6,"key":"zeldaRelics:CouragePiece"},{"floor":9,"key":"zeldaRelics:CouragePiece"}],"event_choices":[{"damage_healed":21,"gold_gain":0,"player_choice":"Full Heal","damage_taken":0,"max_hp_gain":0,"max_hp_loss":0,"event_name":"Wheel of Change","floor":3,"gold_loss":0},{"cards_removed":["Eruption"],"damage_healed":0,"gold_gain":0,"player_choice":"Purged","damage_taken":0,"max_hp_gain":0,"max_hp_loss":0,"event_name":"Purifier","floor":5,"gold_loss":0},{"damage_healed":0,"gold_gain":0,"player_choice":"Leave","damage_taken":0,"max_hp_gain":0,"max_hp_loss":0,"event_name":"conspire:Investor","floor":14,"gold_loss":0},{"cards_removed":["stsjorbsmod:Rest"],"damage_healed":0,"gold_gain":0,"player_choice":"Gave Gold","damage_taken":0,"max_hp_gain":0,"max_hp_loss":0,"event_name":"Beggar","floor":19,"gold_loss":75},{"damage_healed":0,"gold_gain":0,"player_choice":"Trade","damage_taken":0,"relics_obtained":["GremlinMask"],"max_hp_gain":0,"max_hp_loss":0,"event_name":"FaceTrader","floor":20,"gold_loss":0},{"damage_healed":0,"gold_gain":0,"player_choice":"Simplicity","damage_taken":0,"max_hp_gain":0,"max_hp_loss":0,"event_name":"Back to Basics","floor":22,"gold_loss":0,"cards_upgraded":["Strike_R","Strike_G","Strike_B","Defend_R","Defend_G","Defend_P"]}],"is_beta":false,"boss_relics":[{"not_picked":["Replay:Bronze Core","hubris:CrackedHourglass"],"picked":"hermit:DentedPlate"}],"items_purged_floors":[],"is_endless":false,"potions_floor_spawned":[4,6,7,16],"killed_by":"Book of Stabbing","ascension_level":20}}