{"host":"vsdszi3rnxsdp24p","time":1609881372,"event":{"mods":["AchievementEnabler","BaseMod","Bestiary","Colored Map","Colored Powertips","Curses Come First","DeckTracker","Hermit","Highlight Path","Ironclad Rager","Minty Spire (QoL Compilation)","Quick Restart","Relic Sorter","Relic Stats","StSLib","SuperFastMode","Synergy Search","The Cursed","The Mystic"],"gold_per_floor":[360,379,389,408,17,17,37,37,37,37,37,312,324,335,335,439,439,450,38,57,57,57],"floor_reached":21,"playtime":715,"items_purged":[],"score":173,"play_id":"c9185630-7d4e-4604-bb01-57f04ce1ed98","local_time":"20210105221612","is_ascension_mode":false,"campfire_choices":[{"data":"Apotheosis","floor":6,"key":"SMITH"},{"data":"Combust","floor":11,"key":"SMITH"},{"floor":15,"key":"REST"}],"circlet_count":0,"master_deck":["Strike_R","Strike_R","Strike_R","Strike_R","Strike_R","Defend_R","Defend_R","Defend_R","Defend_R","Bash","Armaments","Rampage","Uppercut","Blood for Blood","Apotheosis+1","Limit Break","Combust+1","Pommel Strike","Blood for Blood+1","Regret","Battle Trance","Anger+1","Barricade","CurseOfTheBell","Power Through+1","Shockwave","Evolve","Entrench"],"relics":["Burning Blood","Molten Egg 2","Calling Bell","Vajra","Gremlin Horn","FossilizedHelix","Ancient Tea Set","Toolbox"],"acts_visited":["Exordium","TheCity"],"potions_floor_usage":[4,16,18,20,21],"damage_taken":[{"damage":5,"enemies":"Small Slimes","floor":1,"turns":3},{"damage":15,"enemies":"Cultist","floor":2,"turns":8},{"damage":16,"enemies":"Jaw Worm","floor":3,"turns":5},{"damage":10,"enemies":"Gremlin Gang","floor":4,"turns":7},{"damage":19,"enemies":"Large Slime","floor":7,"turns":5},{"damage":17,"enemies":"Looter","floor":13,"turns":3},{"damage":19,"enemies":"Lots of Slimes","floor":14,"turns":2},{"damage":35,"enemies":"Slime Boss","floor":16,"turns":7},{"damage":33,"enemies":"3 Byrds","floor":18,"turns":4},{"damage":35,"enemies":"Spheric Guardian","floor":20,"turns":6},{"damage":19,"enemies":"3 Cultists","floor":21,"turns":4}],"seed_played":"-5420730179907826371","potions_obtained":[{"floor":1,"key":"FearPotion"},{"floor":4,"key":"Ancient Potion"},{"floor":16,"key":"EntropicBrew"},{"floor":20,"key":"EssenceOfSteel"}],"is_trial":false,"path_per_floor":["M","M","M","M","$","R","M","?","T","?","R","?","M","M","R","B",null,"M","$","M","M"],"character_chosen":"IRONCLAD","items_purchased":["Apotheosis","Limit Break","Combust","Pommel Strike","Ancient Tea Set","Toolbox","Shockwave","Evolve"],"campfire_rested":1,"item_purchase_floors":[5,5,5,5,19,19,19,19],"current_hp_per_floor":[72,63,53,49,49,49,36,60,60,60,60,60,49,36,57,28,72,45,45,16,0,0],"gold":57,"neow_bonus":"TWO_FIFTY_GOLD","is_daily":false,"chose_seed":false,"campfire_upgraded":2,"win_rate":0.0,"timestamp":1609881372,"path_taken":["M","M","M","M","$","R","M","?","T","?","R","?","M","M","R","BOSS","M","$","M","M"],"items_purchased_type":["Card","Card","Card","Card","Relic","Relic","Card","Card"],"build_version":"2020-12-22","purchased_purges":0,"victory":false,"max_hp_per_floor":[72,72,72,72,72,72,72,72,72,72,72,72,72,72,72,72,72,72,72,72,72,72],"relic_stats":{"Gremlin Horn":[1,3],"counters":[11,54],"obtain_stats":[{"Calling Bell":17,"Gremlin Horn":17,"Vajra":17,"Toolbox":19,"Molten Egg 2":9,"Ancient Tea Set":19,"Burning Blood":0,"FossilizedHelix":17},{"Calling Bell":8,"Gremlin Horn":8,"Vajra":8,"Toolbox":9,"Molten Egg 2":5,"Ancient Tea Set":9,"Burning Blood":0,"FossilizedHelix":8},{"Calling Bell":40,"Gremlin Horn":40,"Vajra":40,"Toolbox":44,"Molten Egg 2":28,"Ancient Tea Set":44,"Burning Blood":0,"FossilizedHelix":40}],"Burning Blood":59},"card_choices":[{"not_picked":["Uppercut","Flame Barrier"],"picked":"Armaments","floor":1},{"not_picked":["Headbutt","Disarm"],"picked":"Rampage","floor":2},{"not_picked":["Body Slam","Havoc"],"picked":"Uppercut","floor":3},{"not_picked":["Clash","Evolve"],"picked":"Blood for Blood","floor":4},{"not_picked":["True Grit","Flame Barrier"],"picked":"Blood for Blood","floor":7},{"not_picked":["Disarm","Pummel+1"],"picked":"Battle Trance","floor":13},{"not_picked":["Flex","Clash+1"],"picked":"Anger+1","floor":14},{"not_picked":["Immolate+1","Impervious"],"picked":"Barricade","floor":16},{"not_picked":["Warcry","Perfected Strike+1"],"picked":"Power Through+1","floor":18},{"not_picked":["Cleave+1","Clash+1"],"picked":"Entrench","floor":20}],"player_experience":147610,"relics_obtained":[{"floor":9,"key":"Molten Egg 2"},{"floor":17,"key":"Vajra"},{"floor":17,"key":"Gremlin Horn"},{"floor":17,"key":"FossilizedHelix"}],"event_choices":[{"damage_healed":24,"gold_gain":0,"player_choice":"Banana","damage_taken":0,"max_hp_gain":0,"max_hp_loss":0,"event_name":"Big Fish","floor":8,"gold_loss":0},{"damage_healed":0,"gold_gain":0,"player_choice":"Grow","damage_taken":0,"max_hp_gain":0,"max_hp_loss":0,"event_name":"Living Wall","floor":10,"gold_loss":0,"cards_upgraded":["Blood for Blood"]},{"damage_healed":0,"gold_gain":275,"player_choice":"Desecrate","damage_taken":0,"max_hp_gain":0,"max_hp_loss":0,"event_name":"Golden Shrine","floor":12,"gold_loss":0,"cards_obtained":["Regret"]}],"is_beta":false,"boss_relics":[{"not_picked":["Ectoplasm","Mark of Pain"],"picked":"Calling Bell"}],"items_purged_floors":[],"is_endless":false,"potions_floor_spawned":[1,4,16,20],"killed_by":"3 Cultists","ascension_level":0}}