{"host":"yecadp3kwkksam5a","time":1609871438,"event":{"mods":["BaseMod","Minty Spire (QoL Compilation)","Replay The Spire","StSLib","The Jungle"],"gold_per_floor":[414,339,351,351,124,150,163,180,180,180,197,226,226,226,226],"floor_reached":14,"playtime":716,"items_purged":["Defend_G"],"score":375,"play_id":"329ce00e-0271-49ed-8ff6-7605e67aa692","local_time":"20210106033038","is_ascension_mode":true,"campfire_choices":[{"floor":13,"key":"RECALL"}],"circlet_count":0,"master_deck":["AscendersBane","Defend_G","Defend_G","Bouncing Flask+1","Underhanded Strike","Quick Slash","Prepared+1","Deflect","Acrobatics+1","Tactician+1","Purity+1","Venomology+1","Concentrate+1","Reflex+1","Footwork+1","Backflip+1","Decay","Acrobatics+1","Deflect+1","ReplayTheSpireMod:The Works","Leap","Acrobatics","Acrobatics"],"relics":["Ring of the Snake","Old Coin","Happy Flower","ClockworkSouvenir","Empty Cage","Akabeko","InkBottle","Turnip","White Beast Statue","Runic Pyramid","Kunai","MealTicket","Torii","Membership Card","Gremlin Horn","Thread and Needle"],"acts_visited":["Exordium"],"potions_floor_usage":[11,12,14],"damage_taken":[{"damage":0.0,"enemies":"Small Slimes","floor":1.0,"turns":2.0},{"damage":0.0,"enemies":"Cultist","floor":3.0,"turns":2.0},{"damage":0.0,"enemies":"3 Sentries","floor":6.0,"turns":1.0},{"damage":0.0,"enemies":"2 Louse","floor":7.0,"turns":1.0},{"damage":0,"enemies":"2 Fungi Beasts","floor":8,"turns":1},{"damage":18,"enemies":"Lots of Slimes","floor":11,"turns":2},{"damage":0,"enemies":"Gremlin Nob","floor":12,"turns":2},{"damage":1,"enemies":"3 Sentries","floor":14,"turns":3}],"seed_played":"4501590347712815866","potions_obtained":[{"floor":0.0,"key":"SteroidPotion"},{"floor":0.0,"key":"Swift Potion"}],"is_trial":false,"path_per_floor":["M","?","M","?","$","E","M","M","T","?","M","E","R","E"],"character_chosen":"THE_SILENT","items_purchased":["Membership Card","Acrobatics"],"campfire_rested":0,"item_purchase_floors":[5,5],"current_hp_per_floor":[63,63,63,63,63,63,63,63,63,59,41,41,41,40,40],"gold":226,"neow_bonus":"THREE_SMALL_POTIONS","is_daily":false,"chose_seed":false,"campfire_upgraded":0,"win_rate":0.0,"timestamp":1609871438,"path_taken":["M","?","M","?","$","E","M","M","T","?","M","E","R","E"],"items_purchased_type":["Relic","Card"],"build_version":"2020-12-22","purchased_purges":1,"victory":false,"max_hp_per_floor":[63,63,63,63,63,63,63,63,63,63,63,63,63,63,63],"card_choices":[{"not_picked":["Dodge and Roll","Deflect"],"picked":"ReplayTheSpireMod:The Works","floor":1.0},{"not_picked":["Backstab","Outmaneuver","Sucker Punch"],"picked":"SKIP","floor":3.0},{"not_picked":["Expertise","ReplayTheSpireMod:Necrosis"],"picked":"Acrobatics","floor":6.0},{"not_picked":["Deflect","Poisoned Stab","Deadly Poison"],"picked":"SKIP","floor":7.0},{"not_picked":["Cloak And Dagger","Bane","Sucker Punch"],"picked":"SKIP","floor":8},{"not_picked":["Sucker Punch","Prepared","Blade Dance"],"picked":"SKIP","floor":11},{"not_picked":["Finisher","Cloak And Dagger","Atom Bomb"],"picked":"SKIP","floor":12}],"player_experience":392729,"relics_obtained":[{"floor":6.0,"key":"Gremlin Horn"},{"floor":12,"key":"Thread and Needle"}],"event_choices":[{"cards_removed":["Defend_G"],"damage_healed":0.0,"max_hp_gain":0.0,"max_hp_loss":0.0,"gold_gain":0.0,"event_name":"The Cleric","player_choice":"Card Removal","floor":2.0,"gold_loss":75.0,"damage_taken":0.0},{"damage_healed":0,"gold_gain":0,"player_choice":"Bought 0 Potions","damage_taken":0,"max_hp_gain":0,"max_hp_loss":0,"event_name":"The Woman in Blue","floor":10,"gold_loss":0}],"is_beta":false,"boss_relics":[],"items_purged_floors":[5],"is_endless":false,"potions_floor_spawned":[1,3,6,7,8,11,12],"killed_by":"3 Sentries","ascension_level":20}}