{"host":"a1u4jo6xlg3w0wsm","time":1609839343,"event":{"mods":["BaseMod","Better Third Choice","DeckTracker","Downfall","Hermit","Hubris","Minty Spire (QoL Compilation)","Replay The Spire","StSLib"],"gold_per_floor":[111,76,90,90,108,141,141,176,176,188,188,200,170,120,120,220,220,231,231,251,18,30,63,63,94,94,119,119,133,133,145,145,240,290,307,128,38,56,56,56,88,88,88,106,106,133,133,133,133,133,133,133,8,34,34],"floor_reached":56,"playtime":4002,"items_purged":["hermit:Defend_Hermit","hermit:Strike_Hermit","hermit:Strike_Hermit"],"score":1372,"play_id":"3ea1eb15-88b5-403c-a2e1-120d230e85dd","local_time":"20210105223543","is_ascension_mode":true,"campfire_choices":[{"data":"hermit:ShadowCloak","floor":7,"key":"SMITH"},{"floor":11,"key":"REST"},{"floor":15,"key":"REST"},{"floor":24,"key":"REST"},{"floor":32,"key":"REST"},{"data":"hermit:SprayPray","floor":40,"key":"SMITH"},{"floor":42,"key":"RECALL"},{"floor":45,"key":"REST"},{"floor":49,"key":"REST"},{"data":"hermit:Vantage","floor":52,"key":"SMITH"}],"circlet_count":0,"master_deck":["hermit:Strike_Hermit","hermit:Defend_Hermit+1","hermit:Snapshot+1","hermit:Covet","hermit:Glare","hermit:Determination+1","hermit:ShadowCloak+1","Regret","hermit:Determination","hermit:Quickdraw","hermit:Desperado+1","hermit:Misfire","hermit:HoleUp","hermit:FatalDesire+1","CurseOfTheBell","hermit:Manifest+1","hermit:FlashPowder+1","hermit:ShadowCloak+1","hermit:CursedWeapon+1","hermit:Malice","hermit:Coalescence+1","hermit:Determination+1","hermit:SprayPray+1","hermit:HoleUp","hermit:FromBeyond","hermit:Snipe+1","hermit:Coalescence","hermit:Misfire","hermit:Misfire","hermit:Vantage+1","Writhe","Deep Breath","hermit:HoleUp+1"],"relics":["hermit:Momento","NeowsBlessing","Centennial Puzzle","hermit:CharredGlove","Durian","Frozen Egg 2","Calling Bell","Juzu Bracelet","ReplayTheSpireMod:Ninjato","TungstenRod","PreservedInsect","hubris:SphereOfDissonance","hubris:Metronome","Whetstone","Tiny House","Bottled Tornado","Lantern","Onion Ring"],"acts_visited":["Exordium","TheCity","TheBeyond","TheEnding"],"potions_floor_usage":[6,8,20,23,33,35,46,46,55],"damage_taken":[{"damage":0,"enemies":"Small Slimes","floor":1,"turns":1},{"damage":0,"enemies":"Jaw Worm","floor":3,"turns":1},{"damage":0,"enemies":"2 Louse","floor":5,"turns":1},{"damage":24,"enemies":"Lagavulin","floor":6,"turns":7},{"damage":25,"enemies":"3 Sentries","floor":8,"turns":8},{"damage":3,"enemies":"Looter","floor":10,"turns":2},{"damage":6,"enemies":"3 Louse","floor":12,"turns":3},{"damage":3,"enemies":"Fading Forest","floor":16,"turns":11},{"damage":25,"enemies":"3 Byrds","floor":18,"turns":7},{"damage":0,"enemies":"Spheric Guardian","floor":20,"turns":4},{"damage":7,"enemies":"Centurion and Healer","floor":22,"turns":7},{"damage":4,"enemies":"Replay:Snechameleon","floor":23,"turns":6},{"damage":14,"enemies":"Book of Stabbing","floor":25,"turns":5},{"damage":5,"enemies":"Chosen and Byrds","floor":29,"turns":4},{"damage":0,"enemies":"Snecko","floor":31,"turns":3},{"damage":3,"enemies":"Pondfish","floor":33,"turns":8},{"damage":3,"enemies":"3 Shapes","floor":35,"turns":5},{"damage":14,"enemies":"3 Darklings","floor":38,"turns":4},{"damage":0,"enemies":"R_Hoarder","floor":41,"turns":7},{"damage":77,"enemies":"4 Shapes","floor":44,"turns":4},{"damage":19,"enemies":"Nemesis","floor":46,"turns":5},{"damage":17,"enemies":"Replay:Hell Engine","floor":50,"turns":9},{"damage":38,"enemies":"Shield and Spear","floor":54,"turns":6},{"damage":38,"enemies":"The Heart","floor":55,"turns":10}],"seed_played":"8364540224413551057","potions_obtained":[{"floor":3,"key":"SteroidPotion"},{"floor":6,"key":"AttackPotion"},{"floor":8,"key":"hermit:Tonic"},{"floor":12,"key":"FairyPotion"},{"floor":20,"key":"Explosive Potion"},{"floor":22,"key":"Block Potion"},{"floor":23,"key":"SteroidPotion"},{"floor":33,"key":"BlessingOfTheForge"},{"floor":38,"key":"Languid Potion"},{"floor":41,"key":"champ:CounterPotion"},{"floor":54,"key":"hexamod:EctoCoolerPotion"}],"is_trial":false,"path_per_floor":["M","$","M","?","M","E","R","E","T","M","R","M","?","?","R","B",null,"M","?","M","$","M","E","R","E","T","T","?","M","?","M","R","B",null,"M","$","?","M","$","R","E","R","T","M","R","E","?","?","R","B",null,"R","$","E","B",null],"character_chosen":"HERMIT","items_purchased":["hermit:Determination","hermit:ShadowCloak+1","hermit:CursedWeapon","hermit:Coalescence","hermit:Misfire"],"campfire_rested":6,"item_purchase_floors":[2,21,21,36,36],"current_hp_per_floor":[75,75,75,75,75,51,51,31,31,28,52,46,46,46,70,67,80,55,55,55,55,48,44,68,54,54,57,60,55,58,58,80,77,85,82,82,85,71,71,71,71,71,71,25,50,31,55,58,83,66,85,85,85,47,9],"gold":34,"neow_bonus":"THREE_ENEMY_KILL","is_daily":false,"chose_seed":false,"campfire_upgraded":3,"win_rate":0.0,"timestamp":1609839343,"path_taken":["M","$","M","?","M","E","R","E","T","M","R","M","?","?","R","BOSS","M","?","M","$","M","E","R","E","T","?","?","M","?","M","R","BOSS","M","$","?","M","$","R","E","R","T","M","R","E","?","?","R","BOSS","R","$","E","BOSS"],"items_purchased_type":["Card","Card","Card","Card","Card"],"build_version":"2020-12-13","purchased_purges":3,"victory":true,"max_hp_per_floor":[75,75,75,75,75,75,75,80,80,80,80,80,80,80,80,80,80,80,80,80,80,80,80,80,80,80,80,80,80,80,80,80,80,85,85,85,85,85,85,85,85,85,85,85,85,85,85,85,85,85,85,85,85,85,85],"card_choices":[{"not_picked":["hermit:Ricochet","hermit:Coalescence"],"picked":"hermit:Glare","floor":1},{"not_picked":["hermit:CursedWeapon","hermit:Vantage"],"picked":"hermit:ShadowCloak","floor":3},{"not_picked":["hermit:Spite","hermit:BodyArmor"],"picked":"hermit:Determination","floor":5},{"not_picked":["hermit:Malice","hermit:TrackingShot"],"picked":"hermit:Quickdraw","floor":6},{"not_picked":["hermit:Roulette","hermit:Ricochet"],"picked":"hermit:Desperado","floor":8},{"not_picked":["hermit:PistolWhip","hermit:Feint"],"picked":"hermit:Misfire","floor":10},{"not_picked":["hermit:BlackWind","hermit:Deadeye"],"picked":"hermit:HoleUp","floor":12},{"not_picked":["hermit:Dissolve","hermit:Reprieve"],"picked":"hermit:FatalDesire+1","floor":16},{"not_picked":["hermit:CalledShot","hermit:Midnight"],"picked":"hermit:Manifest+1","floor":18},{"not_picked":["hermit:LuckOfTheDraw","hermit:DeadMansHand"],"picked":"hermit:FlashPowder+1","floor":20},{"not_picked":["hermit:Ricochet","hermit:Midnight"],"picked":"hermit:Malice","floor":22},{"not_picked":["hermit:Midnight+1","hermit:Shortfuse+1"],"picked":"hermit:Coalescence+1","floor":23},{"not_picked":["hermit:Glare+1","hermit:Cheat"],"picked":"hermit:Determination+1","floor":25},{"not_picked":["hermit:DeadMansHand","hermit:Reprieve"],"picked":"hermit:SprayPray","floor":29},{"not_picked":["hermit:TakeCover","hermit:FullyLoaded+1","hermit:DeadMansHand"],"picked":"SKIP","floor":31},{"not_picked":["hermit:DeadOrAlive","hermit:FatalDesire+1"],"picked":"hermit:FromBeyond","floor":33},{"not_picked":["hermit:DeadMansHand+1","hermit:LoneWolf+1"],"picked":"hermit:Snipe+1","floor":34},{"not_picked":["hermit:ItchyTrigger+1","hermit:Feint","hermit:BodyArmor"],"picked":"SKIP","floor":35},{"not_picked":["hermit:Feint","hermit:LuckOfTheDraw","hermit:PistolWhip"],"picked":"SKIP","floor":38},{"not_picked":["hermit:BodyArmor+1","hermit:TrackingShot+1"],"picked":"hermit:Vantage","floor":41},{"not_picked":["hermit:DeadMansHand+1","hermit:ItchyTrigger+1","hermit:Scavenge+1"],"picked":"SKIP","floor":44},{"not_picked":["hermit:TrackingShot+1","hermit:Roughhouse","hermit:Showdown+1"],"picked":"SKIP","floor":46},{"not_picked":["Replay:SS_hec_4","ReplayTheSpireMod:Trickstab"],"picked":"Deep Breath","floor":48},{"not_picked":["hermit:FinalCanter","hermit:Snipe+1"],"picked":"hermit:HoleUp+1","floor":54}],"player_experience":306012,"relics_obtained":[{"floor":6,"key":"hermit:CharredGlove"},{"floor":8,"key":"Durian"},{"floor":9,"key":"Frozen Egg 2"},{"floor":17,"key":"Juzu Bracelet"},{"floor":17,"key":"ReplayTheSpireMod:Ninjato"},{"floor":17,"key":"TungstenRod"},{"floor":23,"key":"PreservedInsect"},{"floor":25,"key":"hubris:SphereOfDissonance"},{"floor":26,"key":"hubris:Metronome"},{"floor":27,"key":"Whetstone"},{"floor":41,"key":"Bottled Tornado"},{"floor":46,"key":"Lantern"},{"floor":54,"key":"Onion Ring"}],"event_choices":[{"damage_healed":0,"gold_gain":0,"player_choice":"Box","damage_taken":0,"relics_obtained":["Centennial Puzzle"],"max_hp_gain":0,"max_hp_loss":0,"event_name":"Big Fish","floor":4,"gold_loss":0,"cards_obtained":["Regret"]},{"damage_healed":0,"gold_gain":0,"player_choice":"Left","damage_taken":0,"max_hp_gain":0,"max_hp_loss":0,"event_name":"betterThird:BetterGoop","floor":13,"gold_loss":30},{"cards_removed":["hermit:Defend_Hermit"],"damage_healed":0,"gold_gain":0,"player_choice":"Card Removal","damage_taken":0,"max_hp_gain":0,"max_hp_loss":0,"event_name":"The Cleric","floor":14,"gold_loss":50},{"cards_removed":["hermit:Defend_Hermit"],"damage_healed":0,"gold_gain":0,"player_choice":"Elegance","damage_taken":0,"max_hp_gain":0,"max_hp_loss":0,"event_name":"betterThird:BetterWriting","floor":19,"gold_loss":0},{"damage_healed":0,"gold_gain":0,"player_choice":"Read","damage_taken":0,"max_hp_gain":0,"max_hp_loss":0,"event_name":"The Library","floor":30,"gold_loss":0,"cards_obtained":["hermit:HoleUp"]},{"cards_removed":["hermit:Strike_Hermit"],"damage_healed":0,"gold_gain":0,"player_choice":"Upgrade and Remove","damage_taken":0,"max_hp_gain":0,"max_hp_loss":0,"event_name":"Designer","floor":37,"gold_loss":90,"cards_upgraded":["hermit:Desperado"]},{"damage_healed":21,"gold_gain":0,"player_choice":"Writhe","damage_taken":0,"max_hp_gain":0,"max_hp_loss":0,"event_name":"Winding Halls","floor":47,"gold_loss":0,"cards_obtained":["Writhe"]},{"damage_healed":0,"gold_gain":0,"player_choice":"Memory 1","damage_taken":0,"max_hp_gain":0,"max_hp_loss":0,"event_name":"SensoryStone","floor":48,"gold_loss":0}],"is_beta":false,"boss_relics":[{"not_picked":["hermit:ClaspedLocket","ChewingGum"],"picked":"Calling Bell"},{"not_picked":["hubris:GrandSneckoEye","Abe\u0027s Treasure"],"picked":"Tiny House"}],"items_purged_floors":[21,36,53],"is_endless":false,"potions_floor_spawned":[3,6,8,12,20,22,23,31,33,38,41,54],"ascension_level":3}}