{"host":"w9yruvs4bqht6bhw","time":1609811380,"event":{"mods":["BaseMod","Colored Powertips","Minty Spire (QoL Compilation)"],"gold_per_floor":[117,136,136,146,156,156,185,62,87,119,68,81,81,98,98,193,193,211,229,244,87,102,102,112,112,112,145,145,145],"floor_reached":28,"playtime":1051,"items_purged":["Strike_R"],"score":353,"play_id":"a41998b9-8f3c-4bba-84cd-d231cdd38ead","local_time":"20210104204940","is_ascension_mode":true,"campfire_choices":[{"data":"Clothesline","floor":6,"key":"SMITH"},{"data":"Headbutt","floor":13,"key":"SMITH"},{"data":"Seeing Red","floor":15,"key":"SMITH"},{"floor":23,"key":"REST"},{"data":"Clash","floor":25,"key":"SMITH"}],"circlet_count":0,"master_deck":["Strike_R+1","Strike_R","Strike_R","Defend_R","Defend_R","Defend_R","Defend_R","Bash+1","Immolate","Clash+1","Clothesline+1","Shrug It Off","Shrug It Off","Headbutt+1","Seeing Red+1","Reaper","Seeing Red+1","Clash+1"],"relics":["Burning Blood","Blood Vial","Whetstone","Lantern","Sozu","DollysMirror","Anchor","Ancient Tea Set"],"acts_visited":["Exordium","TheCity"],"potions_floor_usage":[16,16,16],"damage_taken":[{"damage":0,"enemies":"2 Louse","floor":1,"turns":1},{"damage":1,"enemies":"Cultist","floor":2,"turns":3},{"damage":0,"enemies":"Small Slimes","floor":4,"turns":2},{"damage":4,"enemies":"Looter","floor":5,"turns":4},{"damage":36,"enemies":"Lagavulin","floor":7,"turns":7},{"damage":22,"enemies":"Gremlin Nob","floor":10,"turns":5},{"damage":1,"enemies":"Blue Slaver","floor":12,"turns":3},{"damage":0,"enemies":"Exordium Wildlife","floor":14,"turns":3},{"damage":61,"enemies":"The Guardian","floor":16,"turns":16},{"damage":23,"enemies":"3 Byrds","floor":18,"turns":5},{"damage":13,"enemies":"Shell Parasite","floor":19,"turns":4},{"damage":9,"enemies":"Snake Plant","floor":20,"turns":3},{"damage":39,"enemies":"Centurion and Healer","floor":22,"turns":7},{"damage":23,"enemies":"Shelled Parasite and Fungi","floor":24,"turns":6},{"damage":36,"enemies":"Slavers","floor":27,"turns":7},{"damage":0,"enemies":"Chosen and Byrds","floor":28,"turns":1}],"seed_played":"-7761174620071260114","potions_obtained":[{"floor":1,"key":"BloodPotion"},{"floor":4,"key":"BlessingOfTheForge"}],"is_trial":false,"path_per_floor":["M","M","?","M","M","R","E","$","T","E","$","M","R","M","R","B",null,"M","M","M","$","M","R","M","R","T","E","M"],"character_chosen":"IRONCLAD","items_purchased":["SteroidPotion","Shrug It Off","DollysMirror"],"campfire_rested":1,"item_purchase_floors":[8,11,21],"current_hp_per_floor":[78,80,80,80,80,80,50,50,50,36,36,43,43,51,51,14,64,55,50,49,49,26,50,35,35,35,19,21,21],"gold":145,"neow_bonus":"ONE_RANDOM_RARE_CARD","is_daily":false,"chose_seed":false,"campfire_upgraded":4,"win_rate":0.0,"timestamp":1609811380,"path_taken":["M","M","?","?","M","R","E","?","T","E","$","M","R","M","R","BOSS","M","M","M","$","M","R","M","R","T","E","M"],"items_purchased_type":["Potion","Card","Relic"],"build_version":"2020-12-22","purchased_purges":1,"victory":false,"max_hp_per_floor":[80,80,80,80,80,80,80,80,80,80,80,80,80,80,80,80,80,80,80,80,80,80,80,80,80,80,80,80,80],"card_choices":[{"not_picked":["Shockwave","Iron Wave"],"picked":"Clash","floor":1},{"not_picked":["Perfected Strike","Clash"],"picked":"Clothesline","floor":2},{"not_picked":["Thunderclap","Burning Pact","Dual Wield"],"picked":"SKIP","floor":4},{"not_picked":["Power Through","Metallicize"],"picked":"Shrug It Off","floor":5},{"not_picked":["Impervious","Fire Breathing","Burning Pact"],"picked":"SKIP","floor":7},{"not_picked":["Hemokinesis","Clash","Impervious"],"picked":"SKIP","floor":10},{"not_picked":["Entrench","Anger"],"picked":"Headbutt","floor":12},{"not_picked":["Body Slam","Metallicize"],"picked":"Seeing Red","floor":14},{"not_picked":["Brutality","Bludgeon"],"picked":"Reaper","floor":16},{"not_picked":["Burning Pact","Flex","Headbutt"],"picked":"SKIP","floor":18},{"not_picked":["Burning Pact","Iron Wave","Shrug It Off"],"picked":"SKIP","floor":19},{"not_picked":["Dropkick","Body Slam","Armaments"],"picked":"SKIP","floor":20},{"not_picked":["Rupture+1","Dual Wield"],"picked":"Clash+1","floor":22},{"not_picked":["Warcry+1","Flex","Headbutt"],"picked":"SKIP","floor":24},{"not_picked":["Bludgeon","Seeing Red","Flame Barrier+1"],"picked":"SKIP","floor":27}],"player_experience":327149,"relics_obtained":[{"floor":7,"key":"Blood Vial"},{"floor":9,"key":"Whetstone"},{"floor":10,"key":"Lantern"},{"floor":26,"key":"Anchor"},{"floor":27,"key":"Ancient Tea Set"}],"event_choices":[{"cards_removed":["Strike_R"],"damage_healed":0,"gold_gain":0,"player_choice":"Offered Basic","damage_taken":0,"max_hp_gain":0,"max_hp_loss":0,"event_name":"Bonfire Elementals","floor":3,"gold_loss":0}],"is_beta":false,"boss_relics":[{"not_picked":["Philosopher\u0027s Stone","Runic Cube"],"picked":"Sozu"}],"items_purged_floors":[8],"is_endless":false,"potions_floor_spawned":[1,4,12,14,18,19,27],"killed_by":"Chosen and Byrds","ascension_level":8}}