{"host":"0nfdmr2b19ur4mbc","time":1609869503,"event":{"mods":["2.2 Compatiblity","AchievementEnabler","Aspiration","BaseMod","Better Match","Better Note","Better Third Choice","Better Vampires","Disable Question Mark Monsters","Googly Eyes","Hubris","Infinite Spire","Minty Spire (QoL Compilation)","Quick Restart","Rare Cards Sparkle","Replay The Spire","StSLib"],"gold_per_floor":[116,116,125,125,125,160,180,180,207,217,217,217,217,37,37,142,142],"floor_reached":16,"playtime":291,"items_purged":[],"score":171,"play_id":"121a78a0-1a92-45f3-b20d-c6bee9efd510","local_time":"20210105185823","is_ascension_mode":false,"campfire_choices":[{"data":"Metallicize","floor":8,"key":"SMITH"},{"data":"Bash","floor":11,"key":"SMITH"},{"floor":15,"key":"DIG"}],"circlet_count":0,"master_deck":["Strike_R","Strike_R","Strike_R","Strike_R","Defend_R","Defend_R","Defend_R","Defend_R","Bash+1","Anger","Metallicize+1","hubris:ReadiedAction","ReplayUltimateDefense"],"relics":["Burning Blood","NeowsBlessing","CeramicFish","Juzu Bracelet","infinitespire:Broken Mirror","Tiny Chest","hubris:Towel","Blue Doll"],"acts_visited":["Exordium"],"potions_floor_usage":[16,16],"damage_taken":[{"damage":0,"enemies":"Cultist","floor":1,"turns":1},{"damage":0,"enemies":"Gremlin Nob","floor":6,"turns":1},{"damage":0,"enemies":"2 Louse","floor":7,"turns":1},{"damage":0,"enemies":"Small Slimes","floor":10,"turns":5},{"damage":64,"enemies":"Hexaghost","floor":16,"turns":13}],"seed_played":"-2406516420463576380","potions_obtained":[{"floor":6,"key":"Block Potion"},{"floor":10,"key":"SpeedPotion"}],"is_trial":false,"path_per_floor":["M","?","?","?","?","E","M","R","T","M","R","?","?","$","R","B"],"character_chosen":"IRONCLAD","items_purchased":["ReplayUltimateDefense"],"campfire_rested":0,"item_purchase_floors":[14],"current_hp_per_floor":[80,73,73,66,66,72,78,78,78,80,80,80,80,80,80,22,22],"gold":142,"neow_bonus":"THREE_ENEMY_KILL","is_daily":false,"chose_seed":false,"campfire_upgraded":2,"win_rate":0.0,"timestamp":1609869503,"path_taken":["M","?","?","?","?","E","M","R","T","M","R","?","?","?","R","BOSS"],"items_purchased_type":["Card"],"build_version":"2020-12-22","purchased_purges":0,"victory":false,"max_hp_per_floor":[80,80,80,80,80,80,80,80,80,80,80,80,80,80,80,80,80],"card_choices":[{"not_picked":["Wild Strike","Perfected Strike"],"picked":"Anger","floor":1},{"not_picked":["infinitespire:OneForAll","Perfected Strike"],"picked":"Metallicize","floor":6},{"not_picked":["ReplayTheSpireMod:Strike From Hell","Body Slam"],"picked":"hubris:ReadiedAction","floor":7},{"not_picked":["Wild Strike","hubris:ReadiedAction","Clothesline"],"picked":"SKIP","floor":10}],"player_experience":151447,"relics_obtained":[{"floor":6,"key":"infinitespire:Broken Mirror"},{"floor":9,"key":"Tiny Chest"},{"floor":15,"key":"Blue Doll"}],"event_choices":[{"damage_healed":0,"gold_gain":0,"player_choice":"Relic ","damage_taken":7,"max_hp_gain":0,"max_hp_loss":0,"event_name":"betterThird:BetterScrap","floor":2,"gold_loss":0,"cards_obtained":["WreathOfFlame"]},{"damage_healed":0,"gold_gain":0,"player_choice":"Box","damage_taken":0,"relics_obtained":["Juzu Bracelet"],"max_hp_gain":0,"max_hp_loss":0,"event_name":"Big Fish","floor":3,"gold_loss":0,"cards_obtained":["Regret"]},{"cards_removed":["Regret"],"damage_healed":0,"gold_gain":0,"player_choice":"Card Removal","damage_taken":7,"max_hp_gain":0,"max_hp_loss":0,"event_name":"Golden Wing","floor":4,"gold_loss":0},{"damage_healed":0,"gold_gain":0,"player_choice":"Bought 0 Potions","damage_taken":0,"max_hp_gain":0,"max_hp_loss":0,"event_name":"The Woman in Blue","floor":5,"gold_loss":0},{"cards_removed":["Strike_R"],"damage_healed":0,"gold_gain":0,"player_choice":"Purged","damage_taken":0,"max_hp_gain":0,"max_hp_loss":0,"event_name":"Purifier","floor":13,"gold_loss":0}],"is_beta":false,"boss_relics":[],"items_purged_floors":[],"is_endless":false,"potions_floor_spawned":[6,10],"killed_by":"Hexaghost","ascension_level":0}}