{"host":"s3g5dmvfnpdztvul","time":1609885926,"event":{"mods":["AchievementEnabler","AlwaysNeverKeys","Aspiration","BaseMod","Better Altar","Better Match","Better Note","Better Sensory Stone","Better Vampires","BetterRewards","CatGirl Mod","Challenge The Spire","Colored Map","Colored Powertips","Colorless Booster Pack","Conspire","Curses Come First","DeckTracker","Defuse TimeMaze Blight","Displayed Cursed Tome","Downfall","Energized Spire","Fiend Mod","Friendly Minions","GifTheSpireLib","Hubris","Hyrulean Relics","Infinite Spire","Ironclad Rager","Jedi Mod","Marisa????????","Marked Mod","Mimic Mod","Minty Spire (QoL Compilation)","Permanent Neow","Quick Restart","Railgun Mod","Random Character Button","Rare Cards Sparkle","Replay The Spire","SCP261 Mod","Shade Mod","Small Relic Pack","Spicy Shops","Spikes Relics","StSLib","Stuff the Spire","The Alterego","The Blue Laboratory","The Clintock","The Cursed","The Factory","The Jungle","The Necromancer","TheSwordswoman","Trackpad","Unceasing Turn Reminder","Virulent Crown","Waifu the Spire","Wandering Minibosses","vexMod"],"gold_per_floor":[119,139,39,39,55,55,90,101,101,101,10,20,35,45,45,146,146,160,160,179,192,192,224,224,224,224],"floor_reached":25,"playtime":1726,"items_purged":[],"score":248,"play_id":"4fea55cd-6b87-445f-b79e-ff3dbf4b28de","local_time":"20210105173206","is_ascension_mode":true,"campfire_choices":[{"data":"Ghostly","floor":6,"key":"SMITH"},{"floor":15,"key":"REST"},{"floor":24,"key":"REST"}],"circlet_count":0,"master_deck":["alterego_mod:Strike","alterego_mod:Strike","alterego_mod:Strike","alterego_mod:Strike","alterego_mod:Defend","alterego_mod:Defend","alterego_mod:Defend","alterego_mod:Defend","alterego_mod:Impale","alterego_mod:BigMeatyClaws","alterego_mod:BrynhildrsRune","alterego_mod:Valkyrie","alterego_mod:GoddessCore","alterego_mod:Birthday","Ghostly+1","alterego_mod:GoddessCore","alterego_mod:Undulate","alterego_mod:Cooking","alterego_mod:SakuraFive","alterego_mod:Undulate","alterego_mod:1TonWallop","alterego_mod:Pet","alterego_mod:Lift","Iron Wave+1","alterego_mod:Valentines","Invigoration+1","alterego_mod:DeftHands"],"relics":["alterego_mod:MasochisticConstitution","infinitespire:Golems Mask","ReplayTheSpireMod:Shallot","aspiration:IroncladSkillbook","Bottled Flame","trackpad:CultistFigurine"],"acts_visited":["Exordium","TheCity"],"potions_floor_usage":[12,13,23,23],"damage_taken":[{"damage":0,"enemies":"2 Louse","floor":1,"turns":3},{"damage":16,"enemies":"Jaw Worm","floor":2,"turns":5},{"damage":0,"enemies":"Small Slimes","floor":5,"turns":3},{"damage":42,"enemies":"Lagavulin","floor":7,"turns":9},{"damage":20,"enemies":"Blue Slaver","floor":8,"turns":8},{"damage":7,"enemies":"Lots of Slimes","floor":12,"turns":3},{"damage":14,"enemies":"Exordium Thugs","floor":13,"turns":6},{"damage":10,"enemies":"3 Louse","floor":14,"turns":3},{"damage":20,"enemies":"Slime Boss","floor":16,"turns":8},{"damage":21,"enemies":"3 Byrds","floor":18,"turns":5},{"damage":37,"enemies":"Shell Parasite","floor":20,"turns":7},{"damage":13,"enemies":"3 Cultists","floor":21,"turns":6},{"damage":24,"enemies":"Slavers","floor":23,"turns":6},{"damage":68,"enemies":"Book of Stabbing","floor":25,"turns":5}],"seed_played":"-4901461707285028245","potions_obtained":[{"floor":2,"key":"blueLaboratory:NullPotion"},{"floor":12,"key":"blueLaboratory:BottleOfRum"},{"floor":13,"key":"GamblersBrew"},{"floor":16,"key":"conspire:TimeTravelPotion"},{"floor":21,"key":"sneckomod:MuddlingPotion"},{"floor":23,"key":"SCP261:SweetSwarmPotion"}],"is_trial":false,"path_per_floor":["M","M","?","$","M","R","E","M","T","?","$","M","M","M","R","B",null,"M","?","M","M","T","E","R","E"],"character_chosen":"The_Alterego","items_purchased":["alterego_mod:SakuraFive"],"campfire_rested":2,"item_purchase_floors":[11],"current_hp_per_floor":[63,55,55,55,64,64,32,22,22,22,22,21,33,27,47,70,70,71,71,49,46,46,39,61,0,0],"gold":224,"neow_bonus":"THREE_RARE_CARDS","is_daily":false,"chose_seed":false,"campfire_upgraded":1,"win_rate":0.0,"timestamp":1609885926,"path_taken":["M","M","?","?","?","R","E","M","T","?","$","M","M","M","R","BOSS","M","?","?","M","?","E","R","E"],"items_purchased_type":["Card"],"build_version":"2020-12-22","purchased_purges":0,"victory":false,"max_hp_per_floor":[63,64,64,64,64,64,65,66,66,66,66,67,68,69,69,70,70,71,71,72,73,73,74,74,74,74],"card_choices":[{"not_picked":["alterego_mod:Vow","alterego_mod:Alter"],"picked":"alterego_mod:Valkyrie","floor":0},{"not_picked":["alterego_mod:Belts","alterego_mod:Skirt"],"picked":"alterego_mod:GoddessCore","floor":1},{"not_picked":["alterego_mod:Jiggle","alterego_mod:BreastValley"],"picked":"alterego_mod:Birthday","floor":2},{"not_picked":["alterego_mod:Punishment","alterego_mod:Belts"],"picked":"alterego_mod:GoddessCore","floor":5},{"not_picked":["alterego_mod:Complex","alterego_mod:RidiculouslyBig"],"picked":"alterego_mod:Undulate","floor":7},{"not_picked":["alterego_mod:Punishment","alterego_mod:Skirt"],"picked":"alterego_mod:Cooking","floor":8},{"not_picked":["alterego_mod:GoddessCore","alterego_mod:HighServant"],"picked":"alterego_mod:Undulate","floor":12},{"not_picked":["alterego_mod:Skirt","alterego_mod:Santa"],"picked":"alterego_mod:1TonWallop","floor":13},{"not_picked":["alterego_mod:RidiculouslyBig","alterego_mod:Skirt"],"picked":"alterego_mod:Pet","floor":14},{"not_picked":["alterego_mod:RingBreak","alterego_mod:Vow"],"picked":"alterego_mod:Lift","floor":16},{"not_picked":["Sentinel+1","alterego_mod:BeGentle","Body Slam"],"picked":"Iron Wave+1","floor":18},{"not_picked":["Headbutt","alterego_mod:Complex+1","alterego_mod:Undulate"],"picked":"alterego_mod:Valentines","floor":20},{"not_picked":["Burning Pact","Sever Soul+1","alterego_mod:HighServant+1"],"picked":"Invigoration+1","floor":21},{"not_picked":["Sentinel+1","alterego_mod:RingBreak","Ghostly Armor"],"picked":"alterego_mod:DeftHands","floor":23}],"player_experience":522659,"relics_obtained":[{"floor":7,"key":"infinitespire:Golems Mask"},{"floor":9,"key":"ReplayTheSpireMod:Shallot"},{"floor":22,"key":"Bottled Flame"},{"floor":23,"key":"trackpad:CultistFigurine"}],"event_choices":[{"damage_healed":0,"gold_gain":0,"player_choice":"Argue","damage_taken":0,"max_hp_gain":0,"max_hp_loss":0,"event_name":"conspire:LoneGhost","floor":3,"gold_loss":0},{"damage_healed":0,"gold_gain":0,"player_choice":"Ignored","damage_taken":0,"max_hp_gain":0,"max_hp_loss":0,"event_name":"Purifier","floor":19,"gold_loss":0}],"is_beta":false,"boss_relics":[{"not_picked":["Fusion Hammer","trackpad:StolenKidneys"],"picked":"aspiration:IroncladSkillbook"}],"items_purged_floors":[],"is_endless":false,"potions_floor_spawned":[2,12,13,16,21,23],"killed_by":"Book of Stabbing","ascension_level":2}}