{"host":"z42sc0n2dozsmk72","time":1609843664,"event":{"mods":["AchievementEnabler","BaseMod","Better Third Choice","Colored Map","Curses Come First","Googly Eyes","Highlight Path","Minty Spire (QoL Compilation)","Permanent Neow","Quick Restart","Relic Stats","Shop Mod","StSLib","egg","slay the spire mod where everything is the same but ironclad has a cowboy hat"],"gold_per_floor":[116,130,141,156,156,156,169,186,186,219,219,219,252,252,252,375,375,393,492,507,526,545,545,580,594,620,636,661,661,675,719,719,839,839,852,872,886,886,910,944,957,957,957,982,1000,1023,1044,1087,1087,1087,1087,1087,119,150,150],"floor_reached":56,"playtime":5741,"items_purged":["Defend_P"],"score":1321,"play_id":"b394732d-cdf0-44c2-b96e-606f7515f254","local_time":"20210105234743","is_ascension_mode":false,"campfire_choices":[{"data":"LikeWater","floor":6.0,"key":"SMITH"},{"data":"Protect","floor":12.0,"key":"SMITH"},{"data":"SpiritShield","floor":15.0,"key":"SMITH"},{"data":"Wallop","floor":23.0,"key":"SMITH"},{"data":"Fasting2","floor":32.0,"key":"SMITH"},{"data":"Wallop","floor":42.0,"key":"SMITH"},{"floor":49.0,"key":"RECALL"},{"data":"Wallop","floor":52.0,"key":"SMITH"}],"circlet_count":0,"master_deck":["Defend_P","Defend_P","Defend_P","Eruption","Vigilance","Protect+1","LikeWater+1","Collect","SpiritShield+1","FearNoEvil","DevaForm","Wallop+1","InnerPeace","Wallop+1","Wallop+1","Fasting2+1","Bite","Bite","Bite","Bite","Bite","Devotion+1","Protect+1","Fasting2+1","Vault"],"relics":["Snecko Eye","MealTicket","Golden Idol","Meat on the Bone","Shuriken","Bird Faced Urn","Velvet Choker","Strawberry","Happy Flower","Mercury Hourglass","Coffee Dripper","White Beast Statue","Molten Egg 2","Pocketwatch","Ornamental Fan","Pantograph","HandDrill","MerchantsRug","Art of War"],"acts_visited":["Exordium","TheCity","TheBeyond","TheEnding"],"potions_floor_usage":[55,55],"damage_taken":[{"damage":0.0,"enemies":"Jaw Worm","floor":1.0,"turns":1.0},{"damage":0.0,"enemies":"Cultist","floor":2.0,"turns":2.0},{"damage":0.0,"enemies":"Small Slimes","floor":3.0,"turns":1.0},{"damage":0.0,"enemies":"2 Fungi Beasts","floor":4.0,"turns":5.0},{"damage":0.0,"enemies":"Large Slime","floor":7.0,"turns":9.0},{"damage":7.0,"enemies":"Exordium Wildlife","floor":8.0,"turns":2.0},{"damage":18.0,"enemies":"Gremlin Nob","floor":10.0,"turns":3.0},{"damage":5.0,"enemies":"Lagavulin","floor":13.0,"turns":6.0},{"damage":15.0,"enemies":"Hexaghost","floor":16.0,"turns":15.0},{"damage":12.0,"enemies":"2 Thieves","floor":18.0,"turns":4.0},{"damage":20.0,"enemies":"3 Byrds","floor":20.0,"turns":7.0},{"damage":0.0,"enemies":"3 Cultists","floor":21.0,"turns":5.0},{"damage":6.0,"enemies":"Centurion and Healer","floor":22.0,"turns":5.0},{"damage":5.0,"enemies":"Gremlin Leader","floor":24.0,"turns":7.0},{"damage":0.0,"enemies":"Shelled Parasite and Fungi","floor":25.0,"turns":5.0},{"damage":0.0,"enemies":"Cultist and Chosen","floor":27.0,"turns":4.0},{"damage":0.0,"enemies":"3 Cultists","floor":28.0,"turns":5.0},{"damage":0.0,"enemies":"Shelled Parasite and Fungi","floor":30.0,"turns":5.0},{"damage":0.0,"enemies":"Book of Stabbing","floor":31.0,"turns":4.0},{"damage":4.0,"enemies":"Champ","floor":33.0,"turns":9.0},{"damage":7.0,"enemies":"Orb Walker","floor":35.0,"turns":4.0},{"damage":7.0,"enemies":"3 Shapes","floor":36.0,"turns":3.0},{"damage":0.0,"enemies":"Spire Growth","floor":37.0,"turns":6.0},{"damage":0.0,"enemies":"Writhing Mass","floor":39.0,"turns":5.0},{"damage":0.0,"enemies":"Reptomancer","floor":40.0,"turns":5.0},{"damage":13.0,"enemies":"Jaw Worm Horde","floor":41.0,"turns":4.0},{"damage":0.0,"enemies":"Sphere and 2 Shapes","floor":44.0,"turns":5.0},{"damage":0.0,"enemies":"Transient","floor":45.0,"turns":5.0},{"damage":11.0,"enemies":"Maw","floor":46.0,"turns":6.0},{"damage":0.0,"enemies":"Writhing Mass","floor":47.0,"turns":5.0},{"damage":0.0,"enemies":"Nemesis","floor":48.0,"turns":5.0},{"damage":31.0,"enemies":"Awakened One","floor":50.0,"turns":11.0},{"damage":2.0,"enemies":"Shield and Spear","floor":54.0,"turns":5.0},{"damage":21,"enemies":"The Heart","floor":55,"turns":9}],"seed_played":"-7015500824949395377","potions_obtained":[{"floor":1.0,"key":"AttackPotion"},{"floor":4.0,"key":"LiquidMemories"},{"floor":8.0,"key":"DuplicationPotion"},{"floor":13.0,"key":"AttackPotion"},{"floor":16.0,"key":"BottledMiracle"},{"floor":21.0,"key":"BottledMiracle"},{"floor":24.0,"key":"Strength Potion"},{"floor":27.0,"key":"DuplicationPotion"},{"floor":39.0,"key":"SneckoOil"},{"floor":45.0,"key":"Swift Potion"},{"floor":54.0,"key":"LiquidMemories"}],"is_trial":false,"path_per_floor":["M","M","M","M","?","R","M","M","T","E","?","R","E","?","R","B",null,"M","?","M","M","M","R","E","M","T","M","M","?","M","E","R","B",null,"M","M","M","?","M","E","M","R","T","M","M","M","M","E","R","B",null,"R","$","E","B",null],"character_chosen":"WATCHER","items_purchased":["Vault","Ornamental Fan","Pantograph","HandDrill","MerchantsRug"],"campfire_rested":0,"item_purchase_floors":[53,53,53,53,53],"current_hp_per_floor":[72,72,72,72,72,72,72,65,65,47,47,47,42,21,21,20,67,59,59,43,47,45,45,51,55,55,59,63,51,51,51,51,51,51,46,48,51,51,51,51,40,40,40,51,51,50,51,51,51,39,51,51,51,51,51],"gold":150,"neow_bonus":"BOSS_RELIC","is_daily":false,"chose_seed":false,"campfire_upgraded":7,"win_rate":0.0,"timestamp":1609843663,"path_taken":["M","M","M","M","?","R","M","?","T","E","?","R","E","?","R","BOSS","M","?","M","M","M","R","E","M","T","M","M","?","M","E","R","BOSS","M","M","M","?","M","E","M","R","T","M","M","M","M","E","R","BOSS","R","$","E","BOSS"],"items_purchased_type":["Card","Relic","Relic","Relic","Relic"],"build_version":"2020-12-22","purchased_purges":1,"victory":true,"max_hp_per_floor":[72,72,72,72,72,72,72,72,72,72,67,67,67,67,67,67,67,67,67,67,67,67,67,74,74,74,74,74,51,51,51,51,51,51,51,51,51,51,51,51,51,51,51,51,51,51,51,51,51,51,51,51,51,51,51],"relic_stats":{"Happy Flower":[35],"counters":[34,182],"Golden Idol":210,"Mercury Hourglass":[300],"Shuriken":[58],"Ornamental Fan":[20],"Bird Faced Urn":[62],"Pantograph":0,"Snecko Eye":[306,311,286,311],"MealTicket":0,"HandDrill":[0],"Art of War":[1],"obtain_stats":[{"MerchantsRug":53,"Happy Flower":26,"Golden Idol":11,"Velvet Choker":17,"White Beast Statue":40,"Mercury Hourglass":31,"Shuriken":14,"Ornamental Fan":53,"Bird Faced Urn":14,"Strawberry":24,"Pantograph":53,"Snecko Eye":0,"MealTicket":10,"Molten Egg 2":43,"Coffee Dripper":34,"HandDrill":53,"Art of War":54,"PureWater":0,"Meat on the Bone":13,"Pocketwatch":48},{"MerchantsRug":32,"Happy Flower":15,"Golden Idol":7,"Velvet Choker":9,"White Beast Statue":25,"Mercury Hourglass":19,"Shuriken":8,"Ornamental Fan":32,"Bird Faced Urn":8,"Strawberry":14,"Pantograph":32,"Snecko Eye":0,"MealTicket":7,"Molten Egg 2":26,"Coffee Dripper":20,"HandDrill":32,"Art of War":33,"PureWater":0,"Meat on the Bone":8,"Pocketwatch":31},{"MerchantsRug":168,"Happy Flower":77,"Golden Idol":23,"Velvet Choker":44,"White Beast Statue":127,"Mercury Hourglass":95,"Shuriken":29,"Ornamental Fan":168,"Bird Faced Urn":29,"Strawberry":72,"Pantograph":168,"Snecko Eye":0,"MealTicket":23,"Molten Egg 2":131,"Coffee Dripper":104,"HandDrill":168,"Art of War":173,"PureWater":0,"Meat on the Bone":29,"Pocketwatch":157}],"Meat on the Bone":12,"Pocketwatch":[4]},"card_choices":[{"not_picked":["Indignation","Tantrum","ClearTheMind"],"picked":"SKIP","floor":1.0},{"not_picked":["ReachHeaven","JustLucky","SignatureMove"],"picked":"SKIP","floor":2.0},{"not_picked":["Conclude","EmptyBody"],"picked":"Protect","floor":3.0},{"not_picked":["CrushJoints","Protect"],"picked":"LikeWater","floor":4.0},{"not_picked":["PathToVictory","Protect","EmptyBody"],"picked":"SKIP","floor":7.0},{"not_picked":["JustLucky","ThirdEye","SashWhip"],"picked":"SKIP","floor":8.0},{"not_picked":["JustLucky","ClearTheMind"],"picked":"SpiritShield","floor":10.0},{"not_picked":["FlyingSleeves","CutThroughFate"],"picked":"FearNoEvil","floor":13.0},{"not_picked":["LessonLearned","ConjureBlade"],"picked":"DevaForm","floor":16.0},{"not_picked":["Adaptation+1","EmptyBody","BattleHymn"],"picked":"SKIP","floor":18.0},{"not_picked":["Adaptation","Weave","ThirdEye"],"picked":"SKIP","floor":20.0},{"not_picked":["EmptyBody+1","CrushJoints"],"picked":"Wallop","floor":21.0},{"not_picked":["FollowUp","InnerPeace","BowlingBash"],"picked":"SKIP","floor":22.0},{"not_picked":["FollowUp","BowlingBash"],"picked":"InnerPeace","floor":22.0},{"not_picked":["CrushJoints","Prostrate","Wireheading"],"picked":"SKIP","floor":24.0},{"not_picked":["FlurryOfBlows","Meditate"],"picked":"Wallop","floor":25.0},{"not_picked":["CutThroughFate","MentalFortress"],"picked":"Wallop","floor":27.0},{"not_picked":["EmptyFist","Protect"],"picked":"Fasting2","floor":28.0},{"not_picked":["Crescendo+1","JustLucky","Indignation+1"],"picked":"SKIP","floor":30.0},{"not_picked":["WaveOfTheHand","Judgement","Weave"],"picked":"SKIP","floor":31.0},{"not_picked":["DeusExMachina","Scrawl"],"picked":"Devotion","floor":33.0},{"not_picked":["JustLucky","CarveReality+1","EmptyFist+1"],"picked":"SKIP","floor":35.0},{"not_picked":["Evaluate","MentalFortress","WindmillStrike+1"],"picked":"SKIP","floor":36.0},{"not_picked":["Crescendo","JustLucky+1","CutThroughFate+1"],"picked":"SKIP","floor":37.0},{"not_picked":["SashWhip","EmptyBody+1","Crescendo+1"],"picked":"SKIP","floor":39.0},{"not_picked":["SashWhip","EmptyBody+1","Crescendo+1"],"picked":"SKIP","floor":39.0},{"not_picked":["SashWhip","EmptyBody+1","Crescendo+1"],"picked":"SKIP","floor":39.0},{"not_picked":["Halt+1","Indignation","Vengeance"],"picked":"SKIP","floor":40.0},{"not_picked":["EmptyMind","EmptyBody+1"],"picked":"Protect+1","floor":41.0},{"not_picked":["Evaluate+1","Indignation","EmptyBody+1"],"picked":"SKIP","floor":44.0},{"not_picked":["Indignation","Nirvana","DeceiveReality+1"],"picked":"SKIP","floor":45.0},{"not_picked":["Pray","ClearTheMind"],"picked":"Fasting2+1","floor":46.0},{"not_picked":["Study","Halt+1","CutThroughFate+1"],"picked":"SKIP","floor":47.0},{"not_picked":["EmptyFist+1","JustLucky+1","Indignation"],"picked":"SKIP","floor":48.0},{"not_picked":["Worship","ClearTheMind","BowlingBash+1"],"picked":"SKIP","floor":54.0}],"player_experience":806403,"relics_obtained":[{"floor":10.0,"key":"MealTicket"},{"floor":13.0,"key":"Meat on the Bone"},{"floor":24.0,"key":"Strawberry"},{"floor":26.0,"key":"Happy Flower"},{"floor":31.0,"key":"Mercury Hourglass"},{"floor":40.0,"key":"White Beast Statue"},{"floor":43.0,"key":"Molten Egg 2"},{"floor":48.0,"key":"Pocketwatch"},{"floor":54.0,"key":"Art of War"}],"event_choices":[{"damage_healed":0.0,"max_hp_gain":0.0,"max_hp_loss":0.0,"gold_gain":0.0,"cards_transformed":["Strike_P"],"event_name":"Transmorgrifier","player_choice":"Transformed","floor":5.0,"gold_loss":0.0,"damage_taken":0.0,"cards_obtained":["Collect"]},{"damage_healed":0.0,"max_hp_gain":0.0,"max_hp_loss":5.0,"gold_gain":0.0,"event_name":"Golden Idol","player_choice":"Lose Max HP","floor":11.0,"gold_loss":0.0,"damage_taken":0.0,"relics_obtained":["Golden Idol"]},{"damage_healed":0.0,"max_hp_gain":0.0,"max_hp_loss":0.0,"gold_gain":1.0,"event_name":"betterThird:BetterScrap","player_choice":"Relic Relic ","floor":14.0,"gold_loss":0.0,"damage_taken":21.0,"cards_obtained":["Rainbow"]},{"damage_healed":0.0,"max_hp_gain":0.0,"max_hp_loss":0.0,"gold_gain":99.0,"event_name":"betterThird:BetterNest","player_choice":"Steal","floor":19.0,"gold_loss":0.0,"damage_taken":0.0},{"damage_healed":0.0,"max_hp_gain":0.0,"max_hp_loss":23.0,"gold_gain":0.0,"event_name":"Vampires","player_choice":"Became a vampire","floor":29.0,"gold_loss":0.0,"damage_taken":0.0,"cards_obtained":["Bite","Bite","Bite","Bite","Bite"]},{"damage_healed":0.0,"max_hp_gain":0.0,"max_hp_loss":0.0,"gold_gain":0.0,"event_name":"Upgrade Shrine","player_choice":"Upgraded","floor":38.0,"gold_loss":0.0,"damage_taken":0.0,"cards_upgraded":["Devotion"]}],"is_beta":false,"boss_relics":[{"not_picked":["Philosopher\u0027s Stone","Calling Bell"],"picked":"Velvet Choker"},{"not_picked":["SacredBark","Empty Cage"],"picked":"Coffee Dripper"}],"items_purged_floors":[53],"is_endless":false,"potions_floor_spawned":[1,4,8,13,16,21,24,27,36,39,41,44,45,46,47,48,54],"ascension_level":0}}