{"host":"9n6i2vl93jt4o42q","time":1609850231,"event":{"mods":["BaseMod","Downfall","Minty Spire (QoL Compilation)","Relic Stats","StSLib"],"gold_per_floor":[199,212,25,175,195,195,195,120,138,167,92,92,92,106,120,222,222,222,222,222,222,222,30,30,30,30,30,30,30,30,30,30,30,30,30,30,30,30,15,15,15,15,15,15,15,15,15,15,15,15,15,15,15,15,15],"floor_reached":56,"playtime":8046,"items_purged":["sneckomod:Strike","sneckomod:Strike"],"score":1189,"play_id":"0a675761-b6fa-434e-9ca4-59f09e74be08","local_time":"20210105133711","is_ascension_mode":false,"campfire_choices":[{"data":"sneckomod:SnekBite","floor":1.0,"key":"SMITH"},{"floor":6.0,"key":"RECALL"},{"data":"sneckomod:Rotation","floor":8.0,"key":"SMITH"},{"data":"sneckomod:TailWhip","floor":11.0,"key":"SMITH"},{"data":"sneckomod:Restock","floor":18,"key":"SMITH"},{"data":"sneckomod:Strike","floor":26,"key":"PURGE"},{"data":"sneckomod:SoulRoll","floor":28,"key":"SMITH"},{"data":"sneckomod:QuickMove","floor":30,"key":"SMITH"},{"data":"Slimebound:Icky","floor":35,"key":"PURGE"},{"data":"sneckomod:Defend+1","floor":40,"key":"PURGE"},{"data":"sneckomod:UnknownRareAttack","floor":54,"key":"SMITH"}],"circlet_count":0,"master_deck":["sneckomod:Defend+1","sneckomod:Defend+1","sneckomod:TailWhip+1","sneckomod:SnekBite+1","sneckomod:Unknown+1","sneckomod:Unknown+2","sneckomod:Rotation+1","sneckomod:QuickBite+1","sneckomod:QuickBite+1","sneckomod:UnknownStrike+1","sneckomod:ImprovisedAttack+1","sneckomod:IronFang+1","sneckomod:UnknownClassGREEN+1","sneckomod:PureSnecko+1","sneckomod:RainOfDice+1","sneckomod:Restock+1","sneckomod:Nope+1","sneckomod:QuickMove+1","sneckomod:SoulDraw+1","sneckomod:Unknown0Cost+1","sneckomod:UnknownRareAttack+1","sneckomod:UnknownExhaust+1","sneckomod:SoulRoll+1","sneckomod:QuickMove+1","RitualDagger+1","sneckomod:SerpentMind+1","sneckomod:Mudshield+1","sneckomod:DiceCrush+1","sneckomod:UnknownVulnerable","sneckomod:UnknownX","sneckomod:UnknownRareAttack+1"],"relics":["sneckomod:SneckoSoul","Gremlin Horn","Mercury Hourglass","Nunchaku","downfall:Hecktoplasm","Red Mask","Peace Pipe","Question Card","Busted Crown","Dream Catcher","CaptainsWheel","Letter Opener"],"acts_visited":["Exordium","TheCity","TheBeyond","TheEnding"],"potions_floor_usage":[15,15,16,16,21,42,52,55],"damage_taken":[{"damage":0.0,"enemies":"Cultist","floor":2.0,"turns":2.0},{"damage":5.0,"enemies":"downfall:FleeingMerchant","floor":3.0,"turns":4.0},{"damage":3.0,"enemies":"Small Slimes","floor":5.0,"turns":3.0},{"damage":0.0,"enemies":"2 Louse","floor":9.0,"turns":2.0},{"damage":26.0,"enemies":"Lagavulin","floor":10.0,"turns":6.0},{"damage":0,"enemies":"Gremlin Gang","floor":14,"turns":1},{"damage":0,"enemies":"Exordium Thugs","floor":15,"turns":2},{"damage":32,"enemies":"downfall:Ironclad","floor":16,"turns":5},{"damage":5,"enemies":"Shell Parasite","floor":19,"turns":4},{"damage":0,"enemies":"3 Byrds","floor":20,"turns":2},{"damage":0,"enemies":"Masked Bandits","floor":21,"turns":2},{"damage":0,"enemies":"Centurion and Healer","floor":22,"turns":4},{"damage":3,"enemies":"downfall:FleeingMerchant","floor":23,"turns":4},{"damage":0,"enemies":"Gremlin Leader","floor":25,"turns":5},{"damage":6,"enemies":"Snecko","floor":27,"turns":3},{"damage":6,"enemies":"Book of Stabbing","floor":29,"turns":3},{"damage":18,"enemies":"Snake Plant","floor":32,"turns":3},{"damage":20,"enemies":"downfall:Silent","floor":33,"turns":7},{"damage":0,"enemies":"Orb Walker","floor":38,"turns":2},{"damage":0,"enemies":"downfall:FleeingMerchant","floor":39,"turns":4},{"damage":2,"enemies":"3 Darklings","floor":42,"turns":2},{"damage":27,"enemies":"Writhing Mass","floor":43,"turns":5},{"damage":12,"enemies":"2 Orb Walkers","floor":45,"turns":5},{"damage":0,"enemies":"Spire Growth","floor":46,"turns":3},{"damage":0,"enemies":"4 Shapes","floor":47,"turns":3},{"damage":1,"enemies":"Transient","floor":48,"turns":5},{"damage":7,"enemies":"3 Darklings","floor":49,"turns":4},{"damage":6,"enemies":"downfall:Defect","floor":50,"turns":5},{"damage":19,"enemies":"downfall:CharBossMerchant","floor":52,"turns":7},{"damage":10,"enemies":"downfall:NeowBoss","floor":55,"turns":13}],"seed_played":"115488813829988109","potions_obtained":[{"floor":5.0,"key":"sneckomod:CheatPotion"},{"floor":10.0,"key":"EntropicBrew"},{"floor":19,"key":"Explosive Potion"},{"floor":20,"key":"Explosive Potion"},{"floor":27,"key":"ColorlessPotion"},{"floor":29,"key":"champ:CounterPotion"},{"floor":46,"key":"ColorlessPotion"},{"floor":48,"key":"GamblersBrew"},{"floor":52,"key":"Fruit Juice"}],"is_trial":false,"path_per_floor":["R","M","$","?","M","R","T","R","M","E","R","?","?","M","M","B",null,"R","M","M","?","M","$","T","E","R","M","R","E","R","?","M","B",null,"R","?","?","M","$","R","T","M","M","?","?","M","M","M","M","B",null,"E","$","R","B",null],"character_chosen":"THE_SNECKO","items_purchased":["sneckomod:QuickBite","sneckomod:UnknownStrike","sneckomod:UnknownUncommonPower"],"campfire_rested":0,"item_purchase_floors":[3,3,23],"current_hp_per_floor":[90,90,86,86,83,83,83,83,83,58,58,58,58,58,58,28,92,92,87,87,87,93,94,94,96,106,100,100,94,94,88,70,66,106,106,106,106,106,106,106,106,104,102,102,99,100,100,105,99,93,109,95,95,95,85],"gold":15,"neow_bonus":"HUNDRED_GOLD","is_daily":false,"chose_seed":false,"campfire_upgraded":7,"win_rate":0.0,"timestamp":1609850231,"path_taken":["R","M","$","?","M","R","T","R","M","E","R","?","?","?","M","BOSS","R","M","M","?","M","$","T","E","R","M","R","E","R","?","M","BOSS","R","?","?","M","$","R","T","M","?","?","?","M","M","M","M","BOSS","E","$","R","BOSS"],"items_purchased_type":["Card","Card","Card"],"build_version":"2020-12-22","purchased_purges":2,"victory":true,"max_hp_per_floor":[90,90,91,91,91,91,91,91,91,92,92,92,92,92,92,92,92,92,92,92,92,93,95,95,96,106,106,106,106,106,106,106,106,106,106,106,106,106,106,106,106,106,106,106,107,108,108,108,109,109,109,114,114,114,114],"relic_stats":{"Peace Pipe":3,"Nunchaku":[39],"Dream Catcher":0,"Busted Crown":20,"Gremlin Horn":[26,26],"counters":[30,120],"Letter Opener":[60],"Question Card":12,"obtain_stats":[{"Gremlin Horn":7,"downfall:HeartBlessingRed":8,"downfall:HeartBlessingGreen":11,"Letter Opener":52,"sneckomod:SneckoSoul":0,"Question Card":29,"Mercury Hourglass":10,"Peace Pipe":25,"Nunchaku":12,"Dream Catcher":41,"CaptainsWheel":45,"Busted Crown":34,"downfall:HeartBlessingBlue":26,"downfall:Hecktoplasm":17,"Red Mask":21},{"Gremlin Horn":3,"downfall:HeartBlessingRed":3,"downfall:HeartBlessingGreen":5,"Letter Opener":29,"sneckomod:SneckoSoul":0,"Question Card":16,"Mercury Hourglass":5,"Peace Pipe":14,"Nunchaku":5,"Dream Catcher":20,"CaptainsWheel":23,"Busted Crown":18,"downfall:HeartBlessingBlue":14,"downfall:Hecktoplasm":8,"Red Mask":11},{"Gremlin Horn":9,"downfall:HeartBlessingRed":9,"downfall:HeartBlessingGreen":17,"Letter Opener":107,"sneckomod:SneckoSoul":0,"Question Card":52,"Mercury Hourglass":17,"Peace Pipe":46,"Nunchaku":17,"Dream Catcher":68,"CaptainsWheel":80,"Busted Crown":62,"downfall:HeartBlessingBlue":46,"downfall:Hecktoplasm":25,"Red Mask":33}],"Mercury Hourglass":[325]},"card_choices":[{"not_picked":["sneckomod:SoulDraw","sneckomod:DiceBlock"],"picked":"sneckomod:Rotation","floor":2.0},{"not_picked":["sneckomod:DiceCrush","sneckomod:Unknown1Cost"],"picked":"sneckomod:QuickBite","floor":3.0},{"not_picked":["sneckomod:DefensiveFlair","sneckomod:WideSting"],"picked":"sneckomod:ImprovisedAttack","floor":5.0},{"not_picked":["sneckomod:UnknownEthereal","sneckomod:WideSting"],"picked":"sneckomod:IronFang","floor":9.0},{"not_picked":["sneckomod:DiceCrush","sneckomod:UnknownClassSLIMEBOUND"],"picked":"sneckomod:UnknownClassGREEN","floor":10.0},{"not_picked":["sneckomod:QuickBite","sneckomod:UnknownBlock"],"picked":"sneckomod:PureSnecko","floor":14},{"not_picked":["sneckomod:SoulRoll","sneckomod:DangerNoodle"],"picked":"sneckomod:RainOfDice","floor":15},{"not_picked":["sneckomod:Cheat","sneckomod:Unknown3Cost"],"picked":"sneckomod:Restock","floor":16},{"not_picked":["sneckomod:UnknownWeak","sneckomod:UnknownCommonAttack"],"picked":"sneckomod:Nope","floor":19},{"not_picked":["sneckomod:UnknownStrike","sneckomod:DefensiveFlair"],"picked":"sneckomod:QuickMove","floor":20},{"not_picked":["sneckomod:IronFang+1","sneckomod:UnknownBlock"],"picked":"sneckomod:SoulDraw+1","floor":21},{"not_picked":["sneckomod:UnknownClassGREEN","sneckomod:IronFang"],"picked":"sneckomod:Unknown0Cost","floor":22},{"not_picked":["sneckomod:WideSting","sneckomod:QuickMove"],"picked":"sneckomod:UnknownRareAttack","floor":23},{"not_picked":["sneckomod:SoulDraw","sneckomod:UnknownClassGREEN"],"picked":"sneckomod:UnknownExhaust","floor":25},{"not_picked":["sneckomod:RainOfDice","sneckomod:QuickMove"],"picked":"sneckomod:SoulRoll","floor":27},{"not_picked":["sneckomod:DiceBoulder","sneckomod:DiceBlock"],"picked":"sneckomod:QuickMove","floor":29},{"not_picked":["sneckomod:UnknownBlock","sneckomod:SoulRoll","sneckomod:UnknownClassSLIMEBOUND"],"picked":"sneckomod:SerpentMind","floor":32},{"not_picked":["sneckomod:MorePower","sneckomod:UnknownRareSkill","sneckomod:Restock"],"picked":"sneckomod:Mudshield","floor":33},{"not_picked":["sneckomod:UnknownStrike","sneckomod:QuickMove"],"picked":"SKIP","floor":38},{"not_picked":["sneckomod:SoulExchange"],"picked":"sneckomod:DiceCrush+1","floor":39},{"not_picked":["sneckomod:UnknownClassGUARDIAN","sneckomod:DiceCrush"],"picked":"SKIP","floor":42},{"not_picked":["sneckomod:IronFang","sneckomod:UnknownUncommonPower"],"picked":"SKIP","floor":43},{"not_picked":["sneckomod:WideSting+1"],"picked":"sneckomod:UnknownVulnerable","floor":45},{"not_picked":["sneckomod:UnknownCommonAttack+1"],"picked":"sneckomod:UnknownX","floor":46},{"not_picked":["sneckomod:UnknownClassGUARDIAN","sneckomod:UnknownUncommonAttack"],"picked":"SKIP","floor":47},{"not_picked":["sneckomod:UnknownBlock","sneckomod:QuickBite"],"picked":"SKIP","floor":48},{"not_picked":["sneckomod:WideSting"],"picked":"sneckomod:UnknownRareAttack","floor":49},{"not_picked":["sneckomod:UnknownStrike+1","sneckomod:SerpentMind"],"picked":"SKIP","floor":52}],"player_experience":2112103,"relics_obtained":[{"floor":7.0,"key":"Gremlin Horn"},{"floor":10.0,"key":"Mercury Hourglass"},{"floor":21,"key":"Red Mask"},{"floor":25,"key":"Peace Pipe"},{"floor":29,"key":"Question Card"},{"floor":41,"key":"Dream Catcher"},{"floor":45,"key":"CaptainsWheel"},{"floor":52,"key":"Letter Opener"}],"event_choices":[{"damage_healed":0,"gold_gain":0,"player_choice":"Ignored","damage_taken":0,"max_hp_gain":0,"max_hp_loss":0,"event_name":"NoteForYourself","floor":13,"gold_loss":0},{"damage_healed":0,"gold_gain":0,"player_choice":"Fought Bandits","damage_taken":0,"max_hp_gain":0,"max_hp_loss":0,"event_name":"Masked Bandits","floor":21,"gold_loss":0},{"cards_removed":["sneckomod:UnknownUncommonPower"],"damage_healed":0,"gold_gain":0,"player_choice":"Removed Power","damage_taken":0,"max_hp_gain":0,"max_hp_loss":0,"event_name":"Falling","floor":44,"gold_loss":0},{"damage_healed":0,"gold_gain":0,"player_choice":"Fight","damage_taken":0,"max_hp_gain":0,"max_hp_loss":0,"event_name":"Mysterious Sphere","floor":45,"gold_loss":0}],"is_beta":false,"boss_relics":[{"not_picked":["Calling Bell","Velvet Choker"],"picked":"downfall:Hecktoplasm"},{"not_picked":["Runic Dome","Cursed Key"],"picked":"Busted Crown"}],"items_purged_floors":[3,23],"is_endless":false,"potions_floor_spawned":[5,10,19,20,27,29,32,46,47,48,49,52],"ascension_level":0}}