{"host":"65bhxfoqsqjg61le","time":1609866169,"event":{"mods":["2.2 Compatiblity","AchievementEnabler","BaseMod","Better Third Choice","Colored Powertips","Conspire","DeckTracker","Downfall","Energized Spire","GifTheSpireLib","Googly Eyes","Hubris","Infinite Spire","Minty Spire (QoL Compilation)","Quick Restart","RRrroohrrRGHHhhh!!","Random Character Button","Rare Cards Sparkle","Replay The Spire","Shade Mod","StSLib","Stuff the Spire","The IronCluck","Wandering Minibosses","egg","everything is the same but u backflip on backflip","slay the spire mod where everything is the same but ironclad has a cowboy hat","thorton"],"gold_per_floor":[111,111,129,129,146,179,2,36,36,36,54,54,54,54,54,71,71,166,166,183,183,201,221,171,171,171],"floor_reached":25,"playtime":1278,"items_purged":["Regret"],"score":285,"play_id":"7df7ead1-fc80-4758-bff5-037d26c092bc","local_time":"20210105120249","is_ascension_mode":true,"campfire_choices":[{"data":"expansioncontent:StudyTheSpire","floor":12.0,"key":"SMITH"},{"data":"infinitespire:OneForAll","floor":15.0,"key":"SMITH"},{"data":"Barricade","floor":17.0,"key":"SMITH"}],"circlet_count":0,"master_deck":["Strike_R","Strike_R","Strike_R","Strike_R","Strike_R","Defend_R","Defend_R","Defend_R","Defend_R","Bash","Barricade+1","Cleave","infinitespire:OneForAll+1","expansioncontent:StudyTheSpire+1","Flex","Thunderclap","ReplayTheSpireMod:Chaos Vortex"],"relics":["Burning Blood","StuffTheSpire:RedRose","Anchor","King of Hearts","Smiling Mask","energizedSpire:TabascoSauce","SlaversCollar"],"acts_visited":["Exordium","TheCity"],"potions_floor_usage":[25,25],"damage_taken":[{"damage":13.0,"enemies":"Small Slimes","floor":1.0,"turns":5.0},{"damage":11.0,"enemies":"Jaw Worm","floor":3.0,"turns":3.0},{"damage":6.0,"enemies":"conspire:RoseBush","floor":5.0,"turns":5.0},{"damage":48.0,"enemies":"3 Sentries","floor":6.0,"turns":7.0},{"damage":36.0,"enemies":"Gremlin Nob","floor":8.0,"turns":5.0},{"damage":3.0,"enemies":"Large Slime","floor":11.0,"turns":5.0},{"damage":3.0,"enemies":"3 Louse","floor":16.0,"turns":3.0},{"damage":56.0,"enemies":"Slime Boss","floor":18.0,"turns":9.0},{"damage":3.0,"enemies":"Chosen","floor":20.0,"turns":4.0},{"damage":13.0,"enemies":"Shell Parasite","floor":22.0,"turns":4.0},{"damage":22.0,"enemies":"Snake Plant","floor":23.0,"turns":3.0},{"damage":51,"enemies":"Slavers","floor":25,"turns":5}],"seed_played":"6813104294189159524","potions_obtained":[{"floor":6.0,"key":"Regen Potion"},{"floor":8.0,"key":"LiquidBronze"},{"floor":11.0,"key":"ColorlessPotion"},{"floor":16.0,"key":"Slimebound:ThreeZeroPotion"},{"floor":20.0,"key":"champ:CounterPotion"},{"floor":22.0,"key":"Block Potion"}],"is_trial":false,"path_per_floor":["M","?","M","?","M","E","$","E","T","?","M","R","PTL","PTL","R","M","R","B",null,"M","AVR","M","M","$","E"],"character_chosen":"IRONCLAD","items_purchased":["expansioncontent:StudyTheSpire"],"campfire_rested":0,"item_purchase_floors":[7],"current_hp_per_floor":[65,65,60,80,80,38,38,22,22,46,49,49,49,49,49,52,52,45,71,71,71,61,42,42,0,0],"gold":171,"neow_bonus":"ONE_RANDOM_RARE_CARD","is_daily":false,"chose_seed":false,"campfire_upgraded":3,"win_rate":0.0,"timestamp":1609866169,"path_taken":["M","?","M","?","M","E","?","E","T","?","M","R","PTL","PTL","R","M","R","BOSS","M","AVR","M","M","$","E"],"items_purchased_type":["Card"],"build_version":"2020-12-22","purchased_purges":1,"victory":false,"max_hp_per_floor":[80,80,80,80,80,80,80,80,80,80,80,80,80,80,80,80,80,80,80,80,80,80,80,80,80,80],"card_choices":[{"not_picked":["Combust","Sword Boomerang"],"picked":"Cleave","floor":1.0},{"not_picked":["Perfected Strike","Feel No Pain","True Grit"],"picked":"SKIP","floor":3.0},{"not_picked":["StuffTheSpire:RockThrow","Iron Wave"],"picked":"infinitespire:OneForAll","floor":5.0},{"not_picked":["Anger","ReplayTheSpireMod:Limb From Limb","Entrench"],"picked":"SKIP","floor":6.0},{"not_picked":["Replay:Many Hands","Twin Strike","Burning Pact"],"picked":"SKIP","floor":8.0},{"not_picked":["Second Wind","Shrug It Off"],"picked":"Flex","floor":11.0},{"not_picked":["Disarm","Heavy Blade","ReplayTheSpireMod:Limb From Limb"],"picked":"SKIP","floor":16.0},{"not_picked":["Hemokinesis","Shrug It Off"],"picked":"Thunderclap","floor":20.0},{"not_picked":["Wild Strike","Uppercut+1","StuffTheSpire:RockThrow"],"picked":"SKIP","floor":22.0},{"not_picked":["Run Through","conspire:ExplosiveBarrier","rorgmod:Immolate"],"picked":"SKIP","floor":23.0}],"player_experience":1063386,"relics_obtained":[{"floor":6.0,"key":"Anchor"},{"floor":8.0,"key":"King of Hearts"},{"floor":9.0,"key":"Smiling Mask"}],"event_choices":[{"damage_healed":26.0,"max_hp_gain":0.0,"max_hp_loss":0.0,"gold_gain":0.0,"event_name":"Big Fish","player_choice":"Banana","floor":4.0,"gold_loss":0.0,"damage_taken":0.0}],"is_beta":false,"boss_relics":[{"not_picked":["Pandora\u0027s Box","Black Star"],"picked":"energizedSpire:TabascoSauce"}],"items_purged_floors":[24],"is_endless":false,"potions_floor_spawned":[6,8,11,16,20,22],"killed_by":"Slavers","ascension_level":7}}