{"host":"nmjik3bzoelmmajy","time":1609868246,"event":{"mods":["BaseMod","Better Third Choice","Colored Map","DeckTracker","Minty Spire (QoL Compilation)","Quick Restart","Say the Spire","StSLib","SuperFastMode"],"gold_per_floor":[115,134,152,165,179,179,213,213,213,213,230,276,302,302,302,375,375,391,391,79,98,98,98],"floor_reached":22,"playtime":900,"items_purged":["Strike_G"],"score":353,"play_id":"da71517f-a3bd-411e-8140-6ffe037b3336","local_time":"20210106023726","is_ascension_mode":true,"campfire_choices":[{"data":"Blur","floor":6,"key":"SMITH"},{"data":"Infinite Blades","floor":8,"key":"SMITH"},{"floor":10,"key":"REST"},{"floor":15,"key":"REST"}],"circlet_count":0,"master_deck":["AscendersBane","Strike_G","Strike_G","Strike_G","Defend_G","Defend_G","Defend_G","Defend_G","Defend_G","Survivor","Neutralize","Acrobatics","Deadly Poison","Prepared","Terror","Blur+1","Infinite Blades+1","Dagger Spray","Corpse Explosion","Bouncing Flask","Accuracy"],"relics":["Ring of the Snake","Orichalcum","Potion Belt","Snake Skull","Omamori","Black Star","Art of War"],"acts_visited":["TheCity"],"potions_floor_usage":[5,5,5,11,16],"damage_taken":[{"damage":5,"enemies":"Cultist","floor":1,"turns":5},{"damage":0,"enemies":"2 Louse","floor":2,"turns":3},{"damage":0,"enemies":"Jaw Worm","floor":3,"turns":5},{"damage":7,"enemies":"Exordium Wildlife","floor":4,"turns":6},{"damage":5,"enemies":"Looter","floor":5,"turns":4},{"damage":35,"enemies":"Gremlin Nob","floor":7,"turns":5},{"damage":2,"enemies":"3 Louse","floor":11,"turns":6},{"damage":14,"enemies":"Lagavulin","floor":13,"turns":8},{"damage":16,"enemies":"Hexaghost","floor":16,"turns":10},{"damage":9,"enemies":"3 Byrds","floor":18,"turns":4},{"damage":16,"enemies":"Spheric Guardian","floor":21,"turns":4},{"damage":38,"enemies":"Snake Plant","floor":22,"turns":4}],"seed_played":"-2573890793666366004","potions_obtained":[{"floor":1,"key":"LiquidMemories"},{"floor":2,"key":"BlessingOfTheForge"},{"floor":5,"key":"Fruit Juice"},{"floor":7,"key":"Block Potion"},{"floor":13,"key":"AttackPotion"},{"floor":21,"key":"PowerPotion"}],"is_trial":false,"path_per_floor":["M","M","M","M","M","R","E","R","T","R","M","T","E","?","R","B",null,"M","?","$","M","M"],"character_chosen":"THE_SILENT","items_purchased":["Accuracy","Art of War"],"campfire_rested":2,"item_purchase_floors":[20,20],"current_hp_per_floor":[54,54,54,47,47,47,12,12,12,33,31,31,17,10,31,15,57,48,48,48,32,0,0],"gold":98,"neow_bonus":"THREE_CARDS","is_daily":false,"chose_seed":false,"campfire_upgraded":2,"win_rate":0.0,"timestamp":1609868246,"path_taken":["M","?","M","M","M","R","E","R","T","R","M","?","E","?","R","BOSS","M","?","$","M","M"],"items_purchased_type":["Card","Relic"],"build_version":"2020-12-22","purchased_purges":1,"victory":false,"max_hp_per_floor":[66,66,66,66,71,71,71,71,71,71,71,71,71,71,71,71,71,71,71,71,71,71,71],"card_choices":[{"not_picked":["Prepared","Deflect"],"picked":"Acrobatics","floor":0},{"not_picked":["Reflex","Outmaneuver"],"picked":"Deadly Poison","floor":1},{"not_picked":["Outmaneuver","Flying Knee","Underhanded Strike"],"picked":"SKIP","floor":2},{"not_picked":["Concentrate","Deflect"],"picked":"Prepared","floor":3},{"not_picked":["Dodge and Roll","Endless Agony"],"picked":"Terror","floor":4},{"not_picked":["Flechettes","Terror"],"picked":"Blur","floor":5},{"not_picked":["Finisher","Masterful Stab"],"picked":"Infinite Blades","floor":7},{"not_picked":["Outmaneuver","Corpse Explosion"],"picked":"Dagger Spray","floor":11},{"not_picked":["Deadly Poison","Dagger Throw","Skewer"],"picked":"SKIP","floor":13},{"not_picked":["Die Die Die","Wraith Form v2"],"picked":"Corpse Explosion","floor":16},{"not_picked":["Footwork","Sucker Punch"],"picked":"Bouncing Flask","floor":18},{"not_picked":["Poisoned Stab+1","Deadly Poison","Deflect"],"picked":"SKIP","floor":21}],"player_experience":493894,"relics_obtained":[{"floor":7,"key":"Orichalcum"},{"floor":9,"key":"Potion Belt"},{"floor":12,"key":"Snake Skull"},{"floor":13,"key":"Omamori"}],"event_choices":[{"cards_removed":["Strike_G"],"damage_healed":0,"gold_gain":0,"player_choice":"Card Removal","damage_taken":7,"max_hp_gain":0,"max_hp_loss":0,"event_name":"Golden Wing","floor":14,"gold_loss":0},{"damage_healed":0,"gold_gain":0,"player_choice":"Smashed Altar","damage_taken":0,"max_hp_gain":0,"max_hp_loss":0,"event_name":"Forgotten Altar","floor":19,"gold_loss":0,"cards_obtained":["Decay"]}],"is_beta":false,"boss_relics":[{"not_picked":["Empty Cage","Ring of the Serpent"],"picked":"Black Star"}],"items_purged_floors":[20],"is_endless":false,"potions_floor_spawned":[1,2,5,7,13,21],"killed_by":"Snake Plant","ascension_level":16}}