{"host":"ig7tc0uedzltt2sr","time":1609827445,"event":{"mods":["BaseMod","Better Twitch Integration","Block Reminder","Colored Map","Colored Powertips","Communication Mod","Current Relic Mod","GifTheSpireLib","HexUI Lib","Minty Spire (QoL Compilation)","Quick Restart","Random Character Button","Rare Cards Sparkle","Relic Sorter","Relic Stats","Slay the Relics Exporter","StSLib","SuperFastMode","Synergy Search","Twitch Decklist","Twitch Utils","everything is the same but u backflip on backflip","slay the spire mod where everything is the same but ironclad has a cowboy hat"],"gold_per_floor":[114,85,99,99,114,114,128,138,184,184,184,184,196,196,196,196,196],"floor_reached":16,"playtime":96,"items_purged":[],"score":94,"play_id":"b0c3b153-9b47-481d-99d0-791281c597e9","local_time":"20210104221725","is_ascension_mode":false,"campfire_choices":[{"data":"Clash","floor":6,"key":"SMITH"},{"data":"Defend_R","floor":10,"key":"SMITH"},{"data":"Rupture","floor":15,"key":"SMITH"}],"circlet_count":0,"master_deck":["Strike_R","Strike_R","Strike_R","Strike_R","Strike_R","Defend_R+1","Defend_R","Defend_R","Defend_R","Bash","Clash+1","Rupture+1","Twin Strike","Armaments","Uppercut","Sword Boomerang"],"relics":["Burning Blood","Bag of Marbles"],"acts_visited":["Exordium"],"potions_floor_usage":[],"damage_taken":[{"damage":7,"enemies":"Small Slimes","floor":1,"turns":9},{"damage":4,"enemies":"2 Louse","floor":3,"turns":3},{"damage":15,"enemies":"Jaw Worm","floor":5,"turns":4},{"damage":1,"enemies":"3 Louse","floor":7,"turns":6},{"damage":21,"enemies":"Blue Slaver","floor":8,"turns":4},{"damage":0,"enemies":"Red Slaver","floor":13,"turns":5},{"damage":0,"enemies":"3 Louse","floor":14,"turns":1},{"damage":90,"enemies":"The Guardian","floor":16,"turns":14}],"seed_played":"1119269556694997319","potions_obtained":[{"floor":5,"key":"BloodPotion"},{"floor":8,"key":"HeartOfIron"},{"floor":13,"key":"SmokeBomb"}],"is_trial":false,"path_per_floor":["M","?","M","?","M","R","M","M","T","R","$","?","M","M","R","B"],"character_chosen":"IRONCLAD","items_purchased":[],"campfire_rested":0,"item_purchase_floors":[],"current_hp_per_floor":[87,87,88,81,72,72,88,73,73,73,73,78,84,90,90,0,0],"gold":196,"neow_bonus":"TEN_PERCENT_HP_BONUS","is_daily":false,"chose_seed":false,"campfire_upgraded":3,"win_rate":0.0,"timestamp":1609827445,"path_taken":["M","?","M","?","M","R","M","M","T","R","$","?","M","M","R","BOSS"],"items_purchased_type":[],"build_version":"2020-12-22","purchased_purges":0,"victory":false,"max_hp_per_floor":[88,88,88,88,88,88,88,88,88,88,88,93,93,93,93,93,93],"relic_stats":{"counters":[8,46],"obtain_stats":[{"Bag of Marbles":9,"Burning Blood":0},{"Bag of Marbles":5,"Burning Blood":0},{"Bag of Marbles":26,"Burning Blood":0}],"Burning Blood":36},"card_choices":[{"not_picked":["Clothesline","Perfected Strike"],"picked":"Clash","floor":1},{"not_picked":["Pommel Strike","Burning Pact"],"picked":"Rupture","floor":3},{"not_picked":["Wild Strike","Uppercut"],"picked":"Twin Strike","floor":5},{"not_picked":["Warcry","Clash"],"picked":"Armaments","floor":7},{"not_picked":["Headbutt","Shrug It Off"],"picked":"Uppercut","floor":8},{"not_picked":["Offering","Hemokinesis"],"picked":"Sword Boomerang","floor":13}],"player_experience":1427663,"relics_obtained":[{"floor":9,"key":"Bag of Marbles"}],"event_choices":[{"damage_healed":0,"gold_gain":0,"player_choice":"Left Gold","damage_taken":0,"max_hp_gain":0,"max_hp_loss":0,"event_name":"World of Goop","floor":2,"gold_loss":29},{"damage_healed":0,"gold_gain":0,"player_choice":"Fled","damage_taken":7,"max_hp_gain":0,"max_hp_loss":0,"event_name":"Scrap Ooze","floor":4,"gold_loss":0},{"damage_healed":0,"gold_gain":0,"player_choice":"Donut","damage_taken":0,"max_hp_gain":5,"max_hp_loss":0,"event_name":"Big Fish","floor":12,"gold_loss":0}],"is_beta":false,"boss_relics":[],"items_purged_floors":[],"is_endless":false,"potions_floor_spawned":[5,8,13],"killed_by":"The Guardian","ascension_level":0}}