{"host":"bux1pdxjwq4dkad9","time":1609820251,"event":{"mods":["BaseMod","Colored Map","Minty Spire (QoL Compilation)","Quick Restart","Spicy Shops","StSLib","SuperFastMode","°æ“≈ŒÔMod°øºÚµ•”Œœ∑"],"gold_per_floor":[115,129,25,25,25,54,54,70,70,99,111,137,156,184,184,184,184],"floor_reached":16,"playtime":414,"items_purged":["Strike_B"],"score":310,"play_id":"3e3dc5e4-fe7e-4e6c-b329-e9eb37f7295d","local_time":"20210105121731","is_ascension_mode":true,"campfire_choices":[{"data":"Zap","floor":7,"key":"SMITH"},{"data":"Dualcast","floor":15,"key":"SMITH"}],"circlet_count":0,"master_deck":["AscendersBane","Strike_B","Strike_B","Strike_B","Defend_B","Defend_B","Defend_B","Zap+1","Dualcast+1","Turbo","Hologram","Gash","Electrodynamics","Streamline","Glacier","Undo","Genetic Algorithm"],"relics":["Cracked Core","AT_BellowingDragoncrestRing","NeowsBlessing","InkBottle","Prayer Wheel","Toy Ornithopter","CeramicFish"],"acts_visited":["Exordium"],"potions_floor_usage":[10,16],"damage_taken":[{"damage":0,"enemies":"Small Slimes","floor":1,"turns":1},{"damage":0,"enemies":"2 Louse","floor":2,"turns":1},{"damage":0,"enemies":"3 Sentries","floor":6,"turns":1},{"damage":0,"enemies":"Cultist","floor":8,"turns":3},{"damage":14,"enemies":"Gremlin Nob","floor":10,"turns":3},{"damage":1,"enemies":"2 Fungi Beasts","floor":11,"turns":3},{"damage":10,"enemies":"3 Sentries","floor":12,"turns":3},{"damage":12,"enemies":"Exordium Thugs","floor":13,"turns":4},{"damage":17,"enemies":"Lagavulin","floor":14,"turns":9},{"damage":13,"enemies":"Hexaghost","floor":16,"turns":9}],"seed_played":"1781123994828187410","potions_obtained":[{"floor":8,"key":"Strength Potion"},{"floor":11,"key":"EssenceOfSteel"},{"floor":13,"key":"SmokeBomb"}],"is_trial":false,"path_per_floor":["M","M","$","?","?","E","R","M","T","E","M","E","M","E","R","B"],"character_chosen":"DEFECT","items_purchased":["Gash"],"campfire_rested":0,"item_purchase_floors":[3],"current_hp_per_floor":[64,64,64,69,62,62,62,62,62,48,47,37,25,8,8,0,0],"gold":184,"neow_bonus":"THREE_ENEMY_KILL","is_daily":false,"chose_seed":false,"campfire_upgraded":2,"win_rate":0.0,"timestamp":1609820251,"path_taken":["M","M","$","?","?","E","R","M","T","E","M","E","M","E","R","BOSS"],"items_purchased_type":["Card"],"build_version":"2020-12-22","purchased_purges":1,"victory":false,"max_hp_per_floor":[71,71,71,76,76,76,76,76,76,76,76,76,76,76,76,76,76],"card_choices":[{"not_picked":["Beam Cell","Conserve Battery"],"picked":"Turbo","floor":1},{"not_picked":["Rebound","Darkness"],"picked":"Hologram","floor":2},{"not_picked":["Hologram","Fission"],"picked":"Electrodynamics","floor":6},{"not_picked":["Doom and Gloom","Static Discharge"],"picked":"Streamline","floor":8},{"not_picked":["Hologram","Go for the Eyes"],"picked":"Glacier","floor":10},{"not_picked":["Barrage","Beam Cell"],"picked":"Undo","floor":11},{"not_picked":["Hologram","Cold Snap","Steam"],"picked":"SKIP","floor":11},{"not_picked":["Redo","Double Energy","FTL"],"picked":"SKIP","floor":12},{"not_picked":["Beam Cell","Darkness"],"picked":"Genetic Algorithm","floor":13},{"not_picked":["Rainbow","Ball Lightning","Rebound"],"picked":"SKIP","floor":13},{"not_picked":["Cold Snap","Sweeping Beam","Gash"],"picked":"SKIP","floor":14}],"player_experience":2336077,"relics_obtained":[{"floor":6,"key":"InkBottle"},{"floor":10,"key":"Prayer Wheel"},{"floor":12,"key":"Toy Ornithopter"},{"floor":14,"key":"CeramicFish"}],"event_choices":[{"damage_healed":0,"gold_gain":0,"player_choice":"Donut","damage_taken":0,"max_hp_gain":5,"max_hp_loss":0,"event_name":"Big Fish","floor":4,"gold_loss":0},{"cards_removed":["Defend_B"],"damage_healed":0,"gold_gain":0,"player_choice":"Card Removal","damage_taken":7,"max_hp_gain":0,"max_hp_loss":0,"event_name":"Golden Wing","floor":5,"gold_loss":0}],"is_beta":false,"boss_relics":[],"items_purged_floors":[3],"is_endless":false,"potions_floor_spawned":[8,11,13],"killed_by":"Hexaghost","ascension_level":20}}