{"host":"zftkeu5v9gqs3wr3","time":1609807250,"event":{"mods":["AchievementEnabler","Act Like it!","Bard","BaseMod","CapriCore","Curses Come First","Elementarium","Gensokyo","Hermit","Hero for Fun","Jorbs\u0027s Wanderer Trilogy","Mad Scientist","Minty Spire (QoL Compilation)","Potionbrewer","Rare Cards Sparkle","Shade Mod","StSLib","The Cursed","The Immortal","The Runesmith","TheSwordswoman"],"gold_per_floor":[113,113,14,24,36,36,49,49,49,68,143,143,209,259,259,357,357,375,425,55,74,93,127,127,137,164,176,192,192,157,170,170,170,170],"floor_reached":33,"playtime":2268,"items_purged":["Pain"],"score":261,"play_id":"c863ee8b-1503-4f33-8094-cb4d0d849985","local_time":"20210105004050","is_ascension_mode":false,"campfire_choices":[{"data":"Distraction","floor":6,"key":"SMITH"},{"data":"Crippling Poison","floor":8,"key":"SMITH"},{"data":"Backstab","floor":15,"key":"SMITH"},{"floor":24,"key":"REST"},{"floor":29,"key":"REST"},{"floor":32,"key":"REST"}],"circlet_count":0,"master_deck":["Strike_G","Strike_G","Strike_G","Strike_G+1","Strike_G+1","Defend_G","Defend_G","Defend_G","Defend_G","Defend_G","Survivor","Neutralize","Distraction+1","Prepared","Crippling Poison+1","Backstab+1","Masterful Stab","PiercingWail","Poisoned Stab+1","Phantasmal Killer","Choke+1","Dagger Spray","Noxious Fumes","Bane","Deadly Poison","Calculated Gamble","Blind","Acrobatics","Finisher","Backflip","Endless Agony+1","Outmaneuver+1","Dash","Blade Dance+1"],"relics":["Sozu","WarpedTongs","Whetstone","SsserpentHead","Runic Pyramid","Enchiridion","Question Card","Pen Nib","potionbrewer:BottledElixir"],"acts_visited":["Exordium","TheCity"],"potions_floor_usage":[],"damage_taken":[{"damage":5,"enemies":"Small Slimes","floor":1,"turns":5},{"damage":1,"enemies":"Cultist","floor":4,"turns":4},{"damage":0,"enemies":"Jaw Worm","floor":5,"turns":4},{"damage":0,"enemies":"Blue Slaver","floor":7,"turns":2},{"damage":0,"enemies":"Exordium Thugs","floor":10,"turns":3},{"damage":2,"enemies":"Large Slime","floor":13,"turns":5},{"damage":14,"enemies":"Hexaghost","floor":16,"turns":9},{"damage":0,"enemies":"Chosen","floor":18,"turns":4},{"damage":1,"enemies":"Shell Parasite","floor":21,"turns":4},{"damage":15,"enemies":"Snake Plant","floor":22,"turns":4},{"damage":15,"enemies":"Book of Stabbing","floor":23,"turns":5},{"damage":23,"enemies":"Cultist and Chosen","floor":25,"turns":6},{"damage":13,"enemies":"Centurion and Healer","floor":27,"turns":4},{"damage":0,"enemies":"Sentry and Sphere","floor":28,"turns":2},{"damage":7,"enemies":"Snecko","floor":31,"turns":4},{"damage":51,"enemies":"Champ","floor":33,"turns":7}],"seed_played":"7000809571390704713","potions_obtained":[],"is_trial":false,"path_per_floor":["M","?","$","M","M","R","M","R","T","M","?","?","M","?","R","B",null,"M","?","$","M","M","E","R","M","T","M","M","R","?","M","R","B"],"character_chosen":"THE_SILENT","items_purchased":["Prepared","Dagger Spray","Noxious Fumes","Bane","Deadly Poison","Calculated Gamble","Blind"],"campfire_rested":3,"item_purchase_floors":[3,20,20,20,20,20,20],"current_hp_per_floor":[65,65,65,64,64,64,64,64,64,64,53,53,51,51,51,37,70,70,54,54,53,38,23,44,21,21,8,8,29,29,22,43,0,0],"gold":170,"neow_bonus":"BOSS_RELIC","is_daily":false,"chose_seed":false,"campfire_upgraded":3,"win_rate":0.0,"timestamp":1609807250,"path_taken":["M","?","$","M","?","R","M","R","T","M","?","?","?","?","R","BOSS","M","?","$","M","M","E","R","M","T","M","M","R","?","M","R","BOSS"],"items_purchased_type":["Card","Card","Card","Card","Card","Card","Card"],"build_version":"2020-12-22","purchased_purges":1,"victory":false,"max_hp_per_floor":[70,70,70,70,70,70,70,70,70,70,70,70,70,70,70,70,70,70,70,70,70,70,70,70,70,70,70,70,70,70,70,70,70,70],"card_choices":[{"not_picked":["Sucker Punch","Blur"],"picked":"Distraction","floor":1},{"not_picked":["Catalyst","Distraction"],"picked":"Crippling Poison","floor":4},{"not_picked":["Slice","Crippling Poison"],"picked":"Backstab","floor":5},{"not_picked":["Infinite Blades","Acrobatics"],"picked":"Masterful Stab","floor":7},{"not_picked":["Acrobatics","Cloak And Dagger"],"picked":"PiercingWail","floor":10},{"not_picked":["Deadly Poison","Blade Dance"],"picked":"Poisoned Stab","floor":13},{"not_picked":["Die Die Die","Storm of Steel"],"picked":"Phantasmal Killer","floor":16},{"not_picked":["Expertise","Escape Plan"],"picked":"Choke+1","floor":18},{"not_picked":["Poisoned Stab","Well Laid Plans"],"picked":"Acrobatics","floor":21},{"not_picked":["Heel Hook","Dash"],"picked":"Finisher","floor":22},{"not_picked":["Deflect","Flying Knee"],"picked":"Backflip","floor":23},{"not_picked":["Dagger Throw","Outmaneuver","Dodge and Roll+1"],"picked":"Endless Agony+1","floor":25},{"not_picked":["Dagger Throw+1","Night Terror","Dagger Spray"],"picked":"Outmaneuver+1","floor":27},{"not_picked":["Prepared","Poisoned Stab+1","Deadly Poison"],"picked":"Dash","floor":28},{"not_picked":["Dagger Throw","Cloak And Dagger","Prepared"],"picked":"Blade Dance+1","floor":31}],"player_experience":105096,"relics_obtained":[{"floor":9,"key":"Whetstone"},{"floor":19,"key":"Enchiridion"},{"floor":23,"key":"Question Card"},{"floor":26,"key":"Pen Nib"}],"event_choices":[{"damage_healed":0,"gold_gain":0,"player_choice":"Rummage","damage_taken":0,"relics_obtained":["WarpedTongs"],"max_hp_gain":0,"max_hp_loss":0,"event_name":"Accursed Blacksmith","floor":2,"gold_loss":0,"cards_obtained":["Pain"]},{"damage_healed":0,"gold_gain":75,"player_choice":"Gather Gold","damage_taken":11,"max_hp_gain":0,"max_hp_loss":0,"event_name":"World of Goop","floor":11,"gold_loss":0},{"damage_healed":0,"gold_gain":0,"player_choice":"Trade","damage_taken":0,"relics_obtained":["SsserpentHead"],"max_hp_gain":0,"max_hp_loss":0,"event_name":"FaceTrader","floor":12,"gold_loss":0},{"damage_healed":0,"gold_gain":0,"player_choice":"Grow","damage_taken":0,"max_hp_gain":0,"max_hp_loss":0,"event_name":"Living Wall","floor":14,"gold_loss":0,"cards_upgraded":["Poisoned Stab"]},{"damage_healed":0,"gold_gain":0,"player_choice":"Obtained Book","damage_taken":16,"max_hp_gain":0,"max_hp_loss":0,"event_name":"Cursed Tome","floor":19,"gold_loss":0},{"damage_healed":0,"gold_gain":0,"player_choice":"Obtained Relic","damage_taken":0,"relics_obtained":["potionbrewer:BottledElixir"],"max_hp_gain":0,"max_hp_loss":0,"event_name":"Addict","floor":30,"gold_loss":85}],"is_beta":false,"boss_relics":[{"not_picked":["Runesmith:UraniumAnvil","Cursed Key"],"picked":"Runic Pyramid"}],"items_purged_floors":[3],"is_endless":false,"potions_floor_spawned":[1,7,16,18,23,25,28],"killed_by":"Champ","ascension_level":0}}