{"host":"wwmqne3dwir10erh","time":1609886326,"event":{"mods":["BaseMod","Better Note","Hubris","Mimic Mod","Minty Spire (QoL Compilation)","Replay The Spire","StSLib","The Bladedancer"],"gold_per_floor":[116,134,153,171,190,190,222,237,237,122,122,141,153,181,181,282,282,302,302,242,142,157,157,232,232,269,279,299,224,249,260,260,362,362,376,376,86,86,104,135,135,135,135,147,159,159,175,175,175,175],"floor_reached":51,"playtime":2186,"items_purged":["Strike_G","Strike_G","Strike_G"],"score":820,"play_id":"566d613b-0375-48b3-b642-7fbf0a3a8caf","local_time":"20210105173846","is_ascension_mode":true,"campfire_choices":[{"floor":6.0,"key":"REST"},{"floor":11.0,"key":"REST"},{"floor":15.0,"key":"REST"},{"floor":23.0,"key":"DIG"},{"floor":25.0,"key":"DIG"},{"floor":42,"key":"REST"},{"floor":46,"key":"DIG"},{"floor":49,"key":"REST"}],"circlet_count":0,"master_deck":["Strike_G+1","Defend_G+1","Defend_G","Defend_G+1","Defend_G","Defend_G","Survivor","Neutralize","Noxious Fumes+1","Bane","Cloak And Dagger","Prepared+1","hubris:Counter+1","ReplayTheSpireMod:Scrap Shanks","Deadly Poison+1","Poisoned Stab+1","Deflect","All Out Attack","Blade Dance","LessonLearned","CurseOfTheBell","Apotheosis+1","Caltrops+1","BattleHymn","Poison Darts","Distraction","Glass Knife","Terror","Unload","Prepared+1","Cloak And Dagger+1","SignatureMove"],"relics":["hubris:CrackedHourglass","Replay:Rubber Ducky","hubris:DisguiseKit","Iron Hammer","Calling Bell","Lantern","hubris:Reverence","Shovel","Replay:Multitool","Replay:Ringing Soul","Blue Candle","Replay:Bottled Snecko","ChewingGum","Ring of Fury","Ornamental Fan","Bottled Tornado","Onion Ring"],"acts_visited":["TheCity","TheBeyond"],"potions_floor_usage":[33,39,50,50],"damage_taken":[{"damage":0.0,"enemies":"Cultist","floor":1.0,"turns":4.0},{"damage":0.0,"enemies":"Small Slimes","floor":2.0,"turns":4.0},{"damage":0.0,"enemies":"Jaw Worm","floor":3.0,"turns":5.0},{"damage":2.0,"enemies":"Blue Slaver","floor":4.0,"turns":4.0},{"damage":23.0,"enemies":"Exordium Thugs","floor":5.0,"turns":6.0},{"damage":15.0,"enemies":"3 Sentries","floor":7.0,"turns":7.0},{"damage":5.0,"enemies":"Lots of Slimes","floor":8.0,"turns":5.0},{"damage":8.0,"enemies":"3 Louse","floor":12.0,"turns":4.0},{"damage":7.0,"enemies":"Exordium Wildlife","floor":13.0,"turns":3.0},{"damage":28.0,"enemies":"Lagavulin","floor":14.0,"turns":5.0},{"damage":12.0,"enemies":"The Guardian","floor":16.0,"turns":10.0},{"damage":2.0,"enemies":"3 Byrds","floor":18.0,"turns":4.0},{"damage":2.0,"enemies":"Spheric Guardian","floor":22.0,"turns":3.0},{"damage":0.0,"enemies":"Snake Plant","floor":26.0,"turns":6.0},{"damage":0.0,"enemies":"Snake Plant","floor":27.0,"turns":3.0},{"damage":9.0,"enemies":"Centurion and Healer","floor":28.0,"turns":5.0},{"damage":0.0,"enemies":"Gremlin Leader","floor":30.0,"turns":6.0},{"damage":13.0,"enemies":"Shelled Parasite and Fungi","floor":31.0,"turns":3.0},{"damage":15,"enemies":"Automaton","floor":33,"turns":10},{"damage":0,"enemies":"Orb Walker","floor":35,"turns":3},{"damage":18,"enemies":"3 Darklings","floor":39,"turns":4},{"damage":36,"enemies":"Nemesis","floor":40,"turns":7},{"damage":5,"enemies":"Transient","floor":44,"turns":5},{"damage":0,"enemies":"Spire Growth","floor":45,"turns":3},{"damage":22,"enemies":"Sphere and 2 Shapes","floor":47,"turns":5},{"damage":35,"enemies":"hubris:GrandSnecko","floor":50,"turns":7}],"seed_played":"1663991019815983213","potions_obtained":[{"floor":1.0,"key":"LiquidMemories"},{"floor":3.0,"key":"Milkshake"},{"floor":5.0,"key":"BlessingOfTheForge"},{"floor":13.0,"key":"Strength Potion"},{"floor":16.0,"key":"CunningPotion"},{"floor":18.0,"key":"Block Potion"},{"floor":27.0,"key":"Milkshake"},{"floor":30.0,"key":"PowerPotion"},{"floor":33,"key":"Poison Potion"},{"floor":41,"key":"DuplicationPotion"},{"floor":41,"key":"Strength Potion"}],"is_trial":false,"path_per_floor":["M","M","M","M","M","R","E","M","T","$","R","M","M","E","R","B",null,"M","?","?","$","M","R","?","R","MIM","M","M","?","E","M","R","B",null,"M","?","$","?","M","E","?","R","T","M","M","R","M","?","R","B",null],"character_chosen":"THE_SILENT","items_purchased":["Poisoned Stab+1","Terror","CultistPotion"],"campfire_rested":5,"item_purchase_floors":[10,37,37],"current_hp_per_floor":[70,70,70,68,45,66,51,46,46,46,67,59,52,24,45,33,70,68,68,68,68,66,66,59,59,59,62,56,56,59,49,73,61,85,85,85,88,88,73,37,37,64,64,62,65,65,46,46,76,41],"gold":175,"neow_bonus":"BOSS_RELIC","is_daily":false,"chose_seed":false,"campfire_upgraded":0,"win_rate":0.0,"timestamp":1609886326,"path_taken":["M","M","M","M","M","R","E","M","T","$","R","?","M","E","R","BOSS","M","?","?","$","M","R","?","R","MIM","M","M","?","E","M","R","BOSS","M","?","$","?","?","E","?","R","T","M","?","R","M","?","R","BOSS"],"items_purchased_type":["Card","Card","Potion"],"build_version":"2020-12-22","purchased_purges":3,"victory":true,"max_hp_per_floor":[70,70,70,70,70,70,70,70,70,70,70,70,70,70,70,70,70,70,70,70,70,70,70,70,70,70,73,76,76,79,82,82,85,85,85,85,88,88,91,91,91,91,91,94,97,97,100,100,100,100],"card_choices":[{"not_picked":["Leg Sweep","Prepared"],"picked":"Noxious Fumes","floor":1.0},{"not_picked":["Fluid Movement","Dash"],"picked":"Bane","floor":2.0},{"not_picked":["Backflip","Sucker Punch"],"picked":"Cloak And Dagger","floor":3.0},{"not_picked":["hubris:TrickCloak","ReplayTheSpireMod:Tripwire"],"picked":"Prepared","floor":4.0},{"not_picked":["Deflect","Setup"],"picked":"hubris:Counter","floor":5.0},{"not_picked":["Bane","Prepared"],"picked":"ReplayTheSpireMod:Scrap Shanks","floor":7.0},{"not_picked":["Cloak And Dagger","Storm of Steel"],"picked":"Deadly Poison","floor":8.0},{"not_picked":["Eviscerate","PiercingWail","Wallop"],"picked":"Deflect","floor":12.0},{"not_picked":["Escape Plan","Dagger Throw","FlyingSleeves"],"picked":"All Out Attack","floor":13.0},{"not_picked":["Flying Knee","PiercingWail","CrushJoints"],"picked":"Blade Dance","floor":14.0},{"not_picked":["A Thousand Cuts","Replay:Bag of Tricks","ReplayTheSpireMod:From All Sides"],"picked":"LessonLearned","floor":16.0},{"not_picked":["Dagger Throw","Backflip","Riddle With Holes","Replay:DivineShield"],"picked":"SKIP","floor":18.0},{"not_picked":["hubris:TrickCloak+1","Outmaneuver+1","hubris:Counter","Replay:AtTheReady"],"picked":"SKIP","floor":22.0},{"not_picked":["Riddle With Holes+1","Backflip","Pray"],"picked":"Caltrops+1","floor":27.0},{"not_picked":["Deadly Poison","Dagger Throw","Quick Slash+1"],"picked":"BattleHymn","floor":28.0},{"not_picked":["Toxin Wave","hubris:SlightOfHand+1","ThirdEye"],"picked":"Poison Darts","floor":30.0},{"not_picked":["Deadly Poison","ReplayTheSpireMod:Scrap Shanks","Replay:AtTheReady"],"picked":"Distraction","floor":31.0},{"not_picked":["ReplayTheSpireMod:From All Sides","Poison Darts","Brilliance"],"picked":"Glass Knife","floor":33},{"not_picked":["Quick Slash","Slice+1","Heel Hook","PathToVictory"],"picked":"SKIP","floor":35},{"not_picked":["Flying Knee+1","Hidden Blade+1","SashWhip"],"picked":"Unload","floor":39},{"not_picked":["Underhanded Strike+1","All Out Attack","hubris:SlightOfHand+1","Sanctity"],"picked":"SKIP","floor":40},{"not_picked":["Acrobatics","Crippling Poison","ClearTheMind"],"picked":"Prepared+1","floor":44},{"not_picked":["Hidden Blade+1","Prepared+1","LikeWater"],"picked":"Cloak And Dagger+1","floor":45},{"not_picked":["Tactician+1","Dagger Spray","ReplayTheSpireMod:Exploit Weakness"],"picked":"SignatureMove","floor":47}],"player_experience":2252301,"relics_obtained":[{"floor":7.0,"key":"Replay:Rubber Ducky"},{"floor":9.0,"key":"hubris:DisguiseKit"},{"floor":14.0,"key":"Iron Hammer"},{"floor":17.0,"key":"Lantern"},{"floor":17.0,"key":"hubris:Reverence"},{"floor":17.0,"key":"Shovel"},{"floor":23.0,"key":"Replay:Multitool"},{"floor":25.0,"key":"Replay:Ringing Soul"},{"floor":26.0,"key":"Blue Candle"},{"floor":30.0,"key":"Replay:Bottled Snecko"},{"floor":36,"key":"Ring of Fury"},{"floor":40,"key":"Ornamental Fan"},{"floor":43,"key":"Bottled Tornado"},{"floor":46,"key":"Onion Ring"}],"event_choices":[{"cards_removed":["Apotheosis"],"damage_healed":0.0,"max_hp_gain":0.0,"max_hp_loss":0.0,"gold_gain":0.0,"event_name":"betterNote:BetterNote","player_choice":"Take \u0026 Give","floor":19.0,"gold_loss":0.0,"damage_taken":0.0,"cards_obtained":["Apotheosis"]},{"damage_healed":0.0,"max_hp_gain":0.0,"max_hp_loss":0.0,"gold_gain":75.0,"event_name":"FaceTrader","player_choice":"Touch","floor":24.0,"gold_loss":0.0,"damage_taken":7.0},{"cards_removed":["Strike_G"],"damage_healed":0.0,"max_hp_gain":0.0,"max_hp_loss":0.0,"gold_gain":0.0,"event_name":"Beggar","player_choice":"Gave Gold","floor":29.0,"gold_loss":75.0,"damage_taken":0.0},{"damage_healed":0,"gold_gain":0,"player_choice":"Full Heal","damage_taken":0,"max_hp_gain":0,"max_hp_loss":0,"event_name":"Wheel of Change","floor":38,"gold_loss":0},{"damage_healed":0,"gold_gain":0,"player_choice":"Got Potions","damage_taken":0,"max_hp_gain":0,"max_hp_loss":0,"event_name":"Lab","floor":41,"gold_loss":0}],"is_beta":false,"boss_relics":[{"not_picked":["Ring of Chaos","Velvet Choker"],"picked":"Calling Bell"},{"not_picked":["Philosopher\u0027s Stone","Replay:Wanted Poster"],"picked":"ChewingGum"}],"items_purged_floors":[10,21,37],"is_endless":false,"potions_floor_spawned":[1,3,5,13,14,16,18,27,30,33,44,47],"ascension_level":1}}