{"host":"ai2zab3l3qrfb1vu","time":1609836200,"event":{"mods":["2.2 Compatiblity","Act Like it!","BaseMod","BetterRewards","Friendly Minions","Gensokyo","GifTheSpireLib","Highlight Path","Hubris","Infinite Spire","MarisaÅiñ∂âJÅ@ñÇóùçπÅj","Mimic Mod","Minty Spire (QoL Compilation)","Relic Filter","Replay The Spire","Shop Mod","StSLib","The Alterego","The Marked","Wandering Minibosses","Yakumo Yukari mod"],"gold_per_floor":[12,27,27,45,65,65,92,117,187,187,198,213,228,228,228,325,325,342,14,74,74,108,108,118,118,145,445,445],"floor_reached":27,"playtime":1498,"items_purged":["hubris:Sloth"],"score":213,"play_id":"aec20465-9680-42f2-b029-9073f25d6987","local_time":"20210105014320","is_ascension_mode":false,"campfire_choices":[{"data":"theMarked:BindingBlade","floor":6,"key":"SMITH"},{"floor":15,"key":"REST"},{"data":"theMarked:SoldierOfQuellstein","floor":23,"key":"SMITH"},{"data":"theMarked:EmpowerWeapon","floor":25,"key":"SMITH"}],"circlet_count":0,"master_deck":["theMarked:Strike","theMarked:Strike","theMarked:Strike","theMarked:Strike","theMarked:Strike","theMarked:Defend","theMarked:Defend","theMarked:Defend","theMarked:Defend","theMarked:SoldierOfQuellstein+1","theMarked:BindingBlade+1","theMarked:EmpowerWeapon+1","theMarked:ChannelForce+1","theMarked:SoldierForm+1","theMarked:ElementalBlade+1","Gensokyo:BlemishedSteel","Gensokyo:TarnishedGold","Gensokyo:Shovel","hubris:Wrath","theMarked:EternalStudent+1","hubris:Wrath"],"relics":["theMarked:ArtifactOfAir","infinitespire:Joker Card","Golden Egg","Gensokyo:YoukaiFlower","Cursed Key","theMarked:Winder","Toy Ornithopter","theMarked:BronzeBlade","Letter Opener","infinitespire:Satchel"],"acts_visited":["Gensokyo:Gensokyo","Gensokyo:Gensokyoer"],"potions_floor_usage":[13,16,24,27],"damage_taken":[{"damage":6,"enemies":"Gensokyo:Python","floor":1,"turns":3},{"damage":2,"enemies":"Gensokyo:Gryphon","floor":2,"turns":3},{"damage":4,"enemies":"Gensokyo:3_Fairies","floor":4,"turns":4},{"damage":4,"enemies":"Gensokyo:LivingMonolith","floor":5,"turns":6},{"damage":42,"enemies":"Gensokyo:Cirno","floor":7,"turns":8},{"damage":2,"enemies":"Gensokyo:2_Rabbits","floor":11,"turns":2},{"damage":6,"enemies":"Gensokyo:Python_and_Kodama","floor":12,"turns":3},{"damage":1,"enemies":"Gensokyo:CorruptedTreant","floor":13,"turns":2},{"damage":8,"enemies":"Gensokyo:Yukari","floor":16,"turns":4},{"damage":15,"enemies":"Gensokyo:CosmicMonolith","floor":18,"turns":4},{"damage":6,"enemies":"Gensokyo:AngelMirror","floor":22,"turns":4},{"damage":0,"enemies":"Gensokyo:AngelMirror","floor":24,"turns":1},{"damage":59,"enemies":"Gensokyo:Wraith","floor":27,"turns":5}],"seed_played":"-1365061201604530936","potions_obtained":[{"floor":1,"key":"DuplicationPotion"},{"floor":11,"key":"BlessingOfTheForge"},{"floor":12,"key":"BlessingOfTheForge"},{"floor":16,"key":"Explosive Potion"},{"floor":18,"key":"SkillPotion"}],"is_trial":false,"path_per_floor":["M","M","$","M","M","R","E","T","T","?","M","M","M","?","R","B",null,"M","COS","?","AVR","MIM","R","M","R","T","M"],"character_chosen":"THE_DEFAULT","items_purchased":[],"campfire_rested":1,"item_purchase_floors":[],"current_hp_per_floor":[64,62,62,58,54,54,12,12,12,12,10,4,3,3,24,16,70,55,55,55,55,49,49,54,54,54,0,0],"gold":445,"neow_bonus":"THREE_RARE_CARDS","is_daily":false,"chose_seed":false,"campfire_upgraded":3,"win_rate":0.0,"timestamp":1609836200,"path_taken":["M","M","?","M","M","R","E","?","T","?","?","M","M","?","R","BOSS","M","COS","?","AVR","?","R","M","R","T","?"],"items_purchased_type":[],"build_version":"2020-12-22","purchased_purges":1,"victory":false,"max_hp_per_floor":[70,70,70,70,70,70,70,70,70,70,70,70,70,70,70,70,70,70,70,70,70,70,70,70,70,70,70,70],"card_choices":[{"not_picked":["theMarked:Abjuration","theMarked:Challenge"],"picked":"theMarked:BindingBlade","floor":0},{"not_picked":["theMarked:WastefulDefense","theMarked:Improvise","theMarked:BanishingStrike"],"picked":"SKIP","floor":1},{"not_picked":["theMarked:HeightenedSenses","theMarked:Generate"],"picked":"theMarked:EmpowerWeapon","floor":2},{"not_picked":["theMarked:TakeCover","theMarked:ResourceFulStrike","theMarked:BanishingStrike"],"picked":"SKIP","floor":4},{"not_picked":["theMarked:BanishingStrike","theMarked:Parkour","theMarked:ChainLightning"],"picked":"SKIP","floor":5},{"not_picked":["theMarked:Defy","theMarked:WardOff","theMarked:StartUp"],"picked":"SKIP","floor":7},{"not_picked":["theMarked:WardOff","theMarked:StartUp"],"picked":"theMarked:Defy","floor":7},{"not_picked":["theMarked:Frustration","theMarked:RepellingDischarge","theMarked:WastefulAttack"],"picked":"SKIP","floor":11},{"not_picked":["theMarked:AttractMetal","theMarked:Improvise","theMarked:EmpowerWeapon"],"picked":"SKIP","floor":12},{"not_picked":["theMarked:ElectricStrings","theMarked:BanishingWave"],"picked":"theMarked:ChannelForce","floor":13},{"not_picked":["theMarked:TakeOffHeels","theMarked:ThrowWeapon"],"picked":"theMarked:SoldierForm","floor":16},{"not_picked":["theMarked:WastefulDefense","theMarked:Standoff"],"picked":"theMarked:ElementalBlade+1","floor":18},{"not_picked":["theMarked:EmpowerWeapon+1","theMarked:WastefulDefense"],"picked":"theMarked:EternalStudent","floor":22},{"not_picked":["theMarked:WardOff","theMarked:WastefulDefense","theMarked:TwofoldDefense"],"picked":"SKIP","floor":24}],"player_experience":568683,"relics_obtained":[{"floor":7,"key":"infinitespire:Joker Card"},{"floor":9,"key":"Golden Egg"},{"floor":20,"key":"Toy Ornithopter"},{"floor":22,"key":"Letter Opener"},{"floor":26,"key":"infinitespire:Satchel"}],"event_choices":[],"is_beta":false,"boss_relics":[{"not_picked":["Replay:Ancient Bell","hubris:Stopwatch"],"picked":"Cursed Key"}],"items_purged_floors":[21],"is_endless":false,"potions_floor_spawned":[1,11,12,16,18],"killed_by":"Gensokyo:Wraith","ascension_level":0}}