{"host":"kh6fvhxn285ncg0o","time":1609830343,"event":{"mods":["Act Like it!","BaseMod","Colored Map","Friendly Minions","Keyboard Shortcuts","Minty Spire (QoL Compilation)","Quick Restart","Relic Stats","StSLib","SuperFastMode"],"gold_per_floor":[19,19,31,181,201,201,231,231,231,257,257,182,209,209,209,280,280,298,298,312,327,377,409,419,419,444,444,469,478,132,159,159,239,239,265,165,220,220,238,264,264,276,276,310,327,340,340,366,366,366,366,366,366,3,35,35],"floor_reached":57,"playtime":1643,"items_purged":["Strike_R","Defend_R","Bash"],"score":3299,"play_id":"d9564bdb-372f-4a17-b267-54255a5bdbff","local_time":"20210105160543","is_ascension_mode":true,"campfire_choices":[{"data":"Fire Breathing","floor":6.0,"key":"SMITH"},{"data":"Wild Strike","floor":8.0,"key":"SMITH"},{"data":"Fiend Fire","floor":11.0,"key":"SMITH"},{"data":"Evolve","floor":15.0,"key":"SMITH"},{"data":"Power Through","floor":25,"key":"SMITH"},{"data":"Immolate","floor":27,"key":"SMITH"},{"data":"Deep Breath","floor":32,"key":"SMITH"},{"data":"Finesse","floor":41,"key":"SMITH"},{"data":"Second Wind","floor":47,"key":"SMITH"},{"floor":49,"key":"RECALL"},{"data":"Shockwave","floor":53,"key":"SMITH"}],"circlet_count":0,"master_deck":["AscendersBane","Defend_R","Defend_R","Fire Breathing+1","Wild Strike+1","Doubt","Second Wind+1","Evolve+1","Fiend Fire+1","Power Through+1","Feed","Immolate+1","Berserk","Shrug It Off+1","Necronomicurse","Deep Breath+1","Impervious","Feel No Pain+1","Warcry+1","Finesse+1","Dark Shackles","Shockwave+1","Dark Embrace","Burning Pact"],"relics":["Burning Blood","Question Card","HornCleat","Akabeko","Gremlin Horn","Juzu Bracelet","Boot","Empty Cage","Toy Ornithopter","Centennial Puzzle","CeramicFish","Necronomicon","ClockworkSouvenir","Blood Vial","Runic Pyramid","Ginger","Smiling Mask","Vajra","Bronze Scales","Art of War","Kunai"],"acts_visited":["Exordium","TheCity","TheBeyond","TheEnding"],"potions_floor_usage":[44,56,56],"damage_taken":[{"damage":7.0,"enemies":"Small Slimes","floor":1.0,"turns":4.0},{"damage":1.0,"enemies":"Cultist","floor":3.0,"turns":3.0},{"damage":2.0,"enemies":"2 Louse","floor":5.0,"turns":2.0},{"damage":32.0,"enemies":"Gremlin Nob","floor":7.0,"turns":5.0},{"damage":15.0,"enemies":"3 Sentries","floor":10.0,"turns":4.0},{"damage":0.0,"enemies":"Gremlin Nob","floor":13.0,"turns":3.0},{"damage":0.0,"enemies":"Slime Boss","floor":16.0,"turns":5.0},{"damage":0,"enemies":"Chosen","floor":18,"turns":3},{"damage":0,"enemies":"2 Thieves","floor":20,"turns":3},{"damage":9,"enemies":"Snake Plant","floor":21,"turns":4},{"damage":37,"enemies":"Book of Stabbing","floor":23,"turns":5},{"damage":0,"enemies":"Centurion and Healer","floor":24,"turns":4},{"damage":0,"enemies":"Gremlin Leader","floor":28,"turns":3},{"damage":0,"enemies":"Slavers","floor":31,"turns":5},{"damage":17,"enemies":"Automaton","floor":33,"turns":7},{"damage":0,"enemies":"3 Darklings","floor":35,"turns":2},{"damage":17,"enemies":"2 Orb Walkers","floor":37,"turns":4},{"damage":0,"enemies":"Reptomancer","floor":40,"turns":5},{"damage":3,"enemies":"Orb Walker","floor":42,"turns":4},{"damage":21,"enemies":"Nemesis","floor":44,"turns":8},{"damage":0,"enemies":"Spire Growth","floor":45,"turns":6},{"damage":0,"enemies":"Transient","floor":46,"turns":6},{"damage":6,"enemies":"Reptomancer","floor":48,"turns":5},{"damage":4,"enemies":"Donu and Deca","floor":50,"turns":9},{"damage":0,"enemies":"Time Eater","floor":51,"turns":8},{"damage":23,"enemies":"Shield and Spear","floor":55,"turns":8},{"damage":14,"enemies":"The Heart","floor":56,"turns":7}],"seed_played":"-925803107042523047","potions_obtained":[{"floor":1.0,"key":"Weak Potion"},{"floor":5.0,"key":"ColorlessPotion"},{"floor":7.0,"key":"Explosive Potion"},{"floor":23,"key":"BlessingOfTheForge"},{"floor":28,"key":"Block Potion"},{"floor":35,"key":"LiquidBronze"},{"floor":37,"key":"Regen Potion"},{"floor":40,"key":"Dexterity Potion"},{"floor":48,"key":"PowerPotion"}],"is_trial":false,"path_per_floor":["M","?","M","?","M","R","E","R","T","E","R","?","E","?","R","B",null,"M","?","M","M","?","E","M","R","T","R","E","?","$","E","R","B",null,"M","$","?","?","?","E","R","M","T","E","M","M","R","E","R","B","B",null,"R","$","E","B",null],"character_chosen":"IRONCLAD","items_purchased":["Deep Breath","ClockworkSouvenir","Dark Embrace","Burning Pact","Art of War"],"campfire_rested":0,"item_purchase_floors":[30,30,54,54,54],"current_hp_per_floor":[67,67,72,72,75,75,49,49,49,40,40,40,46,41,41,47,68,74,74,75,72,72,41,47,47,47,47,53,32,32,41,41,35,70,78,78,72,72,62,73,73,81,81,88,93,93,93,96,96,96,96,96,96,96,79,83],"gold":35,"neow_bonus":"REMOVE_TWO","is_daily":false,"chose_seed":false,"campfire_upgraded":10,"win_rate":0.0,"timestamp":1609830343,"path_taken":["M","?","?","?","M","R","E","R","T","E","R","?","E","?","R","BOSS","M","?","M","M","?","E","M","R","T","R","E","?","$","E","R","BOSS","M","$","?","?","?","E","R","M","T","E","M","M","R","E","R","BOSS","BOSS","R","$","E","BOSS"],"items_purchased_type":["Card","Relic","Card","Card","Relic"],"build_version":"2020-12-22","purchased_purges":3,"victory":true,"max_hp_per_floor":[75,75,75,75,75,75,75,75,75,75,75,75,75,75,75,75,75,75,75,75,75,75,75,75,75,75,75,75,75,75,78,78,81,81,81,81,84,84,84,87,87,90,90,93,93,93,93,96,96,96,96,96,96,96,96,96],"relic_stats":{"Gremlin Horn":[20,24],"counters":[27,132],"CeramicFish":90,"Juzu Bracelet":0,"Ginger":[18],"Question Card":26,"Boot":[24],"Smiling Mask":75,"Burning Blood":139,"Blood Vial":16,"Centennial Puzzle":[24],"Bronze Scales":[207],"Necronomicon":[36],"Art of War":[8],"Kunai":[0],"obtain_stats":[{"Gremlin Horn":10,"CeramicFish":28,"Vajra":44,"Juzu Bracelet":13,"Ginger":37,"Question Card":2,"Boot":14,"Empty Cage":17,"Smiling Mask":40,"Burning Blood":0,"Akabeko":9,"ClockworkSouvenir":30,"Blood Vial":31,"Centennial Puzzle":26,"HornCleat":7,"Bronze Scales":48,"Necronomicon":29,"Art of War":54,"Kunai":55,"Toy Ornithopter":23,"Runic Pyramid":34},{"Gremlin Horn":5,"CeramicFish":13,"Vajra":20,"Juzu Bracelet":6,"Ginger":17,"Question Card":1,"Boot":6,"Empty Cage":7,"Smiling Mask":18,"Burning Blood":0,"Akabeko":4,"ClockworkSouvenir":13,"Blood Vial":14,"Centennial Puzzle":12,"HornCleat":4,"Bronze Scales":23,"Necronomicon":13,"Art of War":25,"Kunai":26,"Toy Ornithopter":11,"Runic Pyramid":15},{"Gremlin Horn":18,"CeramicFish":48,"Vajra":83,"Juzu Bracelet":21,"Ginger":66,"Question Card":4,"Boot":21,"Empty Cage":26,"Smiling Mask":71,"Burning Blood":0,"Akabeko":14,"ClockworkSouvenir":48,"Blood Vial":53,"Centennial Puzzle":45,"HornCleat":14,"Bronze Scales":100,"Necronomicon":48,"Art of War":117,"Kunai":125,"Toy Ornithopter":41,"Runic Pyramid":60}],"Toy Ornithopter":15},"card_choices":[{"not_picked":["Headbutt","Evolve"],"picked":"Fire Breathing","floor":1.0},{"not_picked":["Havoc","True Grit","Thunderclap"],"picked":"Wild Strike","floor":3.0},{"not_picked":["Iron Wave","True Grit","Spot Weakness"],"picked":"Second Wind","floor":5.0},{"not_picked":["Flex","Sentinel","Power Through"],"picked":"Evolve","floor":7.0},{"not_picked":["Armaments","Body Slam","True Grit"],"picked":"Fiend Fire","floor":10.0},{"not_picked":["Dark Embrace","Immolate","Flame Barrier"],"picked":"Power Through","floor":13.0},{"not_picked":["Demon Form","Corruption","Reaper"],"picked":"Feed","floor":16.0},{"not_picked":["Headbutt","Spot Weakness","Cleave","Anger"],"picked":"SKIP","floor":18},{"not_picked":["Intimidate+1","Inflame","Ghostly Armor"],"picked":"Immolate","floor":20},{"not_picked":["Anger","Armaments","Havoc","Warcry"],"picked":"SKIP","floor":21},{"not_picked":["Sever Soul","Anger","Flame Barrier","Berserk"],"picked":"SKIP","floor":23},{"not_picked":["Sever Soul","Anger","Flame Barrier"],"picked":"Berserk","floor":23},{"not_picked":["Dual Wield","Sword Boomerang","Power Through"],"picked":"Shrug It Off+1","floor":24},{"not_picked":["Iron Wave","Thunderclap","Perfected Strike","Dropkick"],"picked":"SKIP","floor":28},{"not_picked":["Clash","Headbutt+1","Dropkick","Shrug It Off"],"picked":"SKIP","floor":31},{"not_picked":["Double Tap","Berserk","Exhume"],"picked":"Impervious","floor":33},{"not_picked":["Warcry","Twin Strike","Shockwave"],"picked":"Feel No Pain+1","floor":35},{"not_picked":["Inflame+1","Headbutt+1","Wild Strike"],"picked":"Warcry+1","floor":37},{"not_picked":["Bandage Up","Secret Weapon","Panache"],"picked":"Finesse","floor":39},{"not_picked":["Apotheosis","The Bomb","Thinking Ahead"],"picked":"Dark Shackles","floor":39},{"not_picked":["Wild Strike","Clash","Infernal Blade","Blood for Blood"],"picked":"SKIP","floor":40},{"not_picked":["Headbutt","Flame Barrier","Blood for Blood","Seeing Red"],"picked":"SKIP","floor":42},{"not_picked":["Iron Wave+1","Infernal Blade+1","Fire Breathing"],"picked":"Shockwave","floor":44},{"not_picked":["Anger","Shrug It Off","Evolve+1","Headbutt"],"picked":"SKIP","floor":45},{"not_picked":["Perfected Strike","Intimidate","Havoc+1","Clash+1"],"picked":"SKIP","floor":46},{"not_picked":["Uppercut","Iron Wave","Hemokinesis","Limit Break"],"picked":"SKIP","floor":48},{"not_picked":["Warcry","Bloodletting+1","Perfected Strike","Clothesline"],"picked":"SKIP","floor":55}],"player_experience":3369494,"relics_obtained":[{"floor":7.0,"key":"HornCleat"},{"floor":9.0,"key":"Akabeko"},{"floor":10.0,"key":"Gremlin Horn"},{"floor":13.0,"key":"Juzu Bracelet"},{"floor":23,"key":"Toy Ornithopter"},{"floor":26,"key":"Centennial Puzzle"},{"floor":28,"key":"CeramicFish"},{"floor":29,"key":"Necronomicon"},{"floor":31,"key":"Blood Vial"},{"floor":37,"key":"Ginger"},{"floor":40,"key":"Smiling Mask"},{"floor":44,"key":"Vajra"},{"floor":48,"key":"Bronze Scales"},{"floor":55,"key":"Kunai"}],"event_choices":[{"damage_healed":0.0,"max_hp_gain":0.0,"max_hp_loss":0.0,"gold_gain":0.0,"event_name":"WeMeetAgain","player_choice":"Gave Potion","floor":2.0,"gold_loss":0.0,"damage_taken":0.0,"relics_obtained":["Question Card"]},{"damage_healed":0.0,"max_hp_gain":0.0,"max_hp_loss":0.0,"gold_gain":150.0,"event_name":"Liars Game","player_choice":"AGREE","floor":4.0,"gold_loss":0.0,"damage_taken":0.0,"cards_obtained":["Doubt"]},{"cards_removed":["Strike_R"],"damage_healed":0.0,"max_hp_gain":0.0,"max_hp_loss":0.0,"gold_gain":0.0,"event_name":"The Cleric","player_choice":"Card Removal","floor":12.0,"gold_loss":75.0,"damage_taken":0.0},{"damage_healed":0.0,"max_hp_gain":0.0,"max_hp_loss":0.0,"gold_gain":0.0,"event_name":"Scrap Ooze","player_choice":"Success","floor":14.0,"gold_loss":0.0,"damage_taken":5.0,"relics_obtained":["Boot"]},{"damage_healed":0,"gold_gain":0,"player_choice":"Ignored","damage_taken":0,"max_hp_gain":0,"max_hp_loss":0,"event_name":"Vampires","floor":19,"gold_loss":0},{"damage_healed":0,"gold_gain":50,"player_choice":"Stole From Cult","damage_taken":0,"max_hp_gain":0,"max_hp_loss":0,"event_name":"Nest","floor":22,"gold_loss":0},{"damage_healed":0,"gold_gain":0,"player_choice":"Obtained Book","damage_taken":21,"max_hp_gain":0,"max_hp_loss":0,"event_name":"Cursed Tome","floor":29,"gold_loss":0},{"damage_healed":0,"gold_gain":0,"player_choice":"Fight","damage_taken":0,"max_hp_gain":0,"max_hp_loss":0,"event_name":"Mysterious Sphere","floor":37,"gold_loss":0},{"damage_healed":0,"gold_gain":0,"player_choice":"Ignored","damage_taken":0,"max_hp_gain":0,"max_hp_loss":0,"event_name":"Tomb of Lord Red Mask","floor":38,"gold_loss":0},{"damage_healed":0,"gold_gain":0,"player_choice":"Memory 3","damage_taken":10,"max_hp_gain":0,"max_hp_loss":0,"event_name":"SensoryStone","floor":39,"gold_loss":0}],"is_beta":false,"boss_relics":[{"not_picked":["Runic Cube","SlaversCollar"],"picked":"Empty Cage"},{"not_picked":["Calling Bell","Astrolabe"],"picked":"Runic Pyramid"}],"items_purged_floors":[30,36,54],"is_endless":false,"potions_floor_spawned":[1,5,7,23,28,35,37,40,48],"ascension_level":20}}