{"host":"ecaj4hn004xnnrw9","time":1609880858,"event":{"mods":["AchievementEnabler","BaseMod","Hermit","Minty Spire (QoL Compilation)","Quick Restart","Replay The Spire","Shop Mod","StSLib","The Jungle"],"gold_per_floor":[116,116,133,152,152,186,202,202,202,221,237,269,269,269,269,369,369,379,389,46,74,94,94,106,137,183,211,235,257,269,221,233,245,245],"floor_reached":33,"playtime":2143,"items_purged":["Strike_G"],"score":397,"play_id":"001521c5-6023-4d37-ad9f-2677697a2521","local_time":"20210105210738","is_ascension_mode":true,"campfire_choices":[{"data":"Noxious Fumes","floor":8,"key":"SMITH"},{"data":"Eviscerate","floor":15,"key":"SMITH"},{"data":"Crippling Poison","floor":23,"key":"SMITH"},{"data":"Footwork","floor":30,"key":"SMITH"},{"data":"Burst","floor":32,"key":"SMITH"}],"circlet_count":0,"master_deck":["Strike_G","Strike_G","Defend_G","Defend_G","Defend_G","Defend_G","Defend_G","Survivor","Neutralize","Eviscerate+1","Noxious Fumes+1","Sucker Punch","Dagger Throw","Acrobatics","Doppelganger","Burst+1","Crippling Poison+1","ReplayTheSpireMod:Exploit Weakness","Underhanded Strike","Calculated Gamble","Footwork+1","Leg Sweep","Catalyst+1","All Out Attack+1","Dagger Throw","Acrobatics"],"relics":["Philosopher\u0027s Stone","Mirror","Tingsha","Pocketwatch","Coffee Dripper","Anchor","Red Mask","Meat on the Bone","MawBank"],"acts_visited":["Exordium","TheCity"],"potions_floor_usage":[6,25,25,25,28,33],"damage_taken":[{"damage":3,"enemies":"2 Louse","floor":1,"turns":4},{"damage":0,"enemies":"Cultist","floor":3,"turns":4},{"damage":0,"enemies":"Small Slimes","floor":4,"turns":3},{"damage":16,"enemies":"Gremlin Nob","floor":6,"turns":4},{"damage":9,"enemies":"Gremlin Gang","floor":7,"turns":5},{"damage":1,"enemies":"Blue Slaver","floor":10,"turns":4},{"damage":0,"enemies":"3 Louse","floor":11,"turns":4},{"damage":0,"enemies":"Replay:BlueRogue","floor":12,"turns":6},{"damage":17,"enemies":"Slime Boss","floor":16,"turns":8},{"damage":11,"enemies":"2 Thieves","floor":18,"turns":5},{"damage":28,"enemies":"3 Byrds","floor":19,"turns":3},{"damage":26,"enemies":"Masked Bandits","floor":21,"turns":4},{"damage":0,"enemies":"Snake Plant","floor":22,"turns":3},{"damage":0,"enemies":"Sentry and Sphere","floor":24,"turns":4},{"damage":0,"enemies":"Gremlin Leader","floor":25,"turns":5},{"damage":0,"enemies":"Cultist and Chosen","floor":27,"turns":5},{"damage":5,"enemies":"3 Cultists","floor":28,"turns":3},{"damage":6,"enemies":"Centurion and Healer","floor":29,"turns":5},{"damage":31,"enemies":"Pondfish","floor":33,"turns":4}],"seed_played":"1296932833881772320","potions_obtained":[{"floor":1,"key":"Reflective Coating"},{"floor":3,"key":"BlessingOfTheForge"},{"floor":7,"key":"EssenceOfSteel"},{"floor":22,"key":"Strength Potion"},{"floor":25,"key":"Swift Potion"},{"floor":27,"key":"Energy Potion"},{"floor":28,"key":"Venom Potion"},{"floor":29,"key":"BlessingOfTheForge"}],"is_trial":false,"path_per_floor":["M","?","M","M","?","E","M","R","T","M","M","E","?","?","R","B",null,"M","M","$","?","M","R","M","E","T","M","M","M","R","?","R","B"],"character_chosen":"THE_SILENT","items_purchased":["Underhanded Strike","Calculated Gamble","Anchor"],"campfire_rested":0,"item_purchase_floors":[20,20,20],"current_hp_per_floor":[67,67,67,67,67,51,42,42,42,41,41,41,41,64,64,47,70,59,31,31,5,5,5,5,5,5,17,24,30,30,30,30,0,0],"gold":245,"neow_bonus":"BOSS_RELIC","is_daily":false,"chose_seed":false,"campfire_upgraded":5,"win_rate":0.0,"timestamp":1609880858,"path_taken":["M","?","M","?","?","E","M","R","T","M","?","E","?","?","R","BOSS","M","M","$","?","M","R","M","E","T","M","M","M","R","?","R","BOSS"],"items_purchased_type":["Card","Card","Relic"],"build_version":"2020-12-22","purchased_purges":1,"victory":false,"max_hp_per_floor":[70,70,70,70,70,70,70,70,70,70,70,70,70,70,70,70,70,70,70,70,70,70,70,70,70,70,70,70,70,70,70,70,70,70],"card_choices":[{"not_picked":["Concentrate","Escape Plan"],"picked":"Eviscerate","floor":1},{"not_picked":["Slice","Backflip"],"picked":"Noxious Fumes","floor":3},{"not_picked":["Acrobatics","Deflect"],"picked":"Sucker Punch","floor":4},{"not_picked":["Wraith Form v2","Setup"],"picked":"Dagger Throw","floor":6},{"not_picked":["Slice","Sucker Punch"],"picked":"Acrobatics","floor":7},{"not_picked":["Deadly Poison","ReplayTheSpireMod:Shiv Toss","Cloak And Dagger"],"picked":"SKIP","floor":10},{"not_picked":["Poisoned Stab","Dodge and Roll","Slice"],"picked":"SKIP","floor":11},{"not_picked":["Slice","Cloak And Dagger"],"picked":"Doppelganger","floor":12},{"not_picked":["Wraith Form v2","Tools of the Trade"],"picked":"Burst","floor":16},{"not_picked":["Leg Sweep","Escape Plan"],"picked":"Crippling Poison","floor":18},{"not_picked":["Outmaneuver","Choke"],"picked":"ReplayTheSpireMod:Exploit Weakness","floor":19},{"not_picked":["Backflip+1","Underhanded Strike"],"picked":"Footwork","floor":21},{"not_picked":["Infinite Blades","Outmaneuver"],"picked":"Leg Sweep","floor":22},{"not_picked":["Distraction","Slice+1"],"picked":"Catalyst+1","floor":24},{"not_picked":["Bane","Poisoned Stab"],"picked":"All Out Attack+1","floor":25},{"not_picked":["Quick Slash","Deadly Poison","Poisoned Stab"],"picked":"SKIP","floor":27},{"not_picked":["Expertise","Flying Knee"],"picked":"Dagger Throw","floor":28},{"not_picked":["Slice","Flying Knee+1"],"picked":"Acrobatics","floor":29}],"player_experience":210533,"relics_obtained":[{"floor":6,"key":"Mirror"},{"floor":9,"key":"Tingsha"},{"floor":12,"key":"Pocketwatch"},{"floor":21,"key":"Red Mask"},{"floor":25,"key":"Meat on the Bone"},{"floor":26,"key":"MawBank"}],"event_choices":[{"cards_removed":["Strike_G"],"damage_healed":0,"gold_gain":0,"player_choice":"Purged","damage_taken":0,"max_hp_gain":0,"max_hp_loss":0,"event_name":"Purifier","floor":2,"gold_loss":0},{"cards_removed":["Strike_G"],"damage_healed":0,"gold_gain":0,"player_choice":"Offered Basic","damage_taken":0,"max_hp_gain":0,"max_hp_loss":0,"event_name":"Bonfire Elementals","floor":5,"gold_loss":0},{"damage_healed":0,"gold_gain":0,"player_choice":"Ignored","damage_taken":0,"max_hp_gain":0,"max_hp_loss":0,"event_name":"Liars Game","floor":13,"gold_loss":0},{"damage_healed":23,"gold_gain":0,"player_choice":"Banana","damage_taken":0,"max_hp_gain":0,"max_hp_loss":0,"event_name":"Big Fish","floor":14,"gold_loss":0},{"damage_healed":0,"gold_gain":0,"player_choice":"Fought Bandits","damage_taken":0,"max_hp_gain":0,"max_hp_loss":0,"event_name":"Masked Bandits","floor":21,"gold_loss":0}],"is_beta":false,"boss_relics":[{"not_picked":["Abe\u0027s Treasure","Sozu"],"picked":"Coffee Dripper"}],"items_purged_floors":[20],"is_endless":false,"potions_floor_spawned":[1,3,7,22,25,27,28,29],"killed_by":"Pondfish","ascension_level":4}}