{"host":"8i4doyxqctgl5qb0","time":1609885334,"event":{"mods":["AchievementEnabler","BaseMod","Block Reminder","Colored Powertips","Downfall","Marisa£®ÏF”Í°°ƒß¿Ì…≥£©","Minty Spire (QoL Compilation)","Permanent Neow","Potion Indicator Mod","Rare Cards Sparkle","StSLib","SuperFastMode"],"gold_per_floor":[116,116,116,116,128,160,160,177,177,188,155,155,186,198,198,198,198],"floor_reached":16,"playtime":469,"items_purged":[],"score":110,"play_id":"bd836d68-38c5-4b89-bc69-d1f30de3516b","local_time":"20210106062214","is_ascension_mode":false,"campfire_choices":[{"floor":7.0,"key":"REST"},{"floor":12.0,"key":"REST"},{"floor":15.0,"key":"REST"}],"circlet_count":0,"master_deck":["Strike_B","Strike_B","Strike_B","Strike_B","Defend_B","Defend_B+1","Defend_B+1","Zap+1","Dualcast","Sunder","Meteor Strike","Biased Cognition","Streamline","Steam+1","Capacitor","Capacitor","Conserve Battery","Force Field"],"relics":["Cracked Core","Centennial Puzzle","Darkstone Periapt","Pear","War Paint"],"acts_visited":["Exordium"],"potions_floor_usage":[16],"damage_taken":[{"damage":0.0,"enemies":"2 Louse","floor":1.0,"turns":4.0},{"damage":0.0,"enemies":"Jaw Worm","floor":5.0,"turns":3.0},{"damage":20.0,"enemies":"Lagavulin","floor":6.0,"turns":7.0},{"damage":4.0,"enemies":"Small Slimes","floor":8.0,"turns":2.0},{"damage":12.0,"enemies":"Blue Slaver","floor":10.0,"turns":3.0},{"damage":12.0,"enemies":"Gremlin Nob","floor":13.0,"turns":3.0},{"damage":25.0,"enemies":"Gremlin Gang","floor":14.0,"turns":3.0},{"damage":55,"enemies":"The Guardian","floor":16,"turns":10}],"seed_played":"-3423109335464782637","potions_obtained":[{"floor":0.0,"key":"FearPotion"},{"floor":0.0,"key":"PotionOfCapacity"},{"floor":0.0,"key":"Fire Potion"},{"floor":6.0,"key":"FocusPotion"},{"floor":13.0,"key":"Dexterity Potion"}],"is_trial":false,"path_per_floor":["M","?","?","?","M","E","R","M","T","M","$","R","E","M","R","B"],"character_chosen":"DEFECT","items_purchased":["Capacitor"],"campfire_rested":3,"item_purchase_floors":[11],"current_hp_per_floor":[75,75,60,42,42,22,44,40,50,38,38,63,51,26,51,0,0],"gold":198,"neow_bonus":"THREE_SMALL_POTIONS","is_daily":false,"chose_seed":false,"campfire_upgraded":0,"win_rate":0.0,"timestamp":1609885334,"path_taken":["M","?","?","?","M","E","R","M","T","M","$","R","E","M","R","BOSS"],"items_purchased_type":["Card"],"build_version":"2020-12-22","purchased_purges":0,"victory":false,"max_hp_per_floor":[75,75,75,75,75,75,75,75,85,85,85,85,85,85,85,85,85],"card_choices":[{"not_picked":["Barrage","Tempest"],"picked":"Sunder","floor":1.0},{"not_picked":["Undo","Streamline"],"picked":"Biased Cognition","floor":5.0},{"not_picked":["Auto Shields","Go for the Eyes"],"picked":"Streamline","floor":6.0},{"not_picked":["Rip and Tear","Chill"],"picked":"Steam","floor":8.0},{"not_picked":["Skim","Lockon"],"picked":"Capacitor","floor":10.0},{"not_picked":["Cold Snap","Go for the Eyes"],"picked":"Conserve Battery","floor":13.0},{"not_picked":["Barrage","Go for the Eyes"],"picked":"Force Field","floor":14.0}],"player_experience":95477,"relics_obtained":[{"floor":6.0,"key":"Darkstone Periapt"},{"floor":9.0,"key":"Pear"},{"floor":13.0,"key":"War Paint"}],"event_choices":[{"damage_healed":0.0,"max_hp_gain":0.0,"max_hp_loss":0.0,"gold_gain":0.0,"cards_transformed":["Defend_B"],"event_name":"Living Wall","player_choice":"Change","floor":2.0,"gold_loss":0.0,"damage_taken":0.0,"cards_obtained":["Meteor Strike"]},{"damage_healed":0.0,"max_hp_gain":0.0,"max_hp_loss":0.0,"gold_gain":0.0,"event_name":"Shining Light","player_choice":"Entered Light","floor":3.0,"gold_loss":0.0,"damage_taken":15.0,"cards_upgraded":["Defend_B","Defend_B"]},{"damage_healed":0.0,"max_hp_gain":0.0,"max_hp_loss":0.0,"gold_gain":0.0,"event_name":"Scrap Ooze","player_choice":"Success","floor":4.0,"gold_loss":0.0,"damage_taken":18.0,"relics_obtained":["Centennial Puzzle"]}],"is_beta":false,"boss_relics":[],"items_purged_floors":[],"is_endless":false,"potions_floor_spawned":[6,10,13,14],"killed_by":"The Guardian","ascension_level":0}}