{"host":"9kuc8qxv67wkis18","time":1609865121,"event":{"mods":["2.2 Compatiblity","AchievementEnabler","Aspiration","Astrologer","Bard","BaseMod","Beaked The Cultist","Bestiary","Better Note","Better Third Choice","Block Reminder","Challenge The Spire","ChefMod","Conspire","Curses Come First","GifTheSpireLib","Glutton Mod","Halation","Hermit","Highlight Path","Hubris","Infinite Spire","Jorbs\u0027s Wanderer Trilogy","Marked Mod","Melee Mod","Minty Spire (QoL Compilation)","Permanent Neow","Potionbrewer","Random Character Button","Rare Cards Sparkle","Replay The Spire","Shade Mod","Somnambulant","Spikes Relics","StSLib","Stuff the Spire","The Accelerator","The Blue Laboratory","The Caster","The Construct","The Cursed","The Disciple","The Florist","The Forsaken","The Hierophant","The Judge","The Juggle","The Jungle","The Marked","The Necromancer","The Showman","The Wild Card","TheArtist","Thieving Mod","everything is the same but u backflip on backflip","thorton","vexMod"],"gold_per_floor":[118,137,149,159,172,205,11,11,63,63,63,63,78,78,78,78,78],"floor_reached":16,"playtime":1182,"items_purged":[],"score":102,"play_id":"f7467dec-10d4-4253-85e0-a704e9796c61","local_time":"20210105114521","is_ascension_mode":false,"campfire_choices":[{"data":"Crow Ritual","floor":8,"key":"SMITH"},{"floor":11,"key":"REST"},{"floor":15,"key":"REST"}],"circlet_count":0,"master_deck":["Strike_G+1","Strike_G","Strike_G","Strike_G","Strike_G","Defend_G","Defend_G","Defend_G","Defend_G","Defend_G","Survivor","Neutralize","Flying Knee","StuffTheSpire:BumpUp","Outmaneuver","Crow Ritual+1","Prepared"],"relics":["Ring of the Snake","StuffTheSpire:Barrel","MiniBlackHole","infinitespire:EmpoweringShard"],"acts_visited":["Exordium"],"potions_floor_usage":[16,16],"damage_taken":[{"damage":5,"enemies":"Small Slimes","floor":1,"turns":5},{"damage":0,"enemies":"Jaw Worm","floor":2,"turns":5},{"damage":0,"enemies":"Cultist","floor":3,"turns":4},{"damage":4,"enemies":"3 Louse","floor":4,"turns":5},{"damage":0,"enemies":"Blue Slaver","floor":5,"turns":5},{"damage":31,"enemies":"Lagavulin","floor":6,"turns":11},{"damage":25,"enemies":"Exordium Thugs","floor":13,"turns":6},{"damage":49,"enemies":"Hexaghost","floor":16,"turns":12}],"seed_played":"-5147426268052806050","potions_obtained":[{"floor":4,"key":"blueLaboratory:NullPotion"},{"floor":6,"key":"BlessingOfTheForge"},{"floor":13,"key":"blueLaboratory:BubblePotion"}],"is_trial":false,"path_per_floor":["M","M","M","M","M","E","$","R","T","$","R","?","M","T","R","B"],"character_chosen":"THE_SILENT","items_purchased":["Crow Ritual"],"campfire_rested":2,"item_purchase_floors":[7],"current_hp_per_floor":[65,65,65,61,61,30,30,30,30,30,51,51,26,26,47,0,0],"gold":78,"neow_bonus":"THREE_CARDS","is_daily":false,"chose_seed":false,"campfire_upgraded":1,"win_rate":0.0,"timestamp":1609865121,"path_taken":["M","M","M","M","M","E","$","R","T","$","R","?","M","?","R","BOSS"],"items_purchased_type":["Card"],"build_version":"2020-12-22","purchased_purges":0,"victory":false,"max_hp_per_floor":[70,70,70,70,70,70,70,70,70,70,70,70,70,70,70,70,70],"card_choices":[{"not_picked":["Prepared","Dodge and Roll","Crippling Poison"],"picked":"SKIP","floor":1},{"not_picked":["Acrobatics","All Out Attack"],"picked":"Flying Knee","floor":2},{"not_picked":["Dodge and Roll","ReplayTheSpireMod:Tripwire","StuffTheSpire:Incantation"],"picked":"SKIP","floor":3},{"not_picked":["Sucker Punch","PiercingWail","Dagger Spray"],"picked":"SKIP","floor":4},{"not_picked":["Slice","Deflect"],"picked":"StuffTheSpire:BumpUp","floor":5},{"not_picked":["Dodge and Roll","StuffTheSpire:MirrorStance"],"picked":"Outmaneuver","floor":6},{"not_picked":["Masterful Stab","StuffTheSpire:ReptileScales"],"picked":"Prepared","floor":13}],"player_experience":176386,"relics_obtained":[{"floor":6,"key":"StuffTheSpire:Barrel"},{"floor":9,"key":"MiniBlackHole"},{"floor":14,"key":"infinitespire:EmpoweringShard"}],"event_choices":[],"is_beta":false,"boss_relics":[],"items_purged_floors":[],"is_endless":false,"potions_floor_spawned":[4,6,13],"killed_by":"Hexaghost","ascension_level":0}}