{"host":"w9yruvs4bqht6bhw","time":1609818097,"event":{"mods":["BaseMod","Colored Powertips","Minty Spire (QoL Compilation)"],"gold_per_floor":[218,218,24,37,37,37,66,66,66,66,82,82,100,100,100],"floor_reached":14,"playtime":312,"items_purged":["Regret"],"score":123,"play_id":"a9a31c2b-7e1d-4227-99f5-7881582c62a9","local_time":"20210104224137","is_ascension_mode":true,"campfire_choices":[{"data":"Heavy Blade","floor":6,"key":"SMITH"},{"data":"Clothesline","floor":8,"key":"SMITH"}],"circlet_count":0,"master_deck":["Strike_R","Strike_R","Strike_R","Strike_R","Defend_R","Defend_R","Defend_R+1","Defend_R","Bash","Clothesline+1","Heavy Blade+1","Shrug It Off"],"relics":["Burning Blood","Smiling Mask","Sling","Centennial Puzzle","Sundial"],"acts_visited":["Exordium"],"potions_floor_usage":[14],"damage_taken":[{"damage":6,"enemies":"Cultist","floor":1,"turns":3},{"damage":2,"enemies":"2 Louse","floor":4,"turns":3},{"damage":32,"enemies":"Gremlin Nob","floor":7,"turns":4},{"damage":1,"enemies":"Small Slimes","floor":11,"turns":4},{"damage":15,"enemies":"Gremlin Gang","floor":13,"turns":5},{"damage":18,"enemies":"3 Sentries","floor":14,"turns":5}],"seed_played":"7200831921059660421","potions_obtained":[{"floor":13,"key":"EssenceOfSteel"}],"is_trial":false,"path_per_floor":["M","?","$","M","?","R","E","R","T","?","M","?","M","E"],"character_chosen":"IRONCLAD","items_purchased":["Sling"],"campfire_rested":0,"item_purchase_floors":[3],"current_hp_per_floor":[72,72,72,76,76,76,50,50,50,34,39,39,30,12,12],"gold":100,"neow_bonus":"HUNDRED_GOLD","is_daily":false,"chose_seed":false,"campfire_upgraded":2,"win_rate":0.0,"timestamp":1609818097,"path_taken":["M","?","$","M","?","R","E","R","T","?","M","?","?","E"],"items_purchased_type":["Relic"],"build_version":"2020-12-22","purchased_purges":1,"victory":false,"max_hp_per_floor":[80,80,80,80,80,80,80,80,80,80,80,80,80,80,80],"card_choices":[{"not_picked":["Havoc","Shrug It Off"],"picked":"Clothesline","floor":1},{"not_picked":["Sword Boomerang","Cleave"],"picked":"Heavy Blade","floor":4},{"not_picked":["Sword Boomerang","True Grit","Heavy Blade"],"picked":"SKIP","floor":7},{"not_picked":["Bloodletting","Body Slam","Combust"],"picked":"SKIP","floor":11},{"not_picked":["Flex","Whirlwind"],"picked":"Shrug It Off","floor":13}],"player_experience":334392,"relics_obtained":[{"floor":7,"key":"Centennial Puzzle"},{"floor":9,"key":"Sundial"}],"event_choices":[{"damage_healed":0,"gold_gain":0,"player_choice":"Box","damage_taken":0,"relics_obtained":["Smiling Mask"],"max_hp_gain":0,"max_hp_loss":0,"event_name":"Big Fish","floor":2,"gold_loss":0,"cards_obtained":["Regret"]},{"damage_healed":0,"gold_gain":0,"player_choice":"Ignored","damage_taken":0,"max_hp_gain":0,"max_hp_loss":0,"event_name":"Liars Game","floor":5,"gold_loss":0},{"damage_healed":0,"gold_gain":0,"player_choice":"Entered Light","damage_taken":16,"max_hp_gain":0,"max_hp_loss":0,"event_name":"Shining Light","floor":10,"gold_loss":0,"cards_upgraded":["Strike_R","Defend_R"]},{"cards_removed":["Strike_R"],"damage_healed":0,"gold_gain":0,"player_choice":"Purged","damage_taken":0,"max_hp_gain":0,"max_hp_loss":0,"event_name":"Purifier","floor":12,"gold_loss":0}],"is_beta":false,"boss_relics":[],"items_purged_floors":[3],"is_endless":false,"potions_floor_spawned":[13],"killed_by":"3 Sentries","ascension_level":8}}