{"host":"nhtxiazhoopau36o","time":1609857113,"event":{"mods":["2.2 Compatiblity","BaseMod","Better Note","BetterRewards","GifTheSpireLib","Minty Spire (QoL Compilation)","Rare Cards Sparkle","Robot Space Explorer","Shop Mod","StSLib"],"gold_per_floor":[115,115,129,50,61,61,72,101,101,101,129,149,167,178,178,283,283,297,316,60,60,60,60,93,43,43,57,57,76,76,4,4,101,101,113,131,31,31,31,31],"floor_reached":39,"playtime":2036,"items_purged":["RobotSpaceExplorer:Strike","RobotSpaceExplorer:Strike"],"score":426,"play_id":"b18b59f4-03b7-4bac-9c91-fa6721414a8a","local_time":"20210105223153","is_ascension_mode":false,"campfire_choices":[{"data":"RobotSpaceExplorer:ScrapToss","floor":6,"key":"SMITH"},{"data":"RobotSpaceExplorer:RigExplosive","floor":10,"key":"SMITH"},{"data":"RobotSpaceExplorer:BlastShield","floor":15,"key":"SMITH"},{"data":"RobotSpaceExplorer:Blaster","floor":23,"key":"SMITH"},{"data":"RobotSpaceExplorer:BigMissile","floor":30,"key":"SMITH"},{"data":"RobotSpaceExplorer:PowerGlove","floor":32,"key":"SMITH"}],"circlet_count":0,"master_deck":["RobotSpaceExplorer:Strike","RobotSpaceExplorer:Strike","RobotSpaceExplorer:Defend","RobotSpaceExplorer:Defend","RobotSpaceExplorer:Defend","RobotSpaceExplorer:Defend","RobotSpaceExplorer:Scan","RobotSpaceExplorer:MiniLasers","RobotSpaceExplorer:MiniDrones","RobotSpaceExplorer:ImprovisedAttack","RobotSpaceExplorer:ScrapToss+1","RobotSpaceExplorer:ScrapShield","RobotSpaceExplorer:StarLightning","RobotSpaceExplorer:RigExplosive+1","RobotSpaceExplorer:BlastShield+1","RobotSpaceExplorer:LuckyStrike","RobotSpaceExplorer:BigMissile+1","RobotSpaceExplorer:Calculate","RobotSpaceExplorer:Blaster+1","RobotSpaceExplorer:ImprovisedAttack+1","RobotSpaceExplorer:PlasmaMissile+1","Panache","RobotSpaceExplorer:Ammunition","RobotSpaceExplorer:Ammunition","RobotSpaceExplorer:PowerGlove+1","RobotSpaceExplorer:Accelerator","CurseOfTheBell","Writhe"],"relics":["RobotSpaceExplorer:RoboCore","RobotSpaceExplorer:ToughPlating","Odd Mushroom","Lizard Tail","TungstenRod","RobotSpaceExplorer:SearchSpecs","Singing Bowl","Regal Pillow","Calling Bell","Happy Flower","Pantograph","Du-Vu Doll"],"acts_visited":["Exordium","TheCity","TheBeyond"],"potions_floor_usage":[1,12,13,16,16,24,27,29,33,35,36],"damage_taken":[{"damage":0,"enemies":"Small Slimes","floor":1,"turns":4},{"damage":0,"enemies":"2 Louse","floor":3,"turns":3},{"damage":0,"enemies":"Jaw Worm","floor":5,"turns":4},{"damage":0,"enemies":"Blue Slaver","floor":7,"turns":3},{"damage":1,"enemies":"The Mushroom Lair","floor":8,"turns":4},{"damage":10,"enemies":"3 Sentries","floor":11,"turns":8},{"damage":0,"enemies":"Exordium Wildlife","floor":12,"turns":3},{"damage":0,"enemies":"2 Fungi Beasts","floor":13,"turns":2},{"damage":0,"enemies":"Blue Slaver","floor":14,"turns":2},{"damage":2,"enemies":"The Guardian","floor":16,"turns":11},{"damage":2,"enemies":"3 Byrds","floor":18,"turns":6},{"damage":0,"enemies":"Chosen","floor":19,"turns":4},{"damage":10,"enemies":"Slavers","floor":24,"turns":4},{"damage":0,"enemies":"Centurion and Healer","floor":27,"turns":4},{"damage":20,"enemies":"Snake Plant","floor":29,"turns":4},{"damage":43,"enemies":"Champ","floor":33,"turns":8},{"damage":4,"enemies":"3 Shapes","floor":35,"turns":4},{"damage":34,"enemies":"3 Darklings","floor":36,"turns":6},{"damage":21,"enemies":"2 Orb Walkers","floor":39,"turns":3}],"seed_played":"-6979933796448539577","potions_obtained":[{"floor":1,"key":"Fruit Juice"},{"floor":8,"key":"Energy Potion"},{"floor":11,"key":"BlessingOfTheForge"},{"floor":14,"key":"RobotSpaceExplorer:RecyclePotion"},{"floor":24,"key":"Explosive Potion"}],"is_trial":false,"path_per_floor":["M","?","M","$","M","R","M","?","T","R","E","M","M","M","R","B",null,"M","M","$","?","?","R","E","?","T","M","$","M","R","$","R","B",null,"M","M","$","?","?"],"character_chosen":"RobotSpaceExplorer","items_purchased":["RobotSpaceExplorer:ScrapToss","Panache","RobotSpaceExplorer:PowerGlove"],"campfire_rested":0,"item_purchase_floors":[4,20,31],"current_hp_per_floor":[87,75,75,75,75,75,75,74,74,74,64,64,64,64,64,62,87,85,85,85,85,78,78,70,70,70,70,70,50,50,50,50,7,89,87,55,55,78,57,57],"gold":31,"neow_bonus":"TEN_PERCENT_HP_BONUS","is_daily":false,"chose_seed":false,"campfire_upgraded":6,"win_rate":0.0,"timestamp":1609857113,"path_taken":["M","?","M","$","M","R","M","?","T","R","E","M","M","M","R","BOSS","M","M","$","?","?","R","E","?","T","M","?","?","R","$","R","BOSS","M","M","$","?","?"],"items_purchased_type":["Card","Card","Card"],"build_version":"2020-12-22","purchased_purges":2,"victory":false,"max_hp_per_floor":[87,87,87,87,87,87,87,87,87,87,87,87,87,87,87,87,87,87,87,87,87,87,87,89,89,89,89,89,89,89,89,89,89,89,91,93,93,93,93,93],"card_choices":[{"not_picked":["RobotSpaceExplorer:Pulsar","RobotSpaceExplorer:ShockKick"],"picked":"RobotSpaceExplorer:MiniDrones","floor":1},{"not_picked":["RobotSpaceExplorer:Probe","RobotSpaceExplorer:GlueShot"],"picked":"RobotSpaceExplorer:ImprovisedAttack","floor":3},{"not_picked":["RobotSpaceExplorer:SurgingShield","RobotSpaceExplorer:Probe"],"picked":"RobotSpaceExplorer:ScrapShield","floor":5},{"not_picked":["RobotSpaceExplorer:Fix","RobotSpaceExplorer:SurgingShield"],"picked":"RobotSpaceExplorer:StarLightning","floor":7},{"not_picked":["RobotSpaceExplorer:FrostMissile","RobotSpaceExplorer:ImprovisedAttack"],"picked":"RobotSpaceExplorer:RigExplosive","floor":8},{"not_picked":["RobotSpaceExplorer:SurgingShield","RobotSpaceExplorer:PowerCollector"],"picked":"RobotSpaceExplorer:BlastShield","floor":11},{"not_picked":["RobotSpaceExplorer:SwiftStep","RobotSpaceExplorer:Electropulse"],"picked":"RobotSpaceExplorer:LuckyStrike","floor":12},{"not_picked":["RobotSpaceExplorer:Probe","RobotSpaceExplorer:Electropulse"],"picked":"RobotSpaceExplorer:BigMissile","floor":13},{"not_picked":["RobotSpaceExplorer:Electropulse","RobotSpaceExplorer:ImprovisedAttack"],"picked":"RobotSpaceExplorer:Calculate","floor":14},{"not_picked":["RobotSpaceExplorer:Wormhole","RobotSpaceExplorer:Asteroid"],"picked":"RobotSpaceExplorer:Blaster","floor":16},{"not_picked":["RobotSpaceExplorer:MetalStrike","RobotSpaceExplorer:FrostMissile"],"picked":"RobotSpaceExplorer:ImprovisedAttack+1","floor":18},{"not_picked":["RobotSpaceExplorer:DoubleBlock","RobotSpaceExplorer:LuckyStrike"],"picked":"RobotSpaceExplorer:PlasmaMissile+1","floor":19},{"not_picked":["RobotSpaceExplorer:Counterblock","RobotSpaceExplorer:SlimeMissile+1","RobotSpaceExplorer:TurboDodge"],"picked":"Singing Bowl","floor":24},{"not_picked":["RobotSpaceExplorer:Jetpack","RobotSpaceExplorer:DoubleFind"],"picked":"RobotSpaceExplorer:Ammunition","floor":27},{"not_picked":["RobotSpaceExplorer:Pulsar","RobotSpaceExplorer:FreezingShield"],"picked":"RobotSpaceExplorer:Ammunition","floor":29},{"not_picked":["RobotSpaceExplorer:ShockMissile","RobotSpaceExplorer:Asteroid"],"picked":"RobotSpaceExplorer:Accelerator","floor":33},{"not_picked":["RobotSpaceExplorer:FranticSearch","RobotSpaceExplorer:SwiftStep","RobotSpaceExplorer:Probe+1"],"picked":"Singing Bowl","floor":35},{"not_picked":["RobotSpaceExplorer:Calculate","RobotSpaceExplorer:SwiftStep+1","RobotSpaceExplorer:DoubleBlock+1"],"picked":"Singing Bowl","floor":36}],"player_experience":477007,"relics_obtained":[{"floor":8,"key":"Odd Mushroom"},{"floor":9,"key":"Lizard Tail"},{"floor":11,"key":"TungstenRod"},{"floor":24,"key":"Singing Bowl"},{"floor":26,"key":"Regal Pillow"},{"floor":34,"key":"Happy Flower"},{"floor":34,"key":"Pantograph"},{"floor":34,"key":"Du-Vu Doll"}],"event_choices":[{"damage_healed":0,"gold_gain":0,"player_choice":"Success","damage_taken":12,"relics_obtained":["RobotSpaceExplorer:ToughPlating"],"max_hp_gain":0,"max_hp_loss":0,"event_name":"Scrap Ooze","floor":2,"gold_loss":0},{"damage_healed":0,"gold_gain":0,"player_choice":"Fought Mushrooms","damage_taken":0,"max_hp_gain":0,"max_hp_loss":0,"event_name":"Mushrooms","floor":8,"gold_loss":0},{"damage_healed":0,"gold_gain":0,"player_choice":"Bought 0 Potions","damage_taken":0,"max_hp_gain":0,"max_hp_loss":0,"event_name":"The Woman in Blue","floor":21,"gold_loss":0},{"damage_healed":0,"gold_gain":0,"player_choice":"Damaged","damage_taken":8,"max_hp_gain":0,"max_hp_loss":0,"event_name":"Wheel of Change","floor":22,"gold_loss":0},{"damage_healed":0,"gold_gain":0,"player_choice":"Bet on Murderer","damage_taken":0,"max_hp_gain":0,"max_hp_loss":0,"event_name":"The Joust","floor":25,"gold_loss":50},{"damage_healed":23,"gold_gain":0,"player_choice":"Writhe","damage_taken":0,"max_hp_gain":0,"max_hp_loss":0,"event_name":"Winding Halls","floor":38,"gold_loss":0,"cards_obtained":["Writhe"]},{"damage_healed":0,"gold_gain":0,"player_choice":"Fight","damage_taken":0,"max_hp_gain":0,"max_hp_loss":0,"event_name":"Mysterious Sphere","floor":39,"gold_loss":0}],"is_beta":false,"boss_relics":[{"not_picked":["SlaversCollar","Busted Crown"],"picked":"RobotSpaceExplorer:SearchSpecs"},{"not_picked":["Cursed Key","Pandora\u0027s Box"],"picked":"Calling Bell"}],"items_purged_floors":[20,37],"is_endless":false,"potions_floor_spawned":[1,8,11,14,24,33],"killed_by":"2 Orb Walkers","ascension_level":0}}