{"host":"15dd7v8o90xso62x","time":1609857205,"event":{"mods":["BaseMod","Minty Spire (QoL Compilation)","Quick Restart","StSLib","SuperFastMode"],"gold_per_floor":[110,35,35,53,53,53,85,99,99,114,125,125,125],"floor_reached":12,"playtime":316,"items_purged":[],"score":210,"play_id":"80151b2e-b239-4c4a-8ed7-46f98a66d356","local_time":"20210105233325","is_ascension_mode":true,"campfire_choices":[{"data":"Deadly Poison","floor":6,"key":"SMITH"}],"circlet_count":0,"master_deck":["AscendersBane","Strike_G","Strike_G","Strike_G","Strike_G","Defend_G","Defend_G","Defend_G","Defend_G","Survivor","Neutralize","Quick Slash","Deadly Poison+1","Calculated Gamble","Bouncing Flask","Adrenaline"],"relics":["Ring of the Snake","NeowsBlessing","Unceasing Top","Letter Opener","Ornamental Fan"],"acts_visited":["Exordium"],"potions_floor_usage":[11,12],"damage_taken":[{"damage":0,"enemies":"Small Slimes","floor":1,"turns":1},{"damage":0,"enemies":"2 Louse","floor":4,"turns":1},{"damage":0,"enemies":"Lagavulin","floor":7,"turns":1},{"damage":0,"enemies":"Jaw Worm","floor":8,"turns":3},{"damage":6,"enemies":"Looter","floor":10,"turns":3},{"damage":18,"enemies":"Large Slime","floor":11,"turns":7},{"damage":30,"enemies":"3 Sentries","floor":12,"turns":8}],"seed_played":"4133860256715081585","potions_obtained":[{"floor":1,"key":"DuplicationPotion"},{"floor":7,"key":"SkillPotion"},{"floor":11,"key":"Strength Potion"}],"is_trial":false,"path_per_floor":["M","?","?","M","T","R","E","M","T","M","M","E"],"character_chosen":"THE_SILENT","items_purchased":[],"campfire_rested":0,"item_purchase_floors":[],"current_hp_per_floor":[59,59,52,52,52,52,52,52,52,46,28,0,0],"gold":125,"neow_bonus":"THREE_ENEMY_KILL","is_daily":false,"chose_seed":false,"campfire_upgraded":1,"win_rate":0.0,"timestamp":1609857205,"path_taken":["M","?","?","M","?","R","E","M","T","M","M","E"],"items_purchased_type":[],"build_version":"2020-12-22","purchased_purges":0,"victory":false,"max_hp_per_floor":[66,66,66,66,66,66,66,66,66,66,66,66,66],"card_choices":[{"not_picked":["Infinite Blades","Deflect"],"picked":"Quick Slash","floor":1},{"not_picked":["Dodge and Roll","Expertise"],"picked":"Deadly Poison","floor":4},{"not_picked":["Outmaneuver","Skewer"],"picked":"Calculated Gamble","floor":7},{"not_picked":["PiercingWail","Riddle With Holes"],"picked":"Bouncing Flask","floor":8},{"not_picked":["Dodge and Roll","Poisoned Stab"],"picked":"Adrenaline","floor":10},{"not_picked":["Dagger Spray","Concentrate","Cloak And Dagger"],"picked":"SKIP","floor":11}],"player_experience":1002687,"relics_obtained":[{"floor":5,"key":"Unceasing Top"},{"floor":7,"key":"Letter Opener"},{"floor":9,"key":"Ornamental Fan"}],"event_choices":[{"cards_removed":["Strike_G"],"damage_healed":0,"gold_gain":0,"player_choice":"Card Removal","damage_taken":0,"max_hp_gain":0,"max_hp_loss":0,"event_name":"The Cleric","floor":2,"gold_loss":75},{"cards_removed":["Defend_G"],"damage_healed":0,"gold_gain":0,"player_choice":"Card Removal","damage_taken":7,"max_hp_gain":0,"max_hp_loss":0,"event_name":"Golden Wing","floor":3,"gold_loss":0}],"is_beta":false,"boss_relics":[],"items_purged_floors":[],"is_endless":false,"potions_floor_spawned":[1,7,11],"killed_by":"3 Sentries","ascension_level":20}}