{"host":"g76rhe4j5kh9hdf9","time":1609868688,"event":{"mods":["Act Like it!","BaseMod","Better Third Choice","GifTheSpireLib","Minty Spire (QoL Compilation)","Relic Stats","Spicy Shops","StSLib","The Marked"],"gold_per_floor":[116,41,41,316,71,104,116,116,116,116,116,116,116,160,160,288,288,307,55,55,80,80,80,113,113,113,157,177,217,242,19,19,150,150,170,170,25,44,44,44,44,44,70,70,108,108,146,146,146,146,146],"floor_reached":50,"playtime":1831,"items_purged":["theMarked:Defend","Regret","Decay","Shame"],"score":722,"play_id":"6353ad09-caf0-4806-a7fa-ace8b6c4ea60","local_time":"20210105094448","is_ascension_mode":true,"campfire_choices":[{"data":"theMarked:SoldierOfQuellstein","floor":8.0,"key":"SMITH"},{"data":"theMarked:EmpowerWeapon","floor":12.0,"key":"SMITH"},{"data":"theMarked:SwordAndMagic","floor":15.0,"key":"SMITH"},{"data":"theMarked:ChannelForce","floor":23.0,"key":"SMITH"},{"data":"Bite","floor":25.0,"key":"SMITH"},{"data":"theMarked:ParalyzingBlade","floor":32.0,"key":"SMITH"},{"floor":40,"key":"RECALL"},{"data":"Madness","floor":42,"key":"SMITH"},{"data":"Madness","floor":46,"key":"SMITH"},{"data":"Bite","floor":49,"key":"SMITH"}],"circlet_count":0,"master_deck":["theMarked:Defend","theMarked:Defend","theMarked:SoldierOfQuellstein+1","theMarked:SwordAndMagic+1","theMarked:EmpowerWeapon+1","theMarked:ChannelForce+1","Bite+1","Bite+1","Bite+1","Bite","Bite","theMarked:MuscleMemory","theMarked:EmpowerWeapon+1","theMarked:ParalyzingBlade+1","Madness+1","Madness+1","Injury"],"relics":["Cursed Key","Orichalcum","Bronze Scales","Golden Idol","Kunai","SlaversCollar","Pantograph","Bottled Lightning","Pear","theMarked:DemonDagger","Nunchaku","Membership Card","Coffee Dripper","Ginger","Ancient Tea Set","FossilizedHelix","Oddly Smooth Stone"],"acts_visited":["Exordium","TheCity","TheBeyond"],"potions_floor_usage":[50,50],"damage_taken":[{"damage":7.0,"enemies":"Jaw Worm","floor":1.0,"turns":3.0},{"damage":19.0,"enemies":"3 Sentries","floor":6.0,"turns":8.0},{"damage":0.0,"enemies":"Small Slimes","floor":7.0,"turns":2.0},{"damage":0.0,"enemies":"Lagavulin","floor":14.0,"turns":4.0},{"damage":26.0,"enemies":"Hexaghost","floor":16.0,"turns":5.0},{"damage":8.0,"enemies":"Chosen","floor":18.0,"turns":2.0},{"damage":6.0,"enemies":"3 Byrds","floor":21.0,"turns":2.0},{"damage":38.0,"enemies":"Book of Stabbing","floor":24.0,"turns":3.0},{"damage":12.0,"enemies":"Gremlin Leader","floor":27.0,"turns":7.0},{"damage":6.0,"enemies":"Centurion and Healer","floor":28.0,"turns":3.0},{"damage":22.0,"enemies":"Book of Stabbing","floor":29.0,"turns":3.0},{"damage":22.0,"enemies":"Shelled Parasite and Fungi","floor":30.0,"turns":3.0},{"damage":20,"enemies":"Collector","floor":33,"turns":5},{"damage":3,"enemies":"3 Shapes","floor":35,"turns":4},{"damage":0,"enemies":"Orb Walker","floor":38,"turns":2},{"damage":39,"enemies":"Nemesis","floor":45,"turns":4},{"damage":35,"enemies":"Reptomancer","floor":47,"turns":5},{"damage":85,"enemies":"Donu and Deca","floor":50,"turns":7}],"seed_played":"5250960971363609829","potions_obtained":[{"floor":16.0,"key":"Strength Potion"},{"floor":21.0,"key":"FairyPotion"},{"floor":27.0,"key":"EssenceOfSteel"},{"floor":29.0,"key":"Ancient Potion"},{"floor":47,"key":"Fire Potion"}],"is_trial":false,"path_per_floor":["M","$","?","?","$","E","M","R","T","?","?","R","$","E","R","B",null,"M","$","?","M","?","R","E","R","T","E","M","E","M","$","R","B",null,"M","?","$","M","$","R","?","R","T","$","E","R","E","?","R","B"],"character_chosen":"THE_DEFAULT","items_purchased":["Orichalcum","Pantograph","Membership Card","Ginger"],"campfire_rested":0,"item_purchase_floors":[5,19,31,37],"current_hp_per_floor":[63,63,56,56,56,37,37,37,37,37,42,42,42,42,42,16,70,62,62,49,45,45,45,21,21,31,59,56,41,33,33,33,43,59,56,56,56,56,56,56,49,49,49,49,27,27,9,9,9,0,0],"gold":146,"neow_bonus":"BOSS_RELIC","is_daily":false,"chose_seed":false,"campfire_upgraded":9,"win_rate":0.0,"timestamp":1609868688,"path_taken":["M","$","?","?","$","E","?","R","T","?","?","R","$","E","R","BOSS","M","$","?","M","?","R","E","R","T","E","M","E","M","$","R","BOSS","M","?","$","?","?","R","?","R","T","$","E","R","E","?","R","BOSS"],"items_purchased_type":["Relic","Relic","Relic","Relic"],"build_version":"2020-12-22","purchased_purges":4,"victory":false,"max_hp_per_floor":[70,70,70,70,70,70,70,70,70,65,70,70,70,70,70,70,70,70,70,49,49,49,49,49,49,59,59,59,59,59,59,59,59,59,59,59,59,59,59,59,59,59,59,59,59,59,59,59,59,59,59],"relic_stats":{"Nunchaku":[8],"counters":[18,72],"Golden Idol":127,"Bronze Scales":[210],"Pantograph":50,"Kunai":[41],"Ginger":[1],"Orichalcum":[180],"Cursed Key":3,"obtain_stats":[{"theMarked:DemonDagger":27,"Pear":26,"Golden Idol":10,"Oddly Smooth Stone":47,"Ginger":37,"Orichalcum":5,"Cursed Key":0,"Ancient Tea Set":43,"theMarked:ArtifactOfAir":0,"SlaversCollar":17,"Nunchaku":29,"Bronze Scales":6,"Pantograph":19,"Coffee Dripper":34,"Kunai":14,"Bottled Lightning":24,"Membership Card":31,"FossilizedHelix":45},{"theMarked:DemonDagger":9,"Pear":8,"Golden Idol":3,"Oddly Smooth Stone":17,"Ginger":14,"Orichalcum":1,"Cursed Key":0,"Ancient Tea Set":15,"theMarked:ArtifactOfAir":0,"SlaversCollar":5,"Nunchaku":11,"Bronze Scales":2,"Pantograph":6,"Coffee Dripper":13,"Kunai":4,"Bottled Lightning":8,"Membership Card":12,"FossilizedHelix":16},{"theMarked:DemonDagger":36,"Pear":29,"Golden Idol":13,"Oddly Smooth Stone":65,"Ginger":54,"Orichalcum":3,"Cursed Key":0,"Ancient Tea Set":56,"theMarked:ArtifactOfAir":0,"SlaversCollar":22,"Nunchaku":42,"Bronze Scales":11,"Pantograph":24,"Coffee Dripper":50,"Kunai":17,"Bottled Lightning":29,"Membership Card":45,"FossilizedHelix":60}]},"card_choices":[{"not_picked":["theMarked:TwofoldDefense","theMarked:Parkour","theMarked:WastefulDefense"],"picked":"SKIP","floor":1.0},{"not_picked":["theMarked:WastefulDefense","theMarked:TakeCover"],"picked":"theMarked:SwordAndMagic","floor":6.0},{"not_picked":["theMarked:HeightenedSenses","theMarked:BanishingStrike"],"picked":"theMarked:EmpowerWeapon","floor":7.0},{"not_picked":["theMarked:WastefulDefense","theMarked:Aftermath","theMarked:ResourceFulStrike"],"picked":"SKIP","floor":14.0},{"not_picked":["theMarked:SoldierForm","theMarked:Challenge"],"picked":"theMarked:ChannelForce","floor":16.0},{"not_picked":["theMarked:Frustration","theMarked:Improvise","theMarked:Parkour+1"],"picked":"SKIP","floor":18.0},{"not_picked":["theMarked:Opportunist","theMarked:Static","theMarked:BanishingWave"],"picked":"SKIP","floor":21.0},{"not_picked":["theMarked:SelfDefenseTraining+1","theMarked:HeritageOfTheMarked"],"picked":"theMarked:MuscleMemory","floor":24.0},{"not_picked":["theMarked:Frustration","theMarked:RepellingDischarge+1"],"picked":"theMarked:EmpowerWeapon+1","floor":27.0},{"not_picked":["theMarked:HeightenedSenses","theMarked:ReduceFriction","theMarked:ElectricStrings"],"picked":"SKIP","floor":28.0},{"not_picked":["theMarked:WastefulDefense+1","theMarked:Static","theMarked:Abjuration"],"picked":"SKIP","floor":29.0},{"not_picked":["theMarked:Static","theMarked:ResourceFulStrike"],"picked":"theMarked:ParalyzingBlade","floor":30.0},{"not_picked":["theMarked:Frustration","theMarked:EmpowerWeapon","theMarked:Electrocute+1"],"picked":"SKIP","floor":35},{"not_picked":["theMarked:SwordAndMagic+1","theMarked:ResourceFulStrike+1","theMarked:Standoff+1"],"picked":"SKIP","floor":38},{"not_picked":["theMarked:HeritageOfTheMarked","theMarked:ChainLightning+1","theMarked:FavorableWinds"],"picked":"SKIP","floor":45},{"not_picked":["theMarked:WastefulDefense","theMarked:ChainLightning+1","theMarked:RepellingDischarge+1"],"picked":"SKIP","floor":47}],"player_experience":470690,"relics_obtained":[{"floor":6.0,"key":"Bronze Scales"},{"floor":14.0,"key":"Kunai"},{"floor":24.0,"key":"Bottled Lightning"},{"floor":26.0,"key":"Pear"},{"floor":27.0,"key":"theMarked:DemonDagger"},{"floor":29.0,"key":"Nunchaku"},{"floor":43,"key":"Ancient Tea Set"},{"floor":45,"key":"FossilizedHelix"},{"floor":47,"key":"Oddly Smooth Stone"}],"event_choices":[{"cards_removed":["theMarked:Strike"],"damage_healed":0.0,"max_hp_gain":0.0,"max_hp_loss":0.0,"gold_gain":0.0,"event_name":"Golden Wing","player_choice":"Card Removal","floor":3.0,"gold_loss":0.0,"damage_taken":7.0},{"damage_healed":0.0,"max_hp_gain":0.0,"max_hp_loss":0.0,"gold_gain":275.0,"event_name":"Golden Shrine","player_choice":"Desecrate","floor":4.0,"gold_loss":0.0,"damage_taken":0.0,"cards_obtained":["Regret"]},{"damage_healed":0.0,"max_hp_gain":0.0,"max_hp_loss":5.0,"gold_gain":0.0,"event_name":"Golden Idol","player_choice":"Lose Max HP","floor":10.0,"gold_loss":0.0,"damage_taken":0.0,"relics_obtained":["Golden Idol"]},{"damage_healed":0.0,"max_hp_gain":5.0,"max_hp_loss":0.0,"gold_gain":0.0,"event_name":"Big Fish","player_choice":"Donut","floor":11.0,"gold_loss":0.0,"damage_taken":0.0},{"damage_healed":0.0,"max_hp_gain":0.0,"max_hp_loss":21.0,"gold_gain":0.0,"event_name":"Vampires","player_choice":"Became a vampire","floor":20.0,"gold_loss":0.0,"damage_taken":0.0,"cards_obtained":["Bite","Bite","Bite","Bite","Bite"]},{"cards_removed":["theMarked:Defend"],"damage_healed":0.0,"max_hp_gain":0.0,"max_hp_loss":0.0,"gold_gain":0.0,"event_name":"betterThird:BetterWriting","player_choice":"Elegance","floor":22.0,"gold_loss":0.0,"damage_taken":0.0},{"damage_healed":0,"gold_gain":0,"player_choice":"Upgraded","damage_taken":0,"max_hp_gain":0,"max_hp_loss":0,"event_name":"Upgrade Shrine","floor":36,"gold_loss":0,"cards_upgraded":["Bite"]},{"damage_healed":0,"gold_gain":0,"player_choice":"Embrace Madness","damage_taken":7,"max_hp_gain":0,"max_hp_loss":0,"event_name":"Winding Halls","floor":41,"gold_loss":0,"cards_obtained":["Madness","Madness"]},{"damage_healed":0,"gold_gain":0,"player_choice":"Ignored","damage_taken":0,"max_hp_gain":0,"max_hp_loss":0,"event_name":"Mysterious Sphere","floor":48,"gold_loss":0}],"is_beta":false,"boss_relics":[{"not_picked":["Runic Dome","theMarked:Eyepatch"],"picked":"SlaversCollar"},{"not_picked":["Sozu","Velvet Choker"],"picked":"Coffee Dripper"}],"items_purged_floors":[2,5,19,31],"is_endless":false,"potions_floor_spawned":[16,21,27,29,33,47],"killed_by":"Donu and Deca","ascension_level":4}}