{"host":"mabtmc9uzswexjnd","time":1609877826,"event":{"mods":["BaseMod","Lobotomy","LobotomyExtend","Minty Spire (QoL Compilation)","StSLib","The Animator","TheHeartMod","vexMod"],"gold_per_floor":[109,109,123,141,158,158,158,158],"floor_reached":7,"playtime":535,"items_purged":[],"score":43,"play_id":"6ce294a2-30c2-48ab-ad39-2f150c5ccc79","local_time":"20210106041706","is_ascension_mode":false,"campfire_choices":[{"floor":6,"key":"RECALL"}],"circlet_count":0,"master_deck":["theHeart:BloodDrop","theHeart:Scab","theHeart:theHeartDefend","theHeart:theHeartDefend","theHeart:theHeartDefend","theHeart:theHeartDefend","theHeart:theHeartCommonAttack","theHeart:theHeartCommonAttack","theHeart:theHeartCommonAttack","theHeart:theHeartCommonAttack","theHeart:Embolism","CrumblingArmor","theHeart:HighDecibelBeat","LaLuna","theHeart:Constrict","MeatLantern","QueenOfHatred","theHeart:CorruptedForm"],"relics":["theHeart:BeatOfDeath","CogitoBucket","LetterFromLob"],"acts_visited":["Exordium"],"potions_floor_usage":[],"damage_taken":[{"damage":3,"enemies":"Jaw Worm","floor":1,"turns":5},{"damage":1,"enemies":"Cultist","floor":3,"turns":3},{"damage":2,"enemies":"2 Louse","floor":4,"turns":5},{"damage":48,"enemies":"Blue Slaver","floor":5,"turns":4},{"damage":60,"enemies":"3 Sentries","floor":7,"turns":6}],"seed_played":"8880262884988835851","potions_obtained":[{"floor":4,"key":"Dexterity Potion"},{"floor":5,"key":"SneckoOil"}],"is_trial":false,"path_per_floor":["M","?","M","M","M","R","E"],"character_chosen":"THE_HEART","items_purchased":[],"campfire_rested":0,"item_purchase_floors":[],"current_hp_per_floor":[72,72,71,69,21,21,0,0],"gold":158,"neow_bonus":"","is_daily":false,"chose_seed":false,"campfire_upgraded":0,"win_rate":0.0,"timestamp":1609877826,"path_taken":["M","?","?","M","M","R","E"],"items_purchased_type":[],"build_version":"2020-12-22","purchased_purges":0,"victory":false,"max_hp_per_floor":[75,75,75,75,75,75,75,75],"card_choices":[{"not_picked":["theHeart:TentacleWhip","theHeart:SpireGrowth"],"picked":"theHeart:Embolism","floor":1},{"not_picked":["MeatLantern","CherryBlossoms"],"picked":"CrumblingArmor","floor":1},{"not_picked":["theHeart:NoxiousBlood","theHeart:ArterialFlow"],"picked":"theHeart:HighDecibelBeat","floor":3},{"not_picked":["Murderer","Wellcheers","Yin"],"picked":"Singing Bowl","floor":3},{"not_picked":["MeatLantern","OldLady"],"picked":"LaLuna","floor":3},{"not_picked":["theHeart:QuantumEntanglement","theHeart:CapillaryExchange"],"picked":"theHeart:Constrict","floor":4},{"not_picked":["VoidDream","Scarecrow"],"picked":"MeatLantern","floor":4},{"not_picked":["OSAHOGD","HeroicMonk"],"picked":"QueenOfHatred","floor":5},{"not_picked":["theHeart:HeartBurn","theHeart:OxygenRichBlood"],"picked":"theHeart:CorruptedForm","floor":5}],"player_experience":38622,"relics_obtained":[{"floor":1,"key":"LetterFromLob"}],"event_choices":[{"cards_removed":["theHeart:theHeartCommonAttack"],"damage_healed":0,"gold_gain":0,"player_choice":"Offered Basic","damage_taken":0,"max_hp_gain":0,"max_hp_loss":0,"event_name":"Bonfire Elementals","floor":2,"gold_loss":0}],"is_beta":false,"boss_relics":[],"items_purged_floors":[],"is_endless":false,"potions_floor_spawned":[4,5],"killed_by":"3 Sentries","ascension_level":0}}