{"host":"Kdaddybrian","time":1609879685,"event":{"mods":["AchievementEnabler","BaseMod","Bestiary","Colored Powertips","Minty Spire (QoL Compilation)","Potion Indicator Mod","Quick Restart","Rare Cards Sparkle","Relic Stats","StSLib","Uncapped"],"gold_per_floor":[169,179,179,194,144,144,162,206,260,275,275,316,391,409,409,530,530,551,567,140,140,156,156,169,169,193,193,203,221,321,334,334,334,334],"floor_reached":33,"playtime":1721,"items_purged":["Strike_G"],"score":392,"play_id":"4b460798-3715-4d2d-98ca-1b0aa6893954","local_time":"20210105154805","is_ascension_mode":true,"campfire_choices":[{"data":"Riddle With Holes","floor":6.0,"key":"SMITH"},{"data":"Envenom","floor":11.0,"key":"SMITH"},{"floor":15.0,"key":"REST"},{"floor":23.0,"key":"REST"},{"data":"RitualDagger","floor":27.0,"key":"SMITH"},{"floor":32,"key":"REST"}],"circlet_count":0,"master_deck":["AscendersBane","Strike_G","Strike_G+1","Strike_G","Defend_G","Defend_G","Defend_G","Defend_G","Defend_G","Survivor","Neutralize","Flying Knee","Riddle With Holes+1","Dash","Escape Plan","Blade Dance","Envenom+1","Dagger Spray","Backstab","Finisher","Wraith Form v2","Acrobatics+1","PiercingWail+1","Panacea","Deflect+1","Dodge and Roll+1","RitualDagger+1","Catalyst"],"relics":["Tiny House","Bloody Idol","Gremlin Horn","Oddly Smooth Stone","Regal Pillow","Runic Pyramid","Membership Card","CaptainsWheel","Centennial Puzzle","Turnip","The Courier"],"acts_visited":["Exordium","TheCity"],"potions_floor_usage":[31,33,33],"damage_taken":[{"damage":4.0,"enemies":"Small Slimes","floor":1.0,"turns":4.0},{"damage":1.0,"enemies":"Jaw Worm","floor":2.0,"turns":4.0},{"damage":1.0,"enemies":"2 Louse","floor":4.0,"turns":3.0},{"damage":3.0,"enemies":"Exordium Wildlife","floor":7.0,"turns":4.0},{"damage":20.0,"enemies":"3 Sentries","floor":8.0,"turns":9.0},{"damage":0.0,"enemies":"2 Fungi Beasts","floor":10.0,"turns":3.0},{"damage":5.0,"enemies":"Lagavulin","floor":12.0,"turns":5.0},{"damage":0.0,"enemies":"Large Slime","floor":14.0,"turns":4.0},{"damage":19.0,"enemies":"Slime Boss","floor":16.0,"turns":9.0},{"damage":11.0,"enemies":"3 Byrds","floor":18.0,"turns":4.0},{"damage":10.0,"enemies":"Spheric Guardian","floor":19.0,"turns":8.0},{"damage":9.0,"enemies":"Chosen and Byrds","floor":22.0,"turns":8.0},{"damage":13.0,"enemies":"Shelled Parasite and Fungi","floor":24.0,"turns":8.0},{"damage":19.0,"enemies":"Centurion and Healer","floor":28.0,"turns":8.0},{"damage":6.0,"enemies":"Cultist and Chosen","floor":29.0,"turns":8.0},{"damage":25.0,"enemies":"Colosseum Slavers","floor":30.0,"turns":4.0},{"damage":13.0,"enemies":"Colosseum Nobs","floor":30.0,"turns":5.0},{"damage":1,"enemies":"3 Cultists","floor":31,"turns":7},{"damage":91,"enemies":"Automaton","floor":33,"turns":12}],"seed_played":"-2072113422829342767","potions_obtained":[{"floor":0.0,"key":"GhostInAJar"},{"floor":2.0,"key":"PowerPotion"},{"floor":7.0,"key":"DistilledChaos"},{"floor":14.0,"key":"PowerPotion"},{"floor":19.0,"key":"Explosive Potion"},{"floor":28.0,"key":"Block Potion"},{"floor":30.0,"key":"AttackPotion"},{"floor":31,"key":"Block Potion"}],"is_trial":false,"path_per_floor":["M","M","?","M","?","R","M","E","T","M","R","E","?","M","R","B",null,"M","M","$","?","M","R","M","?","T","R","M","M","?","M","R","B"],"character_chosen":"THE_SILENT","items_purchased":["Membership Card","CaptainsWheel","Panacea","Regen Potion"],"campfire_rested":3,"item_purchase_floors":[20,20,20,20],"current_hp_per_floor":[64,63,63,62,62,62,59,39,39,39,39,34,23,23,58,39,62,51,41,41,41,37,69,61,55,60,60,46,45,24,28,63,0,0],"gold":334,"neow_bonus":"BOSS_RELIC","is_daily":false,"chose_seed":false,"campfire_upgraded":3,"win_rate":0.0,"timestamp":1609879685,"path_taken":["M","M","?","M","?","R","M","E","T","M","R","E","?","M","R","BOSS","M","M","$","?","M","R","M","?","T","R","M","M","?","M","R","BOSS"],"items_purchased_type":["Relic","Relic","Card","Potion"],"build_version":"2020-12-18","purchased_purges":1,"victory":false,"max_hp_per_floor":[75,75,69,69,69,69,69,69,69,69,69,69,69,69,69,69,69,69,69,69,69,69,69,69,69,69,69,69,69,69,69,69,69,69],"relic_stats":{"Regal Pillow":42,"Centennial Puzzle":[18],"Gremlin Horn":[16,16],"counters":[19,117],"Bloody Idol":35,"Turnip":[0],"obtain_stats":[{"Regal Pillow":12,"Tiny House":0,"Gremlin Horn":8,"Golden Idol":3,"Oddly Smooth Stone":9,"The Courier":30,"CaptainsWheel":20,"Centennial Puzzle":26,"Bloody Idol":21,"Turnip":30,"Membership Card":20,"Ring of the Snake":0,"Runic Pyramid":17},{"Regal Pillow":7,"Tiny House":0,"Gremlin Horn":5,"Golden Idol":2,"Oddly Smooth Stone":5,"The Courier":17,"CaptainsWheel":11,"Centennial Puzzle":13,"Bloody Idol":11,"Turnip":17,"Membership Card":11,"Ring of the Snake":0,"Runic Pyramid":9},{"Regal Pillow":32,"Tiny House":0,"Gremlin Horn":24,"Golden Idol":8,"Oddly Smooth Stone":24,"The Courier":98,"CaptainsWheel":57,"Centennial Puzzle":73,"Bloody Idol":57,"Turnip":98,"Membership Card":57,"Ring of the Snake":0,"Runic Pyramid":45}]},"card_choices":[{"not_picked":["PiercingWail","Outmaneuver"],"picked":"Flying Knee","floor":0.0},{"not_picked":["Expertise","Tactician"],"picked":"Riddle With Holes","floor":1.0},{"not_picked":["Acrobatics","Sucker Punch"],"picked":"Dash","floor":2.0},{"not_picked":["Dagger Throw","Deflect"],"picked":"Escape Plan","floor":4.0},{"not_picked":["Heel Hook","Caltrops"],"picked":"Blade Dance","floor":7.0},{"not_picked":["Blur","Dagger Spray"],"picked":"Envenom","floor":8.0},{"not_picked":["Slice","Bane"],"picked":"Dagger Spray","floor":10.0},{"not_picked":["Cloak And Dagger","Escape Plan"],"picked":"Backstab","floor":12.0},{"not_picked":["Backflip","Sucker Punch"],"picked":"Finisher","floor":14.0},{"not_picked":["Burst","Adrenaline"],"picked":"Wraith Form v2","floor":16.0},{"not_picked":["Slice","Choke+1"],"picked":"Acrobatics+1","floor":18.0},{"not_picked":["Blade Dance","Dodge and Roll"],"picked":"PiercingWail+1","floor":19.0},{"not_picked":["Underhanded Strike+1","Heel Hook"],"picked":"Deflect+1","floor":22.0},{"not_picked":["Outmaneuver+1","Acrobatics+1"],"picked":"Dodge and Roll+1","floor":24.0},{"not_picked":["Acrobatics+1","Dagger Throw","Quick Slash"],"picked":"SKIP","floor":28.0},{"not_picked":["Setup","Sucker Punch","Riddle With Holes+1"],"picked":"SKIP","floor":29.0},{"not_picked":["Dagger Throw","Outmaneuver"],"picked":"Catalyst","floor":30.0},{"not_picked":["Choke","Acrobatics+1","Dagger Throw"],"picked":"SKIP","floor":31}],"player_experience":2934641,"relics_obtained":[{"floor":8.0,"key":"Gremlin Horn"},{"floor":9.0,"key":"Oddly Smooth Stone"},{"floor":12.0,"key":"Regal Pillow"},{"floor":26.0,"key":"Centennial Puzzle"},{"floor":30.0,"key":"Turnip"},{"floor":30.0,"key":"The Courier"}],"event_choices":[{"damage_healed":0.0,"max_hp_gain":0.0,"max_hp_loss":6.0,"gold_gain":0.0,"event_name":"Golden Idol","player_choice":"Lose Max HP","floor":3.0,"gold_loss":0.0,"damage_taken":0.0,"relics_obtained":["Golden Idol"]},{"cards_removed":["Strike_G"],"damage_healed":0.0,"max_hp_gain":0.0,"max_hp_loss":0.0,"gold_gain":0.0,"event_name":"The Cleric","player_choice":"Card Removal","floor":5.0,"gold_loss":50.0,"damage_taken":0.0},{"damage_healed":0.0,"max_hp_gain":0.0,"max_hp_loss":0.0,"gold_gain":75.0,"event_name":"World of Goop","player_choice":"Gather Gold","floor":13.0,"gold_loss":0.0,"damage_taken":11.0},{"damage_healed":0.0,"max_hp_gain":0.0,"max_hp_loss":0.0,"gold_gain":0.0,"event_name":"Forgotten Altar","player_choice":"Gave Idol","floor":21.0,"relics_lost":["Golden Idol"],"gold_loss":0.0,"damage_taken":0.0,"relics_obtained":["Bloody Idol"]},{"damage_healed":0.0,"max_hp_gain":0.0,"max_hp_loss":0.0,"gold_gain":0.0,"event_name":"Nest","player_choice":"Joined the Cult","floor":25.0,"gold_loss":0.0,"damage_taken":6.0,"cards_obtained":["RitualDagger"]},{"damage_healed":0.0,"max_hp_gain":0.0,"max_hp_loss":0.0,"gold_gain":0.0,"event_name":"Colosseum","player_choice":"Fight","floor":30.0,"gold_loss":0.0,"damage_taken":0.0},{"damage_healed":0.0,"max_hp_gain":0.0,"max_hp_loss":0.0,"gold_gain":0.0,"event_name":"Colosseum","player_choice":"Fought Nobs","floor":30.0,"gold_loss":0.0,"damage_taken":0.0}],"is_beta":true,"boss_relics":[{"not_picked":["WristBlade","Runic Dome"],"picked":"Runic Pyramid"}],"items_purged_floors":[20],"is_endless":false,"potions_floor_spawned":[2,7,8,14,19,28,29,30,31],"killed_by":"Automaton","ascension_level":10}}