{"host":"b0dcklafnoly879c","time":1609866020,"event":{"mods":["BaseMod","Minty Spire (QoL Compilation)","StSLib","The Dragon Tamer","The Jungle"],"gold_per_floor":[118,138,149,149,99,99,134,134,159,191,191,201,231,249,249,353,353,365,218,198,218,228,255,270,270,323,351,8,34,46,46,46,151,151,169,186,186,186,196,230,330,133,180,81,116,136,136,187,187,187,187,187,40,72,72],"floor_reached":56,"playtime":4247,"items_purged":["Strike_G","Strike_G"],"score":1490,"play_id":"1a9d7d10-5441-4e92-b8d2-7ba0f5261950","local_time":"20210106020020","is_ascension_mode":true,"campfire_choices":[{"data":"After Image","floor":6.0,"key":"SMITH"},{"data":"Cloak And Dagger","floor":8.0,"key":"SMITH"},{"floor":11.0,"key":"REST"},{"floor":15.0,"key":"REST"},{"data":"Venomology","floor":25,"key":"SMITH"},{"data":"Blade Dance","floor":32,"key":"SMITH"},{"floor":49,"key":"RECALL"},{"data":"Acrobatics","floor":52,"key":"SMITH"}],"circlet_count":0,"master_deck":["Strike_G","Strike_G","Defend_G","Defend_G","Defend_G","Defend_G","Defend_G","Survivor","Neutralize","After Image+1","Underhanded Strike","Acrobatics+1","Blade Dance+1","Cloak And Dagger+1","Calculated Gamble","After Image","Dagger Throw","Footwork","Venomology+1","Tactician","Backflip+1","Prepared+1","Adrenaline+1","Blur+1","Well Laid Plans+1","Backflip+1","Cloak And Dagger+1","Finesse+1","Secret Technique+1","Eviscerate+1","Tactician+1"],"relics":["Ring of the Snake","Oddly Smooth Stone","Toy Ornithopter","Akabeko","Omamori","SlaversCollar","Incense Burner","Toxic Egg 2","Membership Card","Letter Opener","Nunchaku","Calling Bell","Ancient Tea Set","Molten Egg 2","Prayer Wheel","Smiling Mask","HandDrill","Anchor","PreservedInsect","Lantern","FossilizedHelix","Bronze Scales","Pen Nib","Tough Bandages"],"acts_visited":["Exordium","TheCity","TheBeyond","TheEnding"],"potions_floor_usage":[23,27,27,29,30,33,33,35,36,39,40,45,45,48,50,50,54,55,55,55,55],"damage_taken":[{"damage":1.0,"enemies":"Jaw Worm","floor":1.0,"turns":7.0},{"damage":10.0,"enemies":"Small Slimes","floor":2.0,"turns":5.0},{"damage":0.0,"enemies":"Cultist","floor":3.0,"turns":4.0},{"damage":49.0,"enemies":"Lagavulin","floor":7.0,"turns":7.0},{"damage":7.0,"enemies":"3 Sentries","floor":10.0,"turns":10.0},{"damage":0.0,"enemies":"Exordium Wildlife","floor":12.0,"turns":5.0},{"damage":31.0,"enemies":"Lagavulin","floor":13.0,"turns":7.0},{"damage":0.0,"enemies":"Large Slime","floor":14.0,"turns":6.0},{"damage":1.0,"enemies":"The Guardian","floor":16.0,"turns":15.0},{"damage":10.0,"enemies":"Spheric Guardian","floor":18.0,"turns":8.0},{"damage":2,"enemies":"Shell Parasite","floor":21,"turns":5},{"damage":6,"enemies":"Sentry and Sphere","floor":22,"turns":9},{"damage":7,"enemies":"Book of Stabbing","floor":23,"turns":6},{"damage":28,"enemies":"Snecko","floor":24,"turns":8},{"damage":4,"enemies":"Slavers","floor":27,"turns":8},{"damage":0,"enemies":"Book of Stabbing","floor":29,"turns":6},{"damage":0,"enemies":"3 Cultists","floor":30,"turns":6},{"damage":3,"enemies":"Automaton","floor":33,"turns":13},{"damage":0,"enemies":"Orb Walker","floor":35,"turns":4},{"damage":0,"enemies":"3 Shapes","floor":36,"turns":5},{"damage":5,"enemies":"Spire Growth","floor":39,"turns":6},{"damage":1,"enemies":"Nemesis","floor":40,"turns":9},{"damage":11,"enemies":"Reptomancer","floor":45,"turns":7},{"damage":11,"enemies":"4 Shapes","floor":46,"turns":5},{"damage":0,"enemies":"2 Orb Walkers","floor":48,"turns":6},{"damage":22,"enemies":"Awakened One","floor":50,"turns":19},{"damage":0,"enemies":"Shield and Spear","floor":54,"turns":6},{"damage":69,"enemies":"The Heart","floor":55,"turns":9}],"seed_played":"7770182982313816478","potions_obtained":[{"floor":10.0,"key":"ColorlessPotion"},{"floor":12.0,"key":"SkillPotion"},{"floor":13.0,"key":"DuplicationPotion"},{"floor":14.0,"key":"ColorlessPotion"},{"floor":20.0,"key":"FearPotion"},{"floor":22,"key":"Block Potion"},{"floor":24,"key":"BlessingOfTheForge"},{"floor":29,"key":"DuplicationPotion"},{"floor":30,"key":"EssenceOfSteel"},{"floor":35,"key":"Fire Potion"},{"floor":40,"key":"LiquidBronze"},{"floor":48,"key":"FearPotion"},{"floor":54,"key":"CultistPotion"}],"is_trial":false,"path_per_floor":["M","M","M","?","?","R","E","R","T","E","R","M","E","M","R","B",null,"M","$","?","M","M","E","M","R","T","E","$","E","M","?","R","B",null,"M","M","?","?","M","E","?","$","T","$","E","M","?","?","R","B",null,"R","$","E","B",null],"character_chosen":"THE_SILENT","items_purchased":["Footwork","Membership Card","Letter Opener","Prepared+1","Finesse+1","HandDrill","Anchor","Secret Technique+1","Bronze Scales","Pen Nib"],"campfire_rested":2,"item_purchase_floors":[19,28,28,28,42,42,42,44,53,53],"current_hp_per_floor":[69,59,59,64,64,64,15,15,15,8,30,30,4,9,31,40,75,65,65,65,63,57,55,27,27,27,33,33,52,57,57,57,64,75,75,75,75,75,75,74,74,74,74,74,64,53,53,58,58,46,75,75,75,75,6],"gold":72,"neow_bonus":"ONE_RANDOM_RARE_CARD","is_daily":false,"chose_seed":false,"campfire_upgraded":5,"win_rate":0.0,"timestamp":1609866020,"path_taken":["M","M","M","?","?","R","E","R","T","E","R","M","E","M","R","BOSS","M","$","?","M","M","E","M","R","T","E","$","E","?","?","R","BOSS","M","M","?","?","M","E","?","$","T","$","E","?","?","?","R","BOSS","R","$","E","BOSS"],"items_purchased_type":["Card","Relic","Relic","Card","Card","Relic","Relic","Card","Relic","Relic"],"build_version":"2020-12-22","purchased_purges":2,"victory":true,"max_hp_per_floor":[70,70,70,75,75,75,75,75,75,75,75,75,75,75,75,75,75,75,75,75,75,75,75,75,75,75,75,75,75,75,75,75,75,75,75,75,75,75,75,75,75,75,75,75,75,75,75,75,75,75,75,75,75,75,75],"card_choices":[{"not_picked":["Dodge and Roll","Setup"],"picked":"Underhanded Strike","floor":1.0},{"not_picked":["Masterful Stab","Outmaneuver"],"picked":"Acrobatics","floor":2.0},{"not_picked":["Bane","A Thousand Cuts"],"picked":"Blade Dance","floor":3.0},{"not_picked":["Flying Knee","Dagger Spray"],"picked":"Cloak And Dagger","floor":7.0},{"not_picked":["Bouncing Flask","Deadly Poison","Deflect"],"picked":"SKIP","floor":10.0},{"not_picked":["Dash","Distraction","Outmaneuver"],"picked":"SKIP","floor":12.0},{"not_picked":["Malaise","Underhanded Strike","Outmaneuver"],"picked":"SKIP","floor":13.0},{"not_picked":["Flying Knee","Dodge and Roll"],"picked":"Calculated Gamble","floor":14.0},{"not_picked":["Night Terror","Phantasmal Killer"],"picked":"After Image","floor":16.0},{"not_picked":["Flechettes","Dodge and Roll+1"],"picked":"Dagger Throw","floor":18.0},{"not_picked":["Sucker Punch","Distraction","Blade Dance"],"picked":"SKIP","floor":21},{"not_picked":["Acrobatics","Catalyst","Bouncing Flask"],"picked":"SKIP","floor":22},{"not_picked":["Flying Knee+1","Concentrate"],"picked":"Venomology","floor":23},{"not_picked":["Deadly Poison","Outmaneuver"],"picked":"Tactician","floor":24},{"not_picked":["Slice","Expertise+1"],"picked":"Backflip+1","floor":27},{"not_picked":["Deflect+1","Backflip+1"],"picked":"Prepared+1","floor":29},{"not_picked":["Riddle With Holes+1","Dash+1","Setup+1"],"picked":"SKIP","floor":30},{"not_picked":["Die Die Die","Envenom"],"picked":"Adrenaline+1","floor":33},{"not_picked":["Expertise+1","Flying Knee+1","Deadly Poison+1"],"picked":"SKIP","floor":35},{"not_picked":["Well Laid Plans","Skewer+1","Calculated Gamble+1"],"picked":"SKIP","floor":35},{"not_picked":["Outmaneuver+1","Quick Slash+1"],"picked":"Blur+1","floor":36},{"not_picked":["Night Terror+1","Dagger Throw+1"],"picked":"Well Laid Plans+1","floor":36},{"not_picked":["Prepared+1","Setup+1"],"picked":"Backflip+1","floor":39},{"not_picked":["Endless Agony+1","Backflip+1"],"picked":"Cloak And Dagger+1","floor":39},{"not_picked":["Riddle With Holes+1","Deflect+1","Skewer+1"],"picked":"SKIP","floor":40},{"not_picked":["Acrobatics+1","Backflip+1","Concentrate+1"],"picked":"SKIP","floor":45},{"not_picked":["Quick Slash+1","Prepared+1"],"picked":"Eviscerate+1","floor":46},{"not_picked":["Noxious Fumes+1","Underhanded Strike+1","Storm of Steel+1"],"picked":"SKIP","floor":46},{"not_picked":["Cloak And Dagger+1","Dagger Throw+1"],"picked":"Tactician+1","floor":54}],"player_experience":238242,"relics_obtained":[{"floor":7.0,"key":"Oddly Smooth Stone"},{"floor":9.0,"key":"Toy Ornithopter"},{"floor":10.0,"key":"Akabeko"},{"floor":13.0,"key":"Omamori"},{"floor":23,"key":"Incense Burner"},{"floor":27,"key":"Toxic Egg 2"},{"floor":29,"key":"Nunchaku"},{"floor":34,"key":"Ancient Tea Set"},{"floor":34,"key":"Molten Egg 2"},{"floor":34,"key":"Prayer Wheel"},{"floor":40,"key":"Smiling Mask"},{"floor":43,"key":"PreservedInsect"},{"floor":45,"key":"Lantern"},{"floor":48,"key":"FossilizedHelix"},{"floor":54,"key":"Tough Bandages"}],"event_choices":[{"damage_healed":0.0,"max_hp_gain":5.0,"max_hp_loss":0.0,"gold_gain":0.0,"event_name":"Big Fish","player_choice":"Donut","floor":4.0,"gold_loss":0.0,"damage_taken":0.0},{"cards_removed":["Strike_G"],"damage_healed":0.0,"max_hp_gain":0.0,"max_hp_loss":0.0,"gold_gain":0.0,"event_name":"The Cleric","player_choice":"Card Removal","floor":5.0,"gold_loss":50.0,"damage_taken":0.0},{"damage_healed":0.0,"max_hp_gain":0.0,"max_hp_loss":0.0,"gold_gain":0.0,"event_name":"The Woman in Blue","player_choice":"Bought 1 Potion","floor":20.0,"gold_loss":0.0,"damage_taken":0.0},{"damage_healed":0,"gold_gain":0,"player_choice":"Ignored","damage_taken":0,"max_hp_gain":0,"max_hp_loss":0,"event_name":"Ghosts","floor":31,"gold_loss":0},{"damage_healed":0,"gold_gain":0,"player_choice":"Memory 1","damage_taken":0,"max_hp_gain":0,"max_hp_loss":0,"event_name":"SensoryStone","floor":37,"gold_loss":0},{"cards_removed":["Prepared"],"damage_healed":0,"gold_gain":0,"player_choice":"Removed Skill","damage_taken":0,"max_hp_gain":0,"max_hp_loss":0,"event_name":"Falling","floor":38,"gold_loss":0},{"damage_healed":0,"gold_gain":100,"player_choice":"Pray","damage_taken":0,"max_hp_gain":0,"max_hp_loss":0,"event_name":"Golden Shrine","floor":41,"gold_loss":0},{"damage_healed":0,"gold_gain":0,"player_choice":"Ignored","damage_taken":0,"max_hp_gain":0,"max_hp_loss":0,"event_name":"Tomb of Lord Red Mask","floor":47,"gold_loss":0},{"damage_healed":0,"gold_gain":0,"player_choice":"Fight","damage_taken":0,"max_hp_gain":0,"max_hp_loss":0,"event_name":"Mysterious Sphere","floor":48,"gold_loss":0}],"is_beta":false,"boss_relics":[{"not_picked":["Tiny House","Empty Cage"],"picked":"SlaversCollar"},{"not_picked":["Ring of the Serpent","Sozu"],"picked":"Calling Bell"}],"items_purged_floors":[19,28],"is_endless":false,"potions_floor_spawned":[10,12,13,14,22,24,29,30,35,40,48,54],"ascension_level":4}}