{"host":"dwyzfvnzfcqffr30","time":1609805559,"event":{"mods":["2.2 Compatiblity","Act Like it!","BaseMod","Beaked The Cultist","Better Altar","Better Match","Better Note","Better Sensory Stone","Better Skull","Better Third Choice","Clockwork Mod","Colored Map","Colored Powertips","Conspire","Downfall","Elementarium","GifTheSpireLib","Halation","Hermit","Hubris","Infinite Spire","Ironclad Rager","Jedi Mod","Menagerie","Mimic Mod","Minty Spire (QoL Compilation)","Permanent Neow","Random Character Button","Replay The Spire","Spicy Shops","StSLib","Stuff the Spire","The Construct","The Disciple","The Druid","The Marked","TheFirefly","Trackpad","vexMod"],"gold_per_floor":[441,391,429,429,475,614,614,754,777,840,840,840,1031,1111,1111,1257,1257,1356,1384,1384,1384,1491,1708,1708,798,798,979,979,1279,1279,1383,1383,1569,1569,1692,1692,1821,1821,1821,2057,2057,2306,2331,1901,2161,2161,2434,2614,2614,2623,2623,2623,2172,2449,2513],"floor_reached":56,"playtime":4371,"items_purged":["Strike_G+1","Strike_G+1","Overencumbered","Strike_G+1"],"score":2583,"play_id":"1573821d-7ade-41c7-9f3b-ad21f0fe77be","local_time":"20210104161239","is_ascension_mode":true,"campfire_choices":[{"floor":15.0,"key":"RECALL"},{"floor":32,"key":"REST"},{"floor":41,"key":"REST"},{"floor":46,"key":"REST"},{"floor":49,"key":"REST"},{"floor":52,"key":"REST"}],"circlet_count":0,"master_deck":["AscendersBane","Defend_G+1","Defend_G+1","Defend_G+1","Defend_G+1","Defend_G+1","Survivor+1","Neutralize+1","infinitespire:Neurotoxin+1","MasterReality+1","StuffTheSpire:Incantation+1","jedi:pocketpoison+1","StuffTheSpire:Sprint+1","jedi:brewingpoison+1","Footwork+1","Bouncing Flask+1","StuffTheSpire:Injection+1","jedi:rejectivetoxin+1","Catalyst+1","jedi:unstablefumes+1","Caltrops+1","Fluid Movement+1","Night Terror+1","Catalyst+1","AscendersBane","jedi:studypoison+1","Venomology+1"],"relics":["Ring of the Snake","Bottled Tornado","infinitespire:EvilPickle","Juzu Bracelet","hubris:EvacipatedBox","StuffTheSpire:TintedRock","Quantum Egg","Molten Egg 2","Frozen Egg 2","Toxic Egg 2","Boot","Garlic","Tough Bandages","Cursed Key","Replay:Baseball","trackpad:CultistFigurine","jedi:shrinkray","hubris:Icosahedron","Pear","TwistedFunnel","halation:IllGainedPizza","ClockworkSouvenir","vexMod:MemoryStick","Kunai","trackpad:ByrdCharm","infinitespire:Golems Mask","Elementarium:ElementariumTrophy","Oddly Smooth Stone","halation:TwoAmDonut","Ancient Tea Set","hubris:TinFlute","ReplayFunnel","Snack Pack","infinitespire:Joker Card","Torii","halation:PromiseList","TungstenRod","hubris:NiceRug","Replay:Mystery Machine"],"acts_visited":[],"potions_floor_usage":[27,29,33,45,45,47,48,50,50,53,53,54,55,55,55],"damage_taken":[{"damage":0.0,"enemies":"Small Slimes","floor":1.0,"turns":3.0},{"damage":0.0,"enemies":"2 Louse","floor":3.0,"turns":3.0},{"damage":0.0,"enemies":"Cultist","floor":5.0,"turns":2.0},{"damage":4.0,"enemies":"Gremlin Nob","floor":6.0,"turns":3.0},{"damage":4.0,"enemies":"3 Sentries","floor":8.0,"turns":11.0},{"damage":0.0,"enemies":"Blue Slaver","floor":10.0,"turns":2.0},{"damage":0.0,"enemies":"Lagavulin","floor":13.0,"turns":4.0},{"damage":0.0,"enemies":"Exordium Wildlife","floor":14.0,"turns":4.0},{"damage":0.0,"enemies":"The Guardian","floor":16.0,"turns":7.0},{"damage":1.0,"enemies":"Elementarium:Cyclone","floor":18.0,"turns":4.0},{"damage":0,"enemies":"conspire:MimicChest","floor":19,"turns":3},{"damage":0,"enemies":"Elementarium:MUD_AND_TAR_GOLEMS","floor":22,"turns":2},{"damage":17,"enemies":"Elementarium:FIRE_NOBILITY","floor":23,"turns":7},{"damage":5,"enemies":"Elementarium:WarGolem","floor":27,"turns":2},{"damage":0,"enemies":"Elementarium:ElementalPortal","floor":29,"turns":7},{"damage":0,"enemies":"Elementarium:Hydrostalker","floor":31,"turns":3},{"damage":0,"enemies":"Elementarium:PHOENIXES","floor":33,"turns":8},{"damage":0,"enemies":"3 Shapes","floor":35,"turns":4},{"damage":0,"enemies":"3 Darklings","floor":37,"turns":3},{"damage":0,"enemies":"Reptomancer","floor":40,"turns":3},{"damage":6,"enemies":"Giant Head","floor":42,"turns":5},{"damage":0,"enemies":"Reptomancer","floor":45,"turns":1},{"damage":16,"enemies":"Nemesis","floor":47,"turns":3},{"damage":0,"enemies":"Jaw Worm Horde","floor":48,"turns":4},{"damage":8,"enemies":"Donu and Deca","floor":50,"turns":8},{"damage":0,"enemies":"hubris:Merchant","floor":53,"turns":7},{"damage":0,"enemies":"Shield and Spear","floor":54,"turns":3},{"damage":0,"enemies":"The Heart","floor":55,"turns":8}],"seed_played":"5628099478625524692","potions_obtained":[{"floor":1.0,"key":"Energy Potion"},{"floor":5.0,"key":"Elixir"},{"floor":8.0,"key":"Regen Potion"},{"floor":13.0,"key":"champ:CounterPotion"},{"floor":18.0,"key":"ColorlessPotion"},{"floor":31,"key":"hexamod:EctoCoolerPotion"},{"floor":35,"key":"Dexterity Potion"},{"floor":42,"key":"SteroidPotion"},{"floor":45,"key":"AttackPotion"},{"floor":53,"key":"Energy Potion"},{"floor":54,"key":"champ:CounterPotion"}],"is_trial":false,"path_per_floor":["M","?","M","?","M","E","?","E","T","M","?","?","E","M","R_BF","B",null,"M","?","?","AVR","M","E","?","$","T","E","?","E","?","M","R","B",null,"M","?","M","?","?","E","R","E","T","$","E","R","E","M","R","B",null,"R","$","E","B",null],"character_chosen":"THE_SILENT","items_purchased":["Caltrops+1","Pear","TwistedFunnel","halation:IllGainedPizza","ClockworkSouvenir","vexMod:MemoryStick","hubris:TinFlute","ReplayFunnel","Torii","halation:PromiseList","TungstenRod","LifebloodPotion"],"campfire_rested":5,"item_purchase_floors":[25,25,25,25,25,25,44,44,53,53,53,53],"current_hp_per_floor":[63,63,63,63,63,59,59,55,55,55,60,60,60,60,60,60,66,65,65,65,65,65,48,48,58,58,62,62,62,62,78,78,78,78,78,78,78,78,78,78,78,72,72,72,72,78,62,62,78,72,77,78,78,78,78],"gold":2513,"neow_bonus":"THREE_RARE_CARDS","is_daily":false,"chose_seed":false,"campfire_upgraded":0,"win_rate":0.0,"timestamp":1609805559,"path_taken":["M","?","M","?","M","E","?","E","T","M","?","?","E","M","R_BF","BOSS","M","?","?","AVR","M","E","?","?","T","E","?","E","?","M","R","BOSS","M","?","M","?","?","E","R","E","T","$","E","R","E","M","R","BOSS","R","$","E","BOSS"],"items_purchased_type":["Card","Relic","Relic","Relic","Relic","Relic","Relic","Relic","Relic","Relic","Relic","Potion"],"build_version":"2020-12-22","purchased_purges":4,"victory":true,"max_hp_per_floor":[63,63,63,63,63,63,63,63,63,63,68,68,68,68,68,68,68,68,68,68,68,68,68,68,78,78,78,78,78,78,78,78,78,78,78,78,78,78,78,78,78,78,78,78,78,78,78,78,78,78,78,78,78,78,78],"card_choices":[{"not_picked":["Venomology","Glass Knife"],"picked":"infinitespire:Neurotoxin","floor":0.0},{"not_picked":["Outmaneuver+1","StuffTheSpire:Python+1"],"picked":"Bane+1","floor":1.0},{"not_picked":["ReplayTheSpireMod:Shiv Toss+1","hubris:SlightOfHand+1"],"picked":"StuffTheSpire:Incantation+1","floor":3.0},{"not_picked":["Quick Slash+1","hubris:SlightOfHand+1"],"picked":"jedi:pocketpoison+1","floor":5.0},{"not_picked":["Outmaneuver+1","Acrobatics+1"],"picked":"StuffTheSpire:Sprint+1","floor":6.0},{"not_picked":["Grand Finale+1","Acrobatics+1"],"picked":"jedi:brewingpoison+1","floor":8.0},{"not_picked":["Hidden Blade+1","conspire:DoublingDagger+1"],"picked":"Footwork+1","floor":10.0},{"not_picked":["StuffTheSpire:Incursion+1","Flechettes+1"],"picked":"Bouncing Flask+1","floor":13.0},{"not_picked":["Flying Knee+1","Poisoned Stab+1"],"picked":"StuffTheSpire:Injection+1","floor":14.0},{"not_picked":["Burst+1","Tools of the Trade+1"],"picked":"jedi:rejectivetoxin+1","floor":16.0},{"not_picked":["Quick Slash+1","Leg Sweep+1","hubris:SlightOfHand+1"],"picked":"SKIP","floor":18.0},{"not_picked":["Leg Sweep+1","Cloak And Dagger+1"],"picked":"Catalyst+1","floor":19},{"not_picked":["StuffTheSpire:ClusterCrunch+1","StuffTheSpire:DoubleShiv+1","Backflip+1"],"picked":"SKIP","floor":22},{"not_picked":["Deadly Poison+1","Phantasmal Killer+1"],"picked":"jedi:unstablefumes+1","floor":23},{"not_picked":["Blade Dance+1","StuffTheSpire:ClusterCrunch+1","Poison Darts+1"],"picked":"SKIP","floor":27},{"not_picked":["All Out Attack+1","Infinite Blades+1","Crippling Poison+1"],"picked":"SKIP","floor":29},{"not_picked":["Blade Dance+1","StuffTheSpire:BumpUp+1"],"picked":"Fluid Movement+1","floor":31},{"not_picked":["Poison Darts+1","infinitespire:Neurotoxin+1"],"picked":"Night Terror+1","floor":33},{"not_picked":["Underhanded Strike+1","jedi:unstablefumes+1"],"picked":"Catalyst+1","floor":35},{"not_picked":["Dagger Spray+1","StuffTheSpire:Incursion+1","Poisoned Stab+1"],"picked":"SKIP","floor":37},{"not_picked":["Caltrops+1","jedi:rejectivetoxin+1","Quick Slash+1"],"picked":"SKIP","floor":40},{"not_picked":["Caltrops+1","jedi:rejectivetoxin+1","Quick Slash+1"],"picked":"SKIP","floor":40},{"not_picked":["PiercingWail+1","StuffTheSpire:Python+1"],"picked":"Venomology+1","floor":42},{"not_picked":["Distraction+1","hubris:SlightOfHand+1","Poisoned Stab+1"],"picked":"SKIP","floor":45},{"not_picked":["Distraction+1","hubris:SlightOfHand+1","Poisoned Stab+1"],"picked":"SKIP","floor":45},{"not_picked":["Flying Knee+1","hubris:SlightOfHand+1","Bouncing Flask+1"],"picked":"SKIP","floor":47},{"not_picked":["Sneak Up+1","StuffTheSpire:ClusterCrunch+1","StuffTheSpire:Injection+1"],"picked":"SKIP","floor":48},{"not_picked":["StuffTheSpire:ClusterCrunch+1"],"picked":"SKIP","floor":53},{"not_picked":["Eviscerate+1"],"picked":"SKIP","floor":53},{"not_picked":["StuffTheSpire:Python+1"],"picked":"SKIP","floor":53},{"not_picked":["Tactician+1"],"picked":"SKIP","floor":53},{"not_picked":["Well Laid Plans+1"],"picked":"SKIP","floor":53},{"not_picked":["Replay:SS_fish_3+1"],"picked":"SKIP","floor":53},{"not_picked":["Crow Ritual+1"],"picked":"SKIP","floor":53},{"not_picked":["Hidden Blade+1","StuffTheSpire:FinalStruggle+1","hubris:SlightOfHand+1"],"picked":"SKIP","floor":54}],"player_experience":2570295,"relics_obtained":[{"floor":6.0,"key":"Boot"},{"floor":8.0,"key":"Garlic"},{"floor":13.0,"key":"Tough Bandages"},{"floor":19,"key":"Replay:Baseball"},{"floor":23,"key":"jedi:shrinkray"},{"floor":26,"key":"Kunai"},{"floor":27,"key":"trackpad:ByrdCharm"},{"floor":29,"key":"infinitespire:Golems Mask"},{"floor":40,"key":"Oddly Smooth Stone"},{"floor":42,"key":"halation:TwoAmDonut"},{"floor":43,"key":"Ancient Tea Set"},{"floor":45,"key":"Snack Pack"},{"floor":47,"key":"infinitespire:Joker Card"},{"floor":54,"key":"Replay:Mystery Machine"}],"event_choices":[{"damage_healed":0.0,"max_hp_gain":0.0,"max_hp_loss":10.0,"gold_gain":0.0,"event_name":"betterThird:BetterWriting","player_choice":"Simplicity","floor":0.0,"gold_loss":0.0,"damage_taken":0.0},{"cards_removed":["Strike_G"],"damage_healed":0.0,"max_hp_gain":0.0,"max_hp_loss":0.0,"gold_gain":0.0,"event_name":"The Cleric","player_choice":"Card Removal","floor":2.0,"gold_loss":50.0,"damage_taken":0.0},{"damage_healed":0.0,"max_hp_gain":0.0,"max_hp_loss":0.0,"gold_gain":0.0,"event_name":"betterThird:BetterSerpent","player_choice":"Ignored","floor":7.0,"gold_loss":0.0,"damage_taken":614.0},{"damage_healed":0.0,"max_hp_gain":5.0,"max_hp_loss":0.0,"gold_gain":0.0,"event_name":"Big Fish","player_choice":"Donut","floor":11.0,"gold_loss":0.0,"damage_taken":0.0},{"damage_healed":0,"gold_gain":0,"player_choice":"Ignored","damage_taken":0,"max_hp_gain":0,"max_hp_loss":0,"event_name":"Elementarium:FountainOfGold","floor":28,"gold_loss":0},{"cards_removed":["Bane"],"damage_healed":0,"gold_gain":0,"player_choice":"Removed Attack","damage_taken":0,"max_hp_gain":0,"max_hp_loss":0,"event_name":"Falling","floor":36,"gold_loss":0},{"damage_healed":0,"gold_gain":0,"player_choice":"Ignored","damage_taken":0,"max_hp_gain":0,"max_hp_loss":0,"event_name":"Upgrade Shrine","floor":38,"gold_loss":0},{"damage_healed":0,"gold_gain":3,"player_choice":"3","damage_taken":0,"max_hp_gain":0,"max_hp_loss":0,"event_name":"betterStone:BetterStone","floor":39,"gold_loss":0,"cards_obtained":["jedi:studypoison"]}],"is_beta":false,"boss_relics":[{"not_picked":["hubris:RunicObelisk","StuffTheSpire:ModemDavis","StuffTheSpire:RunicHypercube"],"picked":"Cursed Key"},{"not_picked":["Astrolabe","halation:PlatinumPhoenix","halation:PinkAlligatorPlush","ReplayTheSpireMod:DimensionalGlitch"]}],"items_purged_floors":[21,25,44,53],"is_endless":false,"potions_floor_spawned":[1,5,8,13,14,18,19,31,35,42,45,47,54],"ascension_level":13}}