{"host":"ormi09wwzv7sq47a","time":1609881274,"event":{"mods":["2.2 Compatiblity","AchievementEnabler","Act Like it!","BaseMod","Bestiary","Better Altar","Better Note","Better Sensory Stone","Better Skull","Better Third Choice","Better Vampires","BetterRewards","Block Reminder","Card Forge","Colored Map","Colored Powertips","Curses Come First","DeckTracker","Downfall","Highlight Path","Minty Spire (QoL Compilation)","Permanent Neow","Quick Restart","Rare Cards Sparkle","Relic Stats","Shop Mod","StSLib","The Jungle"],"gold_per_floor":[110,10,21,37,50,79,79,79,103,103,132,144,156,168,180,287,299,322,5,5,17,29,64,64,89,89,107,107,120,130,148,148,252,252,269,280,280,38,387,414,414,426,426,426,37,37,37,37,37,37,37,37,7,33,33],"floor_reached":56,"playtime":5035,"items_purged":["hexamod:Strike","hexamod:Strike"],"score":1649,"play_id":"d324de1b-abb2-4e63-8a5d-c25d14de926e","local_time":"20210105191434","is_ascension_mode":true,"campfire_choices":[{"data":"hexamod:GhostOfSpireFuture","floor":7.0,"key":"SMITH"},{"data":"hexamod:ExtraCrispy","floor":8.0,"key":"SMITH"},{"data":"hexamod:HeatShield","floor":10.0,"key":"SMITH"},{"floor":12.0,"key":"REST"},{"data":"hexamod:CrushingStance","floor":15.0,"key":"SMITH"},{"floor":24,"key":"REST"},{"floor":28,"key":"REST"},{"floor":32,"key":"REST"},{"floor":41,"key":"REST"},{"floor":44,"key":"REST"},{"data":"hexamod:HexaLevel","floor":46,"key":"SMITH"},{"floor":47,"key":"RECALL"},{"data":"hexamod:HeatCrush","floor":49,"key":"SMITH"},{"data":"hexamod:ApocalypticArmor","floor":52,"key":"SMITH"}],"circlet_count":0,"master_deck":["hexamod:Strike","hexamod:Defend","hexamod:Defend","hexamod:Defend","hexamod:Defend","hexamod:Sear","hexamod:Float","Mayhem","hexamod:ExtraCrispy+1","hexamod:HeatMetal+1","hexamod:GhostOfSpireFuture+1","hexamod:HeatShield+1","hexamod:CatchUp","hexamod:ThermalTransfer","hexamod:RetreatToShadows","hexamod:PhantomFireball","hexamod:CrushingStance+1","expansioncontent:DashGenerateEvil+1","hexamod:FourthSeal","hexamod:ApocalypticArmor+1","hexamod:FastForward","hexamod:StepThrough+1","hexamod:DynamicBlow+1","hexamod:BurningTouch+1","hexamod:GhostShield+1","hexamod:Haunt+1","hexamod:RecurringNightmare+1","hexamod:NightmareGuise+1","hexamod:HeatCrush+1","hexamod:SkipABeat+1","hexamod:Hexaguard+1","hexamod:HexaLevel+1","hexamod:PhantomCloak+1","hexamod:BurningTouch+1","hexamod:CatchUp+1","hexamod:AdvancingGuard+1","hexamod:ExtraCrispy+1","hexamod:GhostOfSpireFuture+1"],"relics":["hexamod:SpiritBrand","Hammer of Thor","Seething Fire","Anvil of the Gods","WingedGreaves","Dream Catcher","MawBank","Snecko Eye","Mummified Hand","Letter Opener","The Courier","Toxic Egg 2","Busted Crown","hexamod:RecyclingMachine","Anchor","Old Coin","White Beast Statue","Frozen Egg 2","Vajra","Bronze Scales","Whetstone","Nunchaku","HornCleat"],"acts_visited":["Exordium","TheCity","TheBeyond","TheEnding"],"potions_floor_usage":[23,23,25,30,33,33,39,50,55,55],"damage_taken":[{"damage":0.0,"enemies":"Cultist","floor":1.0,"turns":4.0},{"damage":0.0,"enemies":"Small Slimes","floor":3.0,"turns":5.0},{"damage":2.0,"enemies":"Jaw Worm","floor":4.0,"turns":5.0},{"damage":13.0,"enemies":"Large Slime","floor":5.0,"turns":6.0},{"damage":9.0,"enemies":"Lagavulin","floor":6.0,"turns":7.0},{"damage":16.0,"enemies":"Gremlin Nob","floor":11.0,"turns":5.0},{"damage":1.0,"enemies":"Hexaghost","floor":16.0,"turns":9.0},{"damage":7.0,"enemies":"Shell Parasite","floor":18.0,"turns":3.0},{"damage":5.0,"enemies":"2 Thieves","floor":21.0,"turns":4.0},{"damage":9.0,"enemies":"Snake Plant","floor":22.0,"turns":3.0},{"damage":46,"enemies":"Gremlin Leader","floor":23,"turns":7},{"damage":12,"enemies":"Slavers","floor":25,"turns":7},{"damage":2,"enemies":"3 Cultists","floor":27,"turns":4},{"damage":0,"enemies":"Shelled Parasite and Fungi","floor":29,"turns":3},{"damage":6,"enemies":"Sentry and Sphere","floor":30,"turns":6},{"damage":0,"enemies":"Snecko","floor":31,"turns":3},{"damage":34,"enemies":"Champ","floor":33,"turns":11},{"damage":2,"enemies":"Orb Walker","floor":35,"turns":3},{"damage":0,"enemies":"3 Shapes","floor":36,"turns":3},{"damage":6,"enemies":"2 Orb Walkers","floor":39,"turns":3},{"damage":55,"enemies":"Giant Head","floor":40,"turns":9},{"damage":6,"enemies":"Sphere and 2 Shapes","floor":42,"turns":6},{"damage":39,"enemies":"Awakened One","floor":50,"turns":13},{"damage":9,"enemies":"Shield and Spear","floor":54,"turns":7},{"damage":35,"enemies":"The Heart","floor":55,"turns":9}],"seed_played":"-7226805976592796755","potions_obtained":[{"floor":4.0,"key":"FearPotion"},{"floor":11.0,"key":"SneckoOil"},{"floor":16.0,"key":"Strength Potion"},{"floor":18.0,"key":"Guardian:BlockOnCardUsePotion"},{"floor":18.0,"key":"DistilledChaos"},{"floor":21.0,"key":"PowerPotion"},{"floor":21.0,"key":"Energy Potion"},{"floor":22.0,"key":"EssenceOfSteel"},{"floor":22.0,"key":"PowerPotion"},{"floor":25,"key":"hexamod:InfernoChargePotion"},{"floor":27,"key":"DistilledChaos"},{"floor":27,"key":"Energy Potion"},{"floor":29,"key":"Guardian:BlockOnCardUsePotion"},{"floor":30,"key":"FairyPotion"},{"floor":33,"key":"SteroidPotion"},{"floor":35,"key":"sneckomod:MuddlingPotion"},{"floor":36,"key":"SkillPotion"},{"floor":40,"key":"LiquidMemories"},{"floor":54,"key":"hexamod:EctoCoolerPotion"},{"floor":54,"key":"DuplicationPotion"}],"is_trial":false,"path_per_floor":["M","$","M","M","M","E","R","R","T","R","E","R","?","?","R","B",null,"M","$","?","M","M","E","R","E","T","M","R","M","M","M","R","B",null,"M","M","?","$","?","E","R","M","T","R","$","R","R","T","R","B",null,"R","$","E","B",null],"character_chosen":"THE_SPIRIT","items_purchased":["Mayhem","hexamod:ExtraCrispy","hexamod:HeatMetal","SteroidPotion","Mummified Hand","hexamod:StepThrough","hexamod:RecyclingMachine","Anchor","Vajra","Bronze Scales","hexamod:AdvancingGuard+1","Whetstone","hexamod:ExtraCrispy+1"],"campfire_rested":6,"item_purchase_floors":[0,0,0,0,19,19,38,38,45,45,45,45,53],"current_hp_per_floor":[56,56,56,54,41,32,32,32,32,32,16,37,37,37,37,36,70,63,63,63,58,49,3,24,12,12,10,31,31,25,25,46,12,70,68,68,68,68,62,7,28,22,22,43,43,43,43,43,43,4,70,70,70,61,26],"gold":33,"neow_bonus":"","is_daily":false,"chose_seed":false,"campfire_upgraded":7,"win_rate":0.0,"timestamp":1609881274,"path_taken":["M","?","M","M","M","E","R","R","T","R","E","R","?","?","R","BOSS","M","$","?","M","M","E","R","E","T","M","R","M","?","M","R","BOSS","M","M","?","$","?","E","R","?","T","R","$","R","R","?","R","BOSS","R","$","E","BOSS"],"items_purchased_type":["Card","Card","Card","Potion","Relic","Card","Relic","Relic","Relic","Relic","Card","Relic","Card"],"build_version":"2020-12-22","purchased_purges":2,"victory":true,"max_hp_per_floor":[70,70,70,70,70,70,70,70,70,70,70,70,70,70,70,70,70,70,70,70,70,70,70,70,70,70,70,70,70,70,70,70,70,70,70,70,70,70,70,70,70,70,70,70,70,70,70,70,70,70,70,70,70,70,70],"relic_stats":{"Dream Catcher":6,"Nunchaku":[16],"Busted Crown":16,"counters":[73,335],"Mummified Hand":[186],"Bronze Scales":[159],"Snecko Eye":[195,170,202,189],"Letter Opener":[289],"Whetstone":["hexamod:StepThrough","hexamod:HeatMetal"],"MawBank":96,"obtain_stats":[{"Vajra":45,"Hammer of Thor":0,"Ginger":0,"Whetstone":45,"Old Coin":6,"Blood Vial":41,"Sozu":34,"HornCleat":54,"Strawberry":20,"Philosopher\u0027s Stone":17,"MealTicket":37,"hexamod:RecyclingMachine":20,"Toxic Egg 2":26,"hexamod:SpiritBrand":0,"Happy Flower":13,"Dead Branch":17,"Oddly Smooth Stone":17,"Eternal Feather":34,"Pen Nib":28,"Letter Opener":23,"hexamod:MatchstickCase":30,"Anvil of the Gods":0,"Bronze Scales":45,"Snecko Eye":17,"Nloth\u0027s Gift":31,"Pocketwatch":39,"Lantern":34,"Singing Bowl":26,"Mango":36,"Bag of Preparation":4,"Cursed Key":0,"ClockworkSouvenir":45,"Nunchaku":7,"Dream Catcher":6,"Shovel":42,"Mummified Hand":19,"Pantograph":9,"WingedGreaves":0,"InkBottle":46,"The Courier":25,"Omamori":19,"Seething Fire":0,"Frozen Egg 2":43,"MawBank":11,"White Beast Statue":40,"Mercury Hourglass":17,"Calling Bell":34,"Peace Pipe":34,"Anchor":38,"Busted Crown":34,"Bloody Idol":24,"Membership Card":0,"Toy Ornithopter":7},{"Vajra":70,"Hammer of Thor":1,"Ginger":24,"Whetstone":70,"Old Coin":5,"Blood Vial":19,"Sozu":40,"HornCleat":72,"Strawberry":33,"Philosopher\u0027s Stone":9,"MealTicket":17,"hexamod:RecyclingMachine":33,"Toxic Egg 2":60,"hexamod:SpiritBrand":0,"Happy Flower":29,"Dead Branch":31,"Oddly Smooth Stone":31,"Eternal Feather":16,"Pen Nib":13,"Letter Opener":59,"hexamod:MatchstickCase":15,"Anvil of the Gods":1,"Bronze Scales":70,"Snecko Eye":55,"Nloth\u0027s Gift":15,"Pocketwatch":18,"Lantern":16,"Singing Bowl":12,"Mango":41,"Bag of Preparation":4,"Cursed Key":1,"ClockworkSouvenir":46,"Nunchaku":5,"Dream Catcher":53,"Shovel":20,"Mummified Hand":56,"Pantograph":6,"WingedGreaves":48,"InkBottle":23,"The Courier":60,"Omamori":10,"Seething Fire":1,"Frozen Egg 2":70,"MawBank":54,"White Beast Statue":69,"Mercury Hourglass":31,"Calling Bell":16,"Peace Pipe":16,"Anchor":67,"Busted Crown":65,"Bloody Idol":12,"Membership Card":24,"Toy Ornithopter":27},{"Vajra":306,"Hammer of Thor":1,"Ginger":85,"Whetstone":306,"Old Coin":13,"Blood Vial":66,"Sozu":156,"HornCleat":326,"Strawberry":125,"Philosopher\u0027s Stone":25,"MealTicket":55,"hexamod:RecyclingMachine":125,"Toxic Egg 2":255,"hexamod:SpiritBrand":0,"Happy Flower":104,"Dead Branch":116,"Oddly Smooth Stone":116,"Eternal Feather":51,"Pen Nib":38,"Letter Opener":248,"hexamod:MatchstickCase":44,"Anvil of the Gods":1,"Bronze Scales":306,"Snecko Eye":231,"Nloth\u0027s Gift":44,"Pocketwatch":60,"Lantern":51,"Singing Bowl":34,"Mango":159,"Bag of Preparation":10,"Cursed Key":1,"ClockworkSouvenir":179,"Nunchaku":13,"Dream Catcher":217,"Shovel":69,"Mummified Hand":234,"Pantograph":16,"WingedGreaves":190,"InkBottle":81,"The Courier":255,"Omamori":28,"Seething Fire":1,"Frozen Egg 2":306,"MawBank":222,"White Beast Statue":300,"Mercury Hourglass":116,"Calling Bell":51,"Peace Pipe":51,"Anchor":288,"Busted Crown":282,"Bloody Idol":34,"Membership Card":85,"Toy Ornithopter":97}]},"card_choices":[{"not_picked":["hexamod:SpectersWail","hexamod:SwordOfDarkness"],"picked":"hexamod:GhostOfSpireFuture","floor":1.0},{"not_picked":["hexamod:ShieldOfDarkness","hexamod:GhostOfSpireFuture"],"picked":"hexamod:HeatShield","floor":3.0},{"not_picked":["hexamod:GhostLash","hexamod:BacktrackSmack"],"picked":"hexamod:CatchUp","floor":4.0},{"not_picked":["hexamod:GhostLash","hexamod:NightmareStrike"],"picked":"hexamod:ThermalTransfer","floor":5.0},{"not_picked":["hexamod:NightmareStrike","hexamod:SwordOfDarkness"],"picked":"hexamod:RetreatToShadows","floor":6.0},{"not_picked":["hexamod:ThermalTransfer","hexamod:ThirdSeal"],"picked":"hexamod:PhantomFireball","floor":11.0},{"not_picked":["hexamod:FirstSeal","hexamod:Firestarter"],"picked":"hexamod:CrushingStance","floor":12.0},{"not_picked":["hexamod:TimeOfNeed","hexamod:ApocalypseNow"],"picked":"hexamod:ApocalypticArmor","floor":16.0},{"not_picked":["hexamod:ThermalTransfer+1","hexamod:NightmareGuise"],"picked":"hexamod:FastForward","floor":18.0},{"not_picked":["hexamod:EtherealExpedition","hexamod:GhostLash+1","hexamod:Firestarter+1"],"picked":"SKIP","floor":21.0},{"not_picked":["hexamod:RetreatToShadows","hexamod:NightmareStrike","hexamod:HeatMetal"],"picked":"SKIP","floor":22.0},{"not_picked":["hexamod:BurningTouch","hexamod:ThermalTransfer"],"picked":"hexamod:DynamicBlow+1","floor":23},{"not_picked":["hexamod:SoulSteal","hexamod:NightmareGuise"],"picked":"hexamod:BurningTouch+1","floor":24},{"not_picked":["hexamod:RecurringNightmare","hexamod:EmpoweredFlame"],"picked":"hexamod:GhostShield+1","floor":25},{"not_picked":["hexamod:FirstSeal","hexamod:ThermalTransfer"],"picked":"hexamod:Haunt+1","floor":27},{"not_picked":["hexamod:Hexaguard+1","hexamod:GhostOfSpirePast"],"picked":"hexamod:RecurringNightmare+1","floor":28},{"not_picked":["hexamod:ParanormalForm","hexamod:ThermalTransfer"],"picked":"hexamod:NightmareGuise+1","floor":29},{"not_picked":["hexamod:GhostLash","hexamod:GhostOfSpirePresent"],"picked":"hexamod:HeatCrush","floor":30},{"not_picked":["hexamod:PhantomFireball","hexamod:HauntingEcho+1"],"picked":"hexamod:SkipABeat+1","floor":31},{"not_picked":["hexamod:SpectersWail","hexamod:SpectralAdrenaline+1"],"picked":"hexamod:Hexaguard+1","floor":32},{"not_picked":["hexamod:VolcanoVisage","hexamod:Toasty"],"picked":"hexamod:HexaLevel","floor":33},{"not_picked":["hexamod:NightmareStrike"],"picked":"SKIP","floor":35},{"not_picked":["hexamod:FourthSeal"],"picked":"SKIP","floor":36},{"not_picked":[],"picked":"hexamod:PhantomCloak+1","floor":39},{"not_picked":["hexamod:SwordOfDarkness"],"picked":"SKIP","floor":40},{"not_picked":[],"picked":"hexamod:BurningTouch+1","floor":42},{"not_picked":[],"picked":"hexamod:CatchUp+1","floor":44},{"not_picked":[],"picked":"hexamod:GhostOfSpireFuture+1","floor":54}],"player_experience":874897,"relics_obtained":[{"floor":6.0,"key":"Dream Catcher"},{"floor":11.0,"key":"MawBank"},{"floor":23,"key":"Letter Opener"},{"floor":25,"key":"The Courier"},{"floor":26,"key":"Toxic Egg 2"},{"floor":39,"key":"Old Coin"},{"floor":40,"key":"White Beast Statue"},{"floor":43,"key":"Frozen Egg 2"},{"floor":48,"key":"Nunchaku"},{"floor":54,"key":"HornCleat"}],"event_choices":[{"damage_healed":0.0,"max_hp_gain":0.0,"max_hp_loss":0.0,"gold_gain":1.0,"event_name":"betterStone:BetterStone","player_choice":"4","floor":13.0,"gold_loss":0.0,"damage_taken":0.0,"cards_obtained":["expansioncontent:DashGenerateEvil"]},{"cards_removed":["hexamod:Strike"],"damage_healed":0.0,"max_hp_gain":0.0,"max_hp_loss":0.0,"gold_gain":0.0,"event_name":"Bonfire Elementals","player_choice":"Offered Basic","floor":20.0,"gold_loss":0.0,"damage_taken":0.0},{"damage_healed":0,"gold_gain":0,"player_choice":"Fight","damage_taken":0,"max_hp_gain":0,"max_hp_loss":0,"event_name":"Mysterious Sphere","floor":39,"gold_loss":0}],"is_beta":false,"boss_relics":[{"not_picked":["hexamod:IceCube","Sozu"],"picked":"Snecko Eye"},{"not_picked":["Runic Pyramid","Runic Dome"],"picked":"Busted Crown"}],"items_purged_floors":[0,2],"is_endless":false,"potions_floor_spawned":[4,11,16,18,21,22,27,29,35,36,42,54],"ascension_level":3}}