{"host":"r53pw7z744tg3fxg","time":1609807862,"event":{"mods":["AchievementEnabler","BaseMod","Colored Map","Colored Powertips","Highlight Path","Minty Spire (QoL Compilation)","Quick Restart","Transform Curses"],"gold_per_floor":[113,36,36,51,51,76,176,176,202,220,238,267,286,315,315,411,411,429,429,429,444,457,457,457,457],"floor_reached":24,"playtime":16384,"items_purged":[],"score":374,"play_id":"245203ee-b407-4ea0-b683-f76692fbe469","local_time":"20210104175102","is_ascension_mode":true,"campfire_choices":[{"floor":8.0,"key":"REST"},{"data":"Eruption","floor":15.0,"key":"SMITH"},{"floor":23,"key":"REST"}],"circlet_count":0,"master_deck":["AscendersBane","Strike_P","Strike_P","Strike_P","Strike_P","Defend_P","Defend_P","Defend_P","Defend_P","Eruption+1","Vigilance","Secret Weapon+1","FlurryOfBlows","FollowUp","Halt","Indignation+1","Sanctity","Swivel","BattleHymn","EmptyFist","MasterReality","LessonLearned","Evaluate","Perseverance"],"relics":["PureWater","Pen Nib","TeardropLocket","Anchor","Kunai","Strawberry","Snecko Eye","MutagenicStrength"],"acts_visited":["Exordium","TheCity"],"potions_floor_usage":[21,21],"damage_taken":[{"damage":1.0,"enemies":"2 Louse","floor":1.0,"turns":2.0},{"damage":0.0,"enemies":"Small Slimes","floor":4.0,"turns":2.0},{"damage":10.0,"enemies":"Gremlin Nob","floor":6.0,"turns":3.0},{"damage":0.0,"enemies":"Cultist","floor":10.0,"turns":2.0},{"damage":0.0,"enemies":"Exordium Wildlife","floor":11.0,"turns":3.0},{"damage":14.0,"enemies":"3 Sentries","floor":12.0,"turns":6.0},{"damage":0.0,"enemies":"3 Louse","floor":13.0,"turns":2.0},{"damage":0.0,"enemies":"Gremlin Nob","floor":14.0,"turns":3.0},{"damage":17.0,"enemies":"Slime Boss","floor":16.0,"turns":4.0},{"damage":17.0,"enemies":"Shell Parasite","floor":18.0,"turns":6.0},{"damage":20,"enemies":"3 Byrds","floor":21,"turns":4},{"damage":8,"enemies":"Snake Plant","floor":22,"turns":2},{"damage":51,"enemies":"Slavers","floor":24,"turns":4}],"seed_played":"127686213385875334","potions_obtained":[{"floor":11.0,"key":"SpeedPotion"},{"floor":12.0,"key":"Regen Potion"},{"floor":14.0,"key":"Swift Potion"},{"floor":18.0,"key":"Energy Potion"}],"is_trial":false,"path_per_floor":["M","$","?","M","?","E","?","R","T","M","M","E","M","E","R","B",null,"M","?","?","M","M","R","E"],"character_chosen":"WATCHER","items_purchased":["FollowUp","Halt"],"campfire_rested":2,"item_purchase_floors":[2,2],"current_hp_per_floor":[46,46,43,43,43,33,33,54,54,54,54,40,45,52,52,35,68,51,51,51,31,23,46,0,0],"gold":457,"neow_bonus":"RANDOM_COLORLESS_2","is_daily":false,"chose_seed":false,"campfire_upgraded":1,"win_rate":0.0,"timestamp":1609807862,"path_taken":["M","$","?","M","?","E","?","R","T","?","M","E","M","E","R","BOSS","M","?","?","M","M","R","E"],"items_purchased_type":["Card","Card"],"build_version":"2020-12-22","purchased_purges":0,"victory":false,"max_hp_per_floor":[72,72,72,72,72,72,72,72,72,72,72,72,72,79,79,79,79,79,79,79,79,79,79,79,79],"card_choices":[{"not_picked":["Thinking Ahead","Master of Strategy"],"picked":"Secret Weapon","floor":0.0},{"not_picked":["LikeWater","WaveOfTheHand"],"picked":"FlurryOfBlows","floor":1.0},{"not_picked":["FlyingSleeves","MentalFortress"],"picked":"Indignation","floor":4.0},{"not_picked":["Vengeance","Tantrum"],"picked":"Sanctity","floor":6.0},{"not_picked":["EmptyMind","Adaptation"],"picked":"Swivel","floor":10.0},{"not_picked":["EmptyBody","Fasting2"],"picked":"BattleHymn","floor":11.0},{"not_picked":["Protect","Crescendo"],"picked":"EmptyFist","floor":12.0},{"not_picked":["BattleHymn","Study","Protect"],"picked":"SKIP","floor":13.0},{"not_picked":["BattleHymn","Wireheading"],"picked":"MasterReality","floor":14.0},{"not_picked":["Vault","Blasphemy"],"picked":"LessonLearned","floor":16.0},{"not_picked":["ClearTheMind","CrushJoints"],"picked":"Evaluate","floor":18.0},{"not_picked":["Prostrate+1","DeceiveReality"],"picked":"Perseverance","floor":21},{"not_picked":["Nirvana","Prostrate","FlurryOfBlows"],"picked":"SKIP","floor":22}],"player_experience":1191421,"relics_obtained":[{"floor":6.0,"key":"TeardropLocket"},{"floor":9.0,"key":"Anchor"},{"floor":12.0,"key":"Kunai"},{"floor":14.0,"key":"Strawberry"}],"event_choices":[{"damage_healed":0.0,"max_hp_gain":0.0,"max_hp_loss":0.0,"gold_gain":0.0,"event_name":"Scrap Ooze","player_choice":"Success","floor":3.0,"gold_loss":0.0,"damage_taken":3.0,"relics_obtained":["Pen Nib"]},{"damage_healed":0.0,"max_hp_gain":0.0,"max_hp_loss":0.0,"gold_gain":0.0,"event_name":"Liars Game","player_choice":"Ignored","floor":5.0,"gold_loss":0.0,"damage_taken":0.0},{"damage_healed":0.0,"max_hp_gain":0.0,"max_hp_loss":0.0,"gold_gain":100.0,"event_name":"Golden Shrine","player_choice":"Pray","floor":7.0,"gold_loss":0.0,"damage_taken":0.0},{"damage_healed":0.0,"max_hp_gain":0.0,"max_hp_loss":0.0,"gold_gain":0.0,"event_name":"Drug Dealer","player_choice":"Inject Mutagens","floor":19.0,"gold_loss":0.0,"damage_taken":0.0,"relics_obtained":["MutagenicStrength"]},{"damage_healed":0,"gold_gain":0,"player_choice":"Ignored","damage_taken":0,"max_hp_gain":0,"max_hp_loss":0,"event_name":"Transmorgrifier","floor":20,"gold_loss":0}],"is_beta":false,"boss_relics":[{"not_picked":["Pandora\u0027s Box","Astrolabe"],"picked":"Snecko Eye"}],"items_purged_floors":[],"is_endless":false,"potions_floor_spawned":[4,11,12,14,18],"killed_by":"Slavers","ascension_level":11}}