{"host":"50qwps766cbz6ukm","time":1609839283,"event":{"mods":["BaseMod","Colored Map","Colored Powertips","DeckTracker","Highlight Path","Infinite Spire","Minty Spire (QoL Compilation)","Quick Restart","Remove Card Discount Mod","StSLib","SuperFastMode","Synergy Search"],"gold_per_floor":[110,96,96,107,107,142,160,160,186,186,203,203,203],"floor_reached":12,"playtime":250,"items_purged":["Strike_P","Strike_P","Strike_P","Eruption","Strike_P","Defend_P","Defend_P"],"score":129,"play_id":"6682f9ca-b3ab-41cc-9698-a9533138d5dd","local_time":"20210105113443","is_ascension_mode":true,"campfire_choices":[],"circlet_count":0,"master_deck":["Defend_P","Defend_P","Vigilance","PathToVictory+1","Regret","Decay","Shame","infinitespire:UltimateForm"],"relics":["PureWater","NeowsBlessing","Pen Nib","Potion Belt","Juzu Bracelet"],"acts_visited":["Exordium"],"potions_floor_usage":[],"damage_taken":[{"damage":0,"enemies":"Small Slimes","floor":1,"turns":1},{"damage":0,"enemies":"Cultist","floor":4,"turns":1},{"damage":0,"enemies":"Lagavulin","floor":6,"turns":1},{"damage":4,"enemies":"2 Louse","floor":7,"turns":4},{"damage":19,"enemies":"Looter","floor":11,"turns":4},{"damage":52,"enemies":"Gremlin Nob","floor":12,"turns":3}],"seed_played":"7170310768216502302","potions_obtained":[{"floor":7,"key":"BlessingOfTheForge"},{"floor":11,"key":"Block Potion"}],"is_trial":false,"path_per_floor":["M","$","?","M","?","E","M","?","T","?","M","E"],"character_chosen":"WATCHER","items_purchased":[],"campfire_rested":0,"item_purchase_floors":[],"current_hp_per_floor":[72,72,72,72,72,72,68,68,68,68,49,0,0],"gold":203,"neow_bonus":"THREE_ENEMY_KILL","is_daily":false,"chose_seed":false,"campfire_upgraded":0,"win_rate":0.0,"timestamp":1609839283,"path_taken":["M","$","?","?","?","E","M","?","T","?","M","E"],"items_purchased_type":[],"build_version":"2020-12-22","purchased_purges":7,"victory":false,"max_hp_per_floor":[72,72,72,72,72,72,72,72,72,72,72,72,72],"card_choices":[{"not_picked":["EmptyFist","Halt"],"picked":"PathToVictory","floor":1},{"not_picked":["Fasting2","Crescendo","InnerPeace"],"picked":"SKIP","floor":4},{"not_picked":["BowlingBash","JustLucky","EmptyMind"],"picked":"SKIP","floor":6},{"not_picked":["EmptyFist","SignatureMove","CrushJoints"],"picked":"SKIP","floor":7},{"not_picked":["infinitespire:Punishment","infinitespire:Collect"],"picked":"infinitespire:UltimateForm","floor":10},{"not_picked":["FollowUp","Halt","Crescendo"],"picked":"SKIP","floor":11}],"player_experience":557671,"relics_obtained":[{"floor":6,"key":"Pen Nib"},{"floor":9,"key":"Juzu Bracelet"}],"event_choices":[{"damage_healed":0,"gold_gain":0,"player_choice":"Bought 0 Potions","damage_taken":0,"max_hp_gain":0,"max_hp_loss":0,"event_name":"The Woman in Blue","floor":3,"gold_loss":0},{"damage_healed":0,"gold_gain":0,"player_choice":"Box","damage_taken":0,"relics_obtained":["Potion Belt"],"max_hp_gain":0,"max_hp_loss":0,"event_name":"Big Fish","floor":8,"gold_loss":0,"cards_obtained":["Regret"]}],"is_beta":false,"boss_relics":[],"items_purged_floors":[2,2,2,2,2,2,2],"is_endless":false,"potions_floor_spawned":[7,11],"killed_by":"Gremlin Nob","ascension_level":5}}