{"host":"ix2a18c4ohfsrslv","time":1609808927,"event":{"mods":["BaseMod","Better Third Choice","Downfall","Minty Spire (QoL Compilation)","Replay The Spire","StSLib","The Hierophant"],"gold_per_floor":[99,99,99,99,99,134,180,190,115,126,126,140,159,43,53,156,156,156,167,52,252,263,263,263,283,283,293,293,310,160,171,183,283,283,283,300,315,376,388,423,448,448,467,479,479,479,507,507,517,517,517,517],"floor_reached":50,"playtime":5893,"items_purged":["Guardian:Strike_Guardian","Guardian:Strike_Guardian"],"score":612,"play_id":"9bf29578-ad41-4068-bf05-66a764ee24f2","local_time":"20210104170847","is_ascension_mode":true,"campfire_choices":[{"data":"Guardian:TwinSlam","floor":1.0,"key":"SMITH"},{"floor":9,"key":"REST"},{"data":"Guardian:FloatingOrbs","floor":18,"key":"SMITH"},{"data":"Guardian:PiercingHide","floor":26,"key":"SMITH"},{"data":"Guardian:BronzeArmor","floor":28,"key":"SMITH"},{"data":"Guardian:ShieldSpikes","floor":35,"key":"SMITH"},{"data":"Ghostly","floor":45,"key":"SMITH"}],"circlet_count":0,"master_deck":["Guardian:Strike_Guardian+1","Guardian:Defend_Guardian+1","Guardian:Defend_Guardian+1","Guardian:Defend_Guardian+1","Guardian:Defend_Guardian+1","Guardian:CurlUp+1","Guardian:TwinSlam+1","Guardian:ChargeCore","Guardian:Reroute","Guardian:Recover","Guardian:PiercingHide+1","Guardian:EvasiveProtocol","Guardian:FloatingOrbs+1","Guardian:CrystalBeam","Guardian:Emergency+1","Guardian:RevengeProtocol","Guardian:ShieldCharger+1","Guardian:Harden+1","Guardian:DonusPower","Ghostly+1","Guardian:ShieldSpikes+1","Guardian:Gem_Green","Guardian:PiercingHide+1","Guardian:Gem_White","Guardian:CrystalBeam","Guardian:CrystalBeam+1"],"relics":["Guardian:ModeShifter","downfall:HeartsMalice","Guardian:PickAxe","Onion Ring","PreservedInsect","downfall:HeartBlessingGreen","SlaversCollar","Kunai","Snecko Eye","ReplayTheSpireMod:TigerMarble","Sundial","War Paint","Lantern","Mummified Hand"],"acts_visited":["Exordium","TheCity","TheBeyond"],"potions_floor_usage":[15,19,20,27,32,32,43,50,50],"damage_taken":[{"damage":0.0,"enemies":"Small Slimes","floor":2.0,"turns":1.0},{"damage":0.0,"enemies":"2 Louse","floor":3.0,"turns":1.0},{"damage":0.0,"enemies":"2 Louse","floor":4.0,"turns":1.0},{"damage":26.0,"enemies":"3 Sentries","floor":6.0,"turns":15.0},{"damage":0.0,"enemies":"Cultist","floor":8.0,"turns":2.0},{"damage":25,"enemies":"Gremlin Gang","floor":10,"turns":5},{"damage":5,"enemies":"Exordium Thugs","floor":12,"turns":3},{"damage":0,"enemies":"Exordium Wildlife","floor":13,"turns":3},{"damage":0,"enemies":"downfall:FleeingMerchant","floor":14,"turns":4},{"damage":0,"enemies":"3 Louse","floor":15,"turns":3},{"damage":16,"enemies":"downfall:Silent","floor":16,"turns":8},{"damage":0,"enemies":"Shell Parasite","floor":19,"turns":6},{"damage":0,"enemies":"downfall:FleeingMerchant","floor":20,"turns":4},{"damage":1,"enemies":"3 Byrds","floor":22,"turns":3},{"damage":2,"enemies":"3 Cultists","floor":25,"turns":5},{"damage":0,"enemies":"Cultist and Chosen","floor":27,"turns":6},{"damage":7,"enemies":"Snake Plant","floor":29,"turns":5},{"damage":0,"enemies":"Snecko","floor":31,"turns":6},{"damage":16,"enemies":"Sentry and Sphere","floor":32,"turns":5},{"damage":0,"enemies":"downfall:Defect","floor":33,"turns":8},{"damage":0,"enemies":"3 Darklings","floor":36,"turns":4},{"damage":0,"enemies":"Orb Walker","floor":37,"turns":5},{"damage":7,"enemies":"3 Darklings","floor":39,"turns":5},{"damage":6,"enemies":"Giant Head","floor":40,"turns":8},{"damage":29,"enemies":"Jaw Worm Horde","floor":43,"turns":8},{"damage":10,"enemies":"4 Shapes","floor":44,"turns":10},{"damage":6,"enemies":"Nemesis","floor":47,"turns":7},{"damage":11,"enemies":"Spire Growth","floor":49,"turns":6},{"damage":28,"enemies":"downfall:Ironclad","floor":50,"turns":14}],"seed_played":"-2585840854585394037","potions_obtained":[{"floor":10,"key":"SkillPotion"},{"floor":12,"key":"Guardian:DefensiveModePotion"},{"floor":15,"key":"Energy Potion"},{"floor":16,"key":"champ:CounterPotion"},{"floor":19,"key":"PowerPotion"},{"floor":27,"key":"Explosive Potion"},{"floor":29,"key":"FearPotion"},{"floor":33,"key":"Ancient Potion"},{"floor":36,"key":"LifebloodPotion"},{"floor":47,"key":"Languid Potion"}],"is_trial":false,"path_per_floor":["R","M","M","?","?","E","T","M","R","M","?","M","M","$","M","B",null,"R","M","$","?","M","?","T","M","R","M","R","M","?","M","M","B",null,"R","M","M","?","M","E","T","R","M","M","R","?","E","T","M","B"],"character_chosen":"GUARDIAN","items_purchased":["Guardian:CrystalBeam"],"campfire_rested":1,"item_purchase_floors":[14],"current_hp_per_floor":[80,80,80,74,74,48,48,48,72,47,47,42,42,42,42,26,80,80,80,80,80,79,79,79,77,77,77,77,70,70,70,54,54,80,80,80,80,80,73,67,67,67,38,28,28,28,22,22,11,0,0,0],"gold":517,"neow_bonus":"THREE_ENEMY_KILL","is_daily":false,"chose_seed":false,"campfire_upgraded":6,"win_rate":0.0,"timestamp":1609808927,"path_taken":["R","M","M","?","?","E","T","M","R","M","?","?","M","$","M","BOSS","R","M","$","?","?","?","T","M","R","M","R","M","?","M","M","BOSS","R","M","M","?","M","E","T","R","M","M","R","?","E","?","M","BOSS"],"items_purchased_type":["Card"],"build_version":"2020-12-22","purchased_purges":2,"victory":false,"max_hp_per_floor":[80,80,80,80,80,80,80,80,80,80,80,80,80,80,80,80,80,80,80,80,80,80,80,80,80,80,80,80,80,80,80,80,80,80,80,80,80,80,80,80,80,80,80,80,80,80,80,80,80,80,80,80],"card_choices":[{"not_picked":["Guardian:SpikerProtocol","Guardian:VentSteam"],"picked":"Guardian:ChargeCore","floor":2.0},{"not_picked":["Guardian:DonusPower","Guardian:ArmoredProtocol"],"picked":"Guardian:BronzeArmor","floor":3.0},{"not_picked":["Guardian:Orbwalk","Guardian:RefractedBeam"],"picked":"Guardian:Reroute","floor":6.0},{"not_picked":["Guardian:RollAttack","Guardian:Planning"],"picked":"Guardian:Recover","floor":8.0},{"not_picked":["Guardian:Gem_Green","Guardian:RollAttack"],"picked":"Guardian:PiercingHide","floor":10},{"not_picked":["Guardian:PrismaticBarrier","Guardian:Suspension","Guardian:PolyBeam"],"picked":"SKIP","floor":12},{"not_picked":["Guardian:Gem_Fragmented","Guardian:Gem_Green"],"picked":"Guardian:EvasiveProtocol","floor":13},{"not_picked":["Guardian:Repulse","Guardian:ArmoredProtocol"],"picked":"Guardian:FloatingOrbs","floor":14},{"not_picked":["Guardian:Gem_Fragmented","Guardian:Gem_Green"],"picked":"Guardian:Emergency","floor":15},{"not_picked":["Guardian:StasisStrike","Guardian:GatlingBeam"],"picked":"Guardian:RevengeProtocol","floor":16},{"not_picked":["Guardian:Recover","Guardian:Gem_Red"],"picked":"Guardian:ShieldCharger+1","floor":19},{"not_picked":["Guardian:Incinerate","Guardian:BronzeArmor"],"picked":"Guardian:Harden","floor":20},{"not_picked":["Guardian:CrystalBeam","Guardian:Recover"],"picked":"Guardian:Gem_Green","floor":22},{"not_picked":["Guardian:Gem_Crimson","Guardian:FloatingOrbs+1"],"picked":"Guardian:Gem_Blue","floor":25},{"not_picked":["Guardian:Incinerate+1","Guardian:Gem_Blue"],"picked":"Guardian:DonusPower","floor":27},{"not_picked":["Guardian:PiercingHide","Guardian:TimeBomb","Guardian:Incinerate"],"picked":"SKIP","floor":29},{"not_picked":["Guardian:Recover","Guardian:HyperBeam_Guardian"],"picked":"Guardian:ShieldSpikes","floor":31},{"not_picked":["Guardian:Suspension","Guardian:ShieldCharger","Guardian:GuardianWhirl+1"],"picked":"SKIP","floor":32},{"not_picked":["Guardian:WalkerClaw","Guardian:CrystalBeam","Guardian:PrismaticBeam"],"picked":"SKIP","floor":36},{"not_picked":["Guardian:ChargeCore","Guardian:Gem_Crimson"],"picked":"Guardian:Gem_Green","floor":37},{"not_picked":["Guardian:ArmoredProtocol","Guardian:TemporalStrike+1"],"picked":"Guardian:PiercingHide+1","floor":38},{"not_picked":["Guardian:PiercingHide+1","Guardian:ChargeCore+1","Guardian:Preprogram"],"picked":"SKIP","floor":39},{"not_picked":["Guardian:Recover","Guardian:PrismaticBarrier","Guardian:BronzeOrb+1"],"picked":"SKIP","floor":40},{"not_picked":["Guardian:PiercingHide","Guardian:Planning+1"],"picked":"Guardian:Gem_Red","floor":43},{"not_picked":["Guardian:WalkerClaw+1","Guardian:Suspension+1"],"picked":"Guardian:CrystalBeam","floor":44},{"not_picked":["Guardian:Recover+1","Guardian:Gem_Cyan"],"picked":"Guardian:CrystalBeam+1","floor":47},{"not_picked":["Guardian:TimeCapacitor","Guardian:ChargeCore+1","Guardian:DonusPower+1"],"picked":"SKIP","floor":49}],"player_experience":161138,"relics_obtained":[{"floor":6.0,"key":"Onion Ring"},{"floor":7.0,"key":"PreservedInsect"},{"floor":24,"key":"Kunai"},{"floor":38,"key":"ReplayTheSpireMod:TigerMarble"},{"floor":40,"key":"Sundial"},{"floor":41,"key":"War Paint"},{"floor":47,"key":"Lantern"},{"floor":48,"key":"Mummified Hand"}],"event_choices":[{"damage_healed":0.0,"max_hp_gain":0.0,"max_hp_loss":0.0,"gold_gain":0.0,"event_name":"Living Wall","player_choice":"Grow","floor":5.0,"gold_loss":0.0,"damage_taken":0.0,"cards_upgraded":["Guardian:CurlUp"]},{"cards_removed":["Guardian:Strike_Guardian"],"damage_healed":0,"gold_gain":0,"player_choice":"Purged","damage_taken":0,"max_hp_gain":0,"max_hp_loss":0,"event_name":"Purifier","floor":11,"gold_loss":0},{"damage_healed":0,"gold_gain":200,"player_choice":"Gold","damage_taken":0,"max_hp_gain":0,"max_hp_loss":0,"event_name":"Wheel of Change","floor":21,"gold_loss":0},{"damage_healed":0,"gold_gain":0,"player_choice":"Simplicity","damage_taken":0,"max_hp_gain":0,"max_hp_loss":5,"event_name":"betterThird:BetterWriting","floor":23,"gold_loss":0},{"cards_removed":["Guardian:BronzeArmor"],"damage_healed":0,"gold_gain":0,"player_choice":"Removed Skill","damage_taken":0,"max_hp_gain":0,"max_hp_loss":0,"event_name":"Falling","floor":46,"gold_loss":0}],"is_beta":false,"boss_relics":[{"not_picked":["Snecko Heart","Replay:Drink Me"],"picked":"SlaversCollar"},{"not_picked":["Astrolabe","Cursed Key"],"picked":"Snecko Eye"}],"items_purged_floors":[14,20],"is_endless":false,"potions_floor_spawned":[4,10,12,15,16,19,27,29,33,36,39,47,49],"killed_by":"downfall:Ironclad","ascension_level":2}}