{"host":"d2y4rmbezebiv8aj","time":1609835966,"event":{"mods":["AchievementEnabler","BaseMod","Bestiary","BetterRewards","Colored Map","Colored Powertips","Custom Start","Highlight Path","Minty Spire (QoL Compilation)","Quick Restart","Rare Cards Sparkle","Relic Sorter","Relic Stats","Shop Mod","Slay-I","StSLib","SuperFastMode"],"gold_per_floor":[113,113,73,89,109,153,153,184,209,230,230,255,275,315,315,446,446,471,471,471,32,32,68,68,86,86,105,128,56,56,56,56,180,243,261,261,261,261,277,277,44,80,105,105,105,105],"floor_reached":45,"playtime":1917,"items_purged":[],"score":843,"play_id":"e3df77ea-f19f-45a0-b0e1-5bf443a32daf","local_time":"20210105093926","is_ascension_mode":true,"campfire_choices":[{"floor":11,"key":"REST"},{"floor":15,"key":"REST"},{"floor":24,"key":"REST"},{"floor":30,"key":"REST"},{"floor":32,"key":"REST"},{"data":"Apotheosis","floor":40,"key":"SMITH"},{"data":"Envenom","floor":44,"key":"SMITH"}],"circlet_count":0,"master_deck":["Strike_G","Strike_G","Strike_G","Strike_G+1","Strike_G","Defend_G","Defend_G","Defend_G","Defend_G","Survivor","Neutralize","Sucker Punch","Injury","Dash","Endless Agony","Sucker Punch","Quick Slash","All Out Attack","Flying Knee","Deadly Poison","Deflect","Poisoned Stab","Phantasmal Killer+1","Catalyst+1","Apotheosis+1","Backstab","Footwork","Envenom+1","Slice+1","Deflect+1","Poisoned Stab","Noxious Fumes","PiercingWail","Blade Dance","After Image","PiercingWail","Deflect+1","Slice+1","Adrenaline"],"relics":["Ring of the Snake","PreservedInsect","Golden Idol","Regal Pillow","Snake Skull","Omamori","Nunchaku","Art of War","Black Star","HornCleat","Membership Card","Pantograph","Sundial","Tiny Chest","White Beast Statue","Tiny House","Pear","Dead Branch","Oddly Smooth Stone","Turnip","War Paint","MealTicket"],"acts_visited":["TheCity","TheBeyond"],"potions_floor_usage":[14,16,27,27,27,28,33,39,42,42,45],"damage_taken":[{"damage":0,"enemies":"Cultist","floor":1,"turns":3},{"damage":0,"enemies":"Small Slimes","floor":4,"turns":4},{"damage":3,"enemies":"Jaw Worm","floor":5,"turns":4},{"damage":15,"enemies":"Gremlin Nob","floor":6,"turns":4},{"damage":27,"enemies":"3 Sentries","floor":8,"turns":8},{"damage":5,"enemies":"2 Fungi Beasts","floor":10,"turns":3},{"damage":9,"enemies":"Exordium Wildlife","floor":12,"turns":4},{"damage":8,"enemies":"Large Slime","floor":13,"turns":7},{"damage":8,"enemies":"Lagavulin","floor":14,"turns":6},{"damage":41,"enemies":"Hexaghost","floor":16,"turns":10},{"damage":30,"enemies":"Spheric Guardian","floor":18,"turns":6},{"damage":0,"enemies":"Gremlin Leader","floor":23,"turns":4},{"damage":19,"enemies":"Shell Parasite","floor":25,"turns":9},{"damage":23,"enemies":"Chosen and Byrds","floor":27,"turns":7},{"damage":10,"enemies":"Snake Plant","floor":28,"turns":3},{"damage":39,"enemies":"Collector","floor":33,"turns":10},{"damage":19,"enemies":"3 Shapes","floor":35,"turns":9},{"damage":8,"enemies":"Orb Walker","floor":39,"turns":2},{"damage":6,"enemies":"Giant Head","floor":42,"turns":7},{"damage":43,"enemies":"Spire Growth","floor":45,"turns":5}],"seed_played":"-4625640223247777137","potions_obtained":[{"floor":5,"key":"Poison Potion"},{"floor":6,"key":"Poison Potion"},{"floor":8,"key":"GamblersBrew"},{"floor":22,"key":"Dexterity Potion"},{"floor":22,"key":"ColorlessPotion"},{"floor":23,"key":"CunningPotion"},{"floor":27,"key":"ColorlessPotion"},{"floor":28,"key":"Weak Potion"},{"floor":33,"key":"Weak Potion"},{"floor":34,"key":"SkillPotion"},{"floor":35,"key":"Strength Potion"},{"floor":39,"key":"GhostInAJar"}],"is_trial":false,"path_per_floor":["M","?","$","M","M","E","?","E","T","M","R","M","M","E","R","B",null,"M","?","T","$","?","E","R","M","T","M","M","$","R","?","R","B",null,"M","?","T","$","M","R","$","E","T","R","M"],"character_chosen":"THE_SILENT","items_purchased":["PreservedInsect","Dash","Membership Card","Apotheosis","Backstab","Footwork","Pantograph","Noxious Fumes","PiercingWail","Blade Dance","Dead Branch","Oddly Smooth Stone"],"campfire_rested":5,"item_purchase_floors":[0,3,21,21,21,21,21,29,29,29,41,41],"current_hp_per_floor":[65,65,65,65,62,47,47,20,20,15,49,40,32,24,58,17,53,23,23,23,23,23,23,57,38,38,15,5,5,39,39,65,26,60,41,41,51,51,43,43,43,37,37,37,0,0],"gold":105,"neow_bonus":"","is_daily":false,"chose_seed":false,"campfire_upgraded":2,"win_rate":0.0,"timestamp":1609835966,"path_taken":["M","?","$","M","M","E","?","E","T","?","R","M","M","E","R","BOSS","M","?","?","$","?","E","R","M","T","M","?","$","R","?","R","BOSS","M","?","?","$","M","R","$","E","T","R","?"],"items_purchased_type":["Relic","Card","Relic","Card","Card","Card","Relic","Card","Card","Card","Relic","Relic"],"build_version":"2020-12-22","purchased_purges":0,"victory":false,"max_hp_per_floor":[65,65,65,65,65,65,65,65,65,65,65,65,65,65,65,65,65,65,65,65,65,65,65,65,65,65,65,65,65,65,65,65,65,70,70,70,80,80,80,80,80,80,80,80,80,80],"relic_stats":{"Regal Pillow":67,"counters":[32,167],"Golden Idol":146,"Dead Branch":[20],"PreservedInsect":251,"Snake Skull":[83],"War Paint":["Catalyst","Phantasmal Killer"],"Nunchaku":[21],"Sundial":[2],"Pantograph":0,"Tiny Chest":1,"MealTicket":0,"Turnip":[0],"Art of War":[4],"Black Star":2,"obtain_stats":[{"Regal Pillow":6,"Tiny House":34,"Snake Skull":7,"Nunchaku":9,"HornCleat":7,"Sundial":23,"Pantograph":21,"Tiny Chest":23,"MealTicket":43,"Ring of the Snake":0,"Pear":37,"NeowsBlessing":0,"Golden Idol":2,"Dead Branch":41,"Oddly Smooth Stone":41,"The Courier":9,"PreservedInsect":0,"Omamori":8,"War Paint":42,"White Beast Statue":26,"Mercury Hourglass":11,"Turnip":42,"Art of War":14,"Black Star":17,"Membership Card":21,"Ring of the Serpent":17},{"Regal Pillow":16,"Tiny House":28,"Snake Skull":16,"Nunchaku":17,"HornCleat":5,"Sundial":24,"Pantograph":23,"Tiny Chest":24,"MealTicket":31,"Ring of the Snake":0,"Pear":29,"NeowsBlessing":0,"Golden Idol":13,"Dead Branch":30,"Oddly Smooth Stone":30,"The Courier":5,"PreservedInsect":12,"Omamori":17,"War Paint":31,"White Beast Statue":25,"Mercury Hourglass":5,"Turnip":31,"Art of War":21,"Black Star":22,"Membership Card":23,"Ring of the Serpent":7},{"Regal Pillow":67,"Tiny House":144,"Snake Skull":67,"Nunchaku":75,"HornCleat":21,"Sundial":115,"Pantograph":111,"Tiny Chest":115,"MealTicket":162,"Ring of the Snake":0,"Pear":153,"NeowsBlessing":0,"Golden Idol":55,"Dead Branch":155,"Oddly Smooth Stone":155,"The Courier":21,"PreservedInsect":52,"Omamori":75,"War Paint":162,"White Beast Statue":124,"Mercury Hourglass":21,"Turnip":162,"Art of War":95,"Black Star":105,"Membership Card":111,"Ring of the Serpent":33}],"Ring of the Snake":[41]},"card_choices":[{"not_picked":["Distraction","Bane"],"picked":"Sucker Punch","floor":1},{"not_picked":["Outmaneuver","Deadly Poison"],"picked":"Endless Agony","floor":4},{"not_picked":["Riddle With Holes","Bane"],"picked":"Sucker Punch","floor":5},{"not_picked":["Predator","Corpse Explosion"],"picked":"Quick Slash","floor":6},{"not_picked":["Endless Agony","Leg Sweep"],"picked":"All Out Attack","floor":8},{"not_picked":["Bane","Terror"],"picked":"Flying Knee","floor":10},{"not_picked":["Outmaneuver","Calculated Gamble"],"picked":"Deadly Poison","floor":12},{"not_picked":["Underhanded Strike","Accuracy"],"picked":"Deflect","floor":13},{"not_picked":["Riddle With Holes","Outmaneuver"],"picked":"Poisoned Stab","floor":14},{"not_picked":["Glass Knife","Burst"],"picked":"Phantasmal Killer","floor":16},{"not_picked":["Dodge and Roll","Quick Slash"],"picked":"Catalyst","floor":18},{"not_picked":["Sucker Punch","Skewer"],"picked":"Envenom","floor":23},{"not_picked":["Flying Knee","Finisher"],"picked":"Slice+1","floor":25},{"not_picked":["Acrobatics","Prepared"],"picked":"Deflect+1","floor":27},{"not_picked":["Masterful Stab","Acrobatics"],"picked":"Poisoned Stab","floor":28},{"not_picked":["Tools of the Trade","Phantasmal Killer"],"picked":"After Image","floor":33},{"not_picked":["Quick Slash","Deflect"],"picked":"PiercingWail","floor":34},{"not_picked":["Choke+1","Blur+1"],"picked":"Deflect+1","floor":35},{"not_picked":["Reflex+1","Backflip+1"],"picked":"Slice+1","floor":39},{"not_picked":["Heel Hook","PiercingWail+1"],"picked":"Adrenaline","floor":42}],"player_experience":345770,"relics_obtained":[{"floor":6,"key":"Regal Pillow"},{"floor":8,"key":"Omamori"},{"floor":9,"key":"Nunchaku"},{"floor":14,"key":"Art of War"},{"floor":20,"key":"HornCleat"},{"floor":23,"key":"Sundial"},{"floor":23,"key":"Tiny Chest"},{"floor":26,"key":"White Beast Statue"},{"floor":37,"key":"Pear"},{"floor":42,"key":"Turnip"},{"floor":42,"key":"War Paint"},{"floor":43,"key":"MealTicket"}],"event_choices":[{"damage_healed":0,"gold_gain":0,"player_choice":"Take Wound","damage_taken":0,"relics_obtained":["Golden Idol"],"max_hp_gain":0,"max_hp_loss":0,"event_name":"Golden Idol","floor":2,"gold_loss":0,"cards_obtained":["Injury"]},{"damage_healed":0,"gold_gain":0,"player_choice":"Box","damage_taken":0,"relics_obtained":["Snake Skull"],"max_hp_gain":0,"max_hp_loss":0,"event_name":"Big Fish","floor":7,"gold_loss":0,"cards_obtained":["Regret"]},{"cards_removed":["Regret"],"damage_healed":0,"gold_gain":0,"player_choice":"Elegance","damage_taken":0,"max_hp_gain":0,"max_hp_loss":0,"event_name":"Back to Basics","floor":19,"gold_loss":0},{"damage_healed":0,"gold_gain":0,"player_choice":"Got Potions","damage_taken":0,"max_hp_gain":0,"max_hp_loss":0,"event_name":"Lab","floor":22,"gold_loss":0},{"damage_healed":0,"gold_gain":0,"player_choice":"Ignored","damage_taken":0,"max_hp_gain":0,"max_hp_loss":0,"event_name":"Vampires","floor":31,"gold_loss":0},{"cards_removed":["Defend_G"],"damage_healed":0,"gold_gain":0,"player_choice":"Purged","damage_taken":0,"max_hp_gain":0,"max_hp_loss":0,"event_name":"Purifier","floor":36,"gold_loss":0}],"is_beta":false,"boss_relics":[{"not_picked":["Cursed Key","Empty Cage"],"picked":"Black Star"},{"not_picked":["Coffee Dripper","Busted Crown"],"picked":"Tiny House"}],"items_purged_floors":[],"is_endless":false,"potions_floor_spawned":[5,6,8,23,27,28,33,35,39],"killed_by":"Spire Growth","ascension_level":5}}