{"host":"5gusigds1c3jyr99","time":1609816607,"event":{"mods":["Abigail Mod","AchievementEnabler","Arknights The Spire","Astrologer","BaseMod","CapriCore","ChefMod","GungeonMod","Hermit","Koishi","Marisa£¨Ùöéë¡¡Øª×âÞÞ£©","Minty Spire (QoL Compilation)","Permanent Neow","Prisma Mod","Replay The Spire","StSLib","Td1madao Mod","The Animator","The Bug Knight","The Cursed","The Death Knight","The Disciple","The Dragon Tamer","The Gatherer","The Hierophant","The Immortal","The Jungle","The Poker Player","The Senshi","The Servant 0.9.4","TheBandit","WarShipGirlsR/??á´Ò³R mod"],"gold_per_floor":[114,189,189,189,201,232,117,117,197,232,232,246,257,290,290,392,392,408,308,358,370,388,388,388,408,485,485,511,511,96,114,114,217,217,236,236,255,104,121,121,135,150,203,203,203,203,218,68,68,68],"floor_reached":51,"playtime":4956,"items_purged":["PrismaMod:MiyuCommonAttack","Languid","PrismaMod:MiyuCommonAttack","PrismaMod:MiyuCommonAttack"],"score":665,"play_id":"4fce6da8-ffd2-4a10-8479-9b54be87bf90","local_time":"20210105121647","is_ascension_mode":false,"campfire_choices":[{"data":"PrismaMod:MiyuCheapChannelDefend","floor":8,"key":"SMITH"},{"data":"PrismaMod:MiyuCheapChannelAttack","floor":15,"key":"SMITH"},{"data":"PrismaMod:MiyuOrbIncreasePerm","floor":23,"key":"SMITH"},{"data":"PrismaMod:MiyuUncommonStrBuff","floor":27,"key":"SMITH"},{"data":"PrismaMod:MiyuUncommonDefend","floor":32,"key":"SMITH"},{"data":"PrismaMod:MiyuDefendChannelDefend","floor":32,"key":"SMITH"},{"data":"PrismaMod:MiyuUncommonDexBuff","floor":40,"key":"SMITH"},{"data":"PrismaMod:MiyuCarnivalAttack","floor":40,"key":"SMITH"},{"floor":44,"key":"REST"},{"floor":49,"key":"REST"}],"circlet_count":0,"master_deck":["PrismaMod:MiyuCommonDefend","PrismaMod:MiyuCommonDefend","PrismaMod:MiyuCommonAttack","PrismaMod:MiyuCheapChannelAttack+1","PrismaMod:MiyuCheapChannelDefend+1","PrismaMod:MiyuCheapStrBuff","PrismaMod:MiyuCarnivalAttack+1","PrismaMod:MiyuDefendChannelDefend+1","PrismaMod:MiyuAttackChannelWeak","PrismaMod:MiyuOrbIncreasePerm+1","PrismaMod:MiyuCheapDefend2+1","PrismaMod:MiyuMaid+1","PrismaMod:MiyuCheapDexBuff+1","PrismaMod:MiyuChannelAttackEvoke+1","PrismaMod:MiyuUncommonAttack+1","PrismaMod:MiyuUncommonStrBuff+1","PrismaMod:MiyuUncommonDexBuff+1","PrismaMod:MiyuUncommonDefend+1","PrismaMod:MiyuBride+1","PrismaMod:MiyuCheapChannelRandom+1"],"relics":["PrismaMod:PrismaSapphire","Anchor","Lizard Tail","Chameleon Ring","DemoMod:WhiteGuonStone","Ring of Searing","ReplayTheSpireMod:Ring of Collecting","Replay:Bottled Snecko","Astrolabe","Bottled Tornado","ReplayTheSpireMod:Ring of Addiction","Toy Ornithopter","White Beast Statue","Red Mask","Ring of Hypnosis","ReplayTheSpireMod:Shallot","Replay:Arrowhead","Painkiller Herb","Guide Book","Ring of Peace","Lantern"],"acts_visited":["Exordium","TheCity","TheBeyond"],"potions_floor_usage":[16,28,31,33,33,42,47,47,50,50,50,50,50],"damage_taken":[{"damage":0,"enemies":"Small Slimes","floor":1,"turns":4},{"damage":0,"enemies":"Cultist","floor":5,"turns":4},{"damage":5,"enemies":"3 Sentries","floor":6,"turns":10},{"damage":31,"enemies":"Gremlin Nob","floor":10,"turns":7},{"damage":0,"enemies":"Jaw Worm","floor":12,"turns":4},{"damage":0,"enemies":"Exordium Wildlife","floor":13,"turns":5},{"damage":5,"enemies":"3 Sentries","floor":14,"turns":8},{"damage":0,"enemies":"Fading Forest","floor":16,"turns":11},{"damage":20,"enemies":"2 Thieves","floor":18,"turns":3},{"damage":0,"enemies":"Chosen","floor":21,"turns":6},{"damage":0,"enemies":"Shelled Parasite and Fungi","floor":22,"turns":6},{"damage":0,"enemies":"Cultist and Chosen","floor":25,"turns":6},{"damage":6,"enemies":"Masked Bandits","floor":28,"turns":6},{"damage":5,"enemies":"Snake Plant","floor":31,"turns":4},{"damage":25,"enemies":"Champ","floor":33,"turns":6},{"damage":10,"enemies":"Orb Walker","floor":35,"turns":3},{"damage":10,"enemies":"3 Shapes","floor":37,"turns":3},{"damage":33,"enemies":"Writhing Mass","floor":39,"turns":7},{"damage":4,"enemies":"Spire Growth","floor":41,"turns":3},{"damage":0,"enemies":"Jaw Worm Horde","floor":42,"turns":5},{"damage":5,"enemies":"Sphere and 2 Shapes","floor":47,"turns":7},{"damage":32,"enemies":"Replay:Hell Engine","floor":50,"turns":13}],"seed_played":"916674355055722779","potions_obtained":[{"floor":1,"key":"Ancient Potion"},{"floor":5,"key":"DemoMod:BlankPotion"},{"floor":18,"key":"DeathKnight:BottledBloodEchoes"},{"floor":26,"key":"PowerPotion"},{"floor":28,"key":"CultistPotion"},{"floor":31,"key":"ColorlessPotion"},{"floor":33,"key":"Weak Potion"},{"floor":37,"key":"DemoMod:LeadSkinPotion"},{"floor":42,"key":"ColorlessPotion"}],"is_trial":false,"path_per_floor":["M","?","?","?","M","E","$","R","T","E","?","M","M","E","R","B",null,"M","$","?","M","M","R","?","M","T","R","?","T","$","M","R","B",null,"?","?","?","T","?","T","?","?","T","T","?","T","?","T","T","B",null],"character_chosen":"MIYU","items_purchased":["PrismaMod:MiyuAttackChannelWeak","Replay:Arrowhead","Guide Book"],"campfire_rested":2,"item_purchase_floors":[7,30,38],"current_hp_per_floor":[75,64,64,64,64,59,59,59,59,28,28,28,28,23,23,33,75,55,55,55,55,55,55,55,55,55,55,54,54,54,54,54,39,75,65,65,55,55,22,22,18,23,23,44,44,44,49,49,69,47],"gold":68,"neow_bonus":"THREE_CARDS","is_daily":false,"chose_seed":false,"campfire_upgraded":8,"win_rate":0.0,"timestamp":1609816607,"path_taken":["M","?","?","?","?","E","$","R","T","E","?","M","M","E","R","BOSS","M","$","?","?","M","R","?","M","T","R","?","?","$","?","R","BOSS","?","?","?","T","?","T","?","?","T","T","?","T","?","T","T","BOSS"],"items_purchased_type":["Card","Relic","Relic"],"build_version":"2020-12-22","purchased_purges":4,"victory":true,"max_hp_per_floor":[75,75,75,75,75,75,75,75,75,75,75,75,75,75,75,75,75,75,75,75,75,75,75,75,75,75,75,75,75,75,75,75,75,75,75,75,73,73,73,71,71,71,71,71,71,69,69,69,69,69],"card_choices":[{"not_picked":["PrismaMod:MiyuUberAttack","PrismaMod:MiyuUncommonAttack"],"picked":"PrismaMod:MiyuCheapStrBuff","floor":0},{"not_picked":["PrismaMod:MiyuUncommonAttack","PrismaMod:MiyuCheapStrBuff","PrismaMod:MiyuUncommonDefend"],"picked":"SKIP","floor":1},{"not_picked":["PrismaMod:MiyuUncommonStrBuff","PrismaMod:MiyuCheapChannelHeal"],"picked":"PrismaMod:MiyuCarnivalAttack","floor":5},{"not_picked":["PrismaMod:MiyuCheapPlate","PrismaMod:MiyuCheapEvoke"],"picked":"PrismaMod:MiyuDefendChannelDefend","floor":6},{"not_picked":["PrismaMod:MiyuCheapChannelVul","PrismaMod:MiyuEvokeBuffStr","PrismaMod:MiyuUncommonAttack"],"picked":"SKIP","floor":10},{"not_picked":["PrismaMod:MiyuDefenseExplosion","PrismaMod:MiyuCheapPlate","PrismaMod:MiyuCheapEvoke"],"picked":"SKIP","floor":12},{"not_picked":["PrismaMod:MiyuCheapDefend1","PrismaMod:MiyuCheapChannelAttack","PrismaMod:MiyuCheapStrBuff"],"picked":"SKIP","floor":13},{"not_picked":["PrismaMod:MiyuCheapChannelWeak","PrismaMod:MiyuCheapEvoke"],"picked":"PrismaMod:MiyuOrbIncreasePerm","floor":14},{"not_picked":["PrismaMod:MiyuDefenseAbsorbMinor","PrismaMod:MiyuEvokeAllDefend"],"picked":"PrismaMod:MiyuCheapDefend2","floor":16},{"not_picked":["PrismaMod:MiyuUberAttack","PrismaMod:MiyuEvokeAll","PrismaMod:MiyuCarnivalAttack"],"picked":"SKIP","floor":18},{"not_picked":["PrismaMod:MiyuDefenseRemoval","PrismaMod:MiyuCheapChannelHeal","PrismaMod:MiyuDefenseExplosion"],"picked":"SKIP","floor":21},{"not_picked":["PrismaMod:MiyuDefenseExplosion","PrismaMod:MiyuEvokeCheapDefend"],"picked":"PrismaMod:MiyuUncommonAttack+1","floor":22},{"not_picked":["PrismaMod:MiyuCheapAttack1","PrismaMod:MiyuDefendChannelDefend","PrismaMod:MiyuCheapDefend1"],"picked":"SKIP","floor":25},{"not_picked":["PrismaMod:MiyuEvokeBuffDex","PrismaMod:MiyuDevil+1"],"picked":"PrismaMod:MiyuUncommonDexBuff","floor":28},{"not_picked":["PrismaMod:MiyuAttackChannelWeak+1","PrismaMod:MiyuCheapEvoke"],"picked":"PrismaMod:MiyuUncommonDefend","floor":31},{"not_picked":["PrismaMod:MiyuEvokeAllDefend","PrismaMod:MiyuChannelDefendEvoke"],"picked":"PrismaMod:MiyuBride","floor":33},{"not_picked":["PrismaMod:MiyuAttackChannelVul","PrismaMod:MiyuCheapChannelWeak+1","PrismaMod:MiyuDefenseExplosion+1"],"picked":"SKIP","floor":35},{"not_picked":["PrismaMod:MiyuCheapChannelVul+1","PrismaMod:MiyuEvokeAll+1"],"picked":"PrismaMod:MiyuCheapChannelRandom+1","floor":37},{"not_picked":["PrismaMod:MiyuMaid+1","PrismaMod:MiyuCheapChannelVul","PrismaMod:MiyuEvokeCheapAttack"],"picked":"SKIP","floor":39},{"not_picked":["PrismaMod:MiyuUncommonAttack+1","PrismaMod:MiyuUberAttack","PrismaMod:MiyuCheapDefend2"],"picked":"SKIP","floor":41},{"not_picked":["PrismaMod:MiyuAttackChannelWeak","PrismaMod:MiyuEvokeBuffDex","PrismaMod:MiyuAttackChannelAttack"],"picked":"SKIP","floor":42},{"not_picked":["PrismaMod:MiyuEvokeCheapAttack+1","PrismaMod:MiyuUberAttack+1","PrismaMod:MiyuCheapEvoke+1"],"picked":"SKIP","floor":47}],"player_experience":661938,"relics_obtained":[{"floor":6,"key":"Lizard Tail"},{"floor":9,"key":"Chameleon Ring"},{"floor":10,"key":"DemoMod:WhiteGuonStone"},{"floor":11,"key":"Ring of Searing"},{"floor":11,"key":"ReplayTheSpireMod:Ring of Collecting"},{"floor":14,"key":"Replay:Bottled Snecko"},{"floor":26,"key":"Bottled Tornado"},{"floor":26,"key":"ReplayTheSpireMod:Ring of Addiction"},{"floor":26,"key":"Toy Ornithopter"},{"floor":26,"key":"White Beast Statue"},{"floor":28,"key":"Red Mask"},{"floor":29,"key":"Ring of Hypnosis"},{"floor":29,"key":"ReplayTheSpireMod:Shallot"},{"floor":43,"key":"Ring of Peace"},{"floor":43,"key":"Lantern"}],"event_choices":[{"damage_healed":0,"gold_gain":75,"player_choice":"Gather Gold","damage_taken":11,"max_hp_gain":0,"max_hp_loss":0,"event_name":"World of Goop","floor":2,"gold_loss":0},{"damage_healed":0,"gold_gain":0,"player_choice":"Box","damage_taken":0,"relics_obtained":["Anchor"],"max_hp_gain":0,"max_hp_loss":0,"event_name":"Big Fish","floor":3,"gold_loss":0,"cards_obtained":["Regret"]},{"cards_removed":["Regret"],"damage_healed":0,"gold_gain":0,"player_choice":"Removed Curses","damage_taken":0,"max_hp_gain":0,"max_hp_loss":0,"event_name":"Fountain of Cleansing","floor":4,"gold_loss":0},{"damage_healed":0,"gold_gain":100,"player_choice":"Bet on Murderer","damage_taken":0,"max_hp_gain":0,"max_hp_loss":0,"event_name":"The Joust","floor":20,"gold_loss":50},{"damage_healed":0,"gold_gain":0,"player_choice":"Read","damage_taken":0,"max_hp_gain":0,"max_hp_loss":0,"event_name":"The Library","floor":24,"gold_loss":0,"cards_obtained":["PrismaMod:MiyuUncommonStrBuff"]},{"damage_healed":0,"gold_gain":0,"player_choice":"Fought Bandits","damage_taken":0,"max_hp_gain":0,"max_hp_loss":0,"event_name":"Masked Bandits","floor":28,"gold_loss":0},{"cards_removed":["PrismaMod:MiyuCommonDefend"],"damage_healed":0,"gold_gain":0,"player_choice":"Purged","damage_taken":0,"max_hp_gain":0,"max_hp_loss":0,"event_name":"Purifier","floor":36,"gold_loss":0},{"damage_healed":0,"gold_gain":0,"player_choice":"Ignored","damage_taken":0,"max_hp_gain":0,"max_hp_loss":0,"event_name":"SecretPortal","floor":45,"gold_loss":0}],"is_beta":false,"boss_relics":[{"not_picked":["Runic Pyramid","Snecko Eye"],"picked":"Astrolabe"},{"not_picked":["Replay:Bronze Core","Sozu"],"picked":"Painkiller Herb"}],"items_purged_floors":[7,19,30,48],"is_endless":false,"potions_floor_spawned":[1,5,13,14,18,21,28,31,33,35,37,39,41,42,47],"ascension_level":0}}