{"host":"zjc1tzo4ovig5lll","time":1609869677,"event":{"mods":["AchievementEnabler","Aspiration","BaseMod","Beaked The Cultist","Better Altar","Better Match","Better Note","Better Sensory Stone","Colored Map","Colored Powertips","Conspire","Energized Spire","Friendly Minions","GifTheSpireLib","Halation","Hermit","Hubris","Minty Spire (QoL Compilation)","Rare Cards Sparkle","Replay The Spire","StSLib","The Blue Laboratory","The Bug Knight","The Construct","The Jungle","everything is the same but u backflip on backflip","vexMod"],"gold_per_floor":[117,154,170,189,189,189,220,246,246,288,165,165,165,184,184,293,293,320,350,375,408,507,562,562,606,606,606,354,369,369,369,369,491,491,515,537,537,566,566,566,590,590,590,617,539,557,557],"floor_reached":46,"playtime":1961,"items_purged":[],"score":517,"play_id":"82e2a84d-1762-46c3-95ed-a984fe93639f","local_time":"20210105200117","is_ascension_mode":true,"campfire_choices":[{"data":"Crescendo","floor":6.0,"key":"SMITH"},{"data":"Armaments","floor":12.0,"key":"SMITH"},{"data":"Mayhem","floor":15.0,"key":"SMITH"},{"floor":24.0,"key":"REST"},{"data":"ReplayTheSpireMod:Limb From Limb","floor":27.0,"key":"SMITH"},{"floor":32.0,"key":"RECALL"},{"data":"Battle Trance","floor":40,"key":"SMITH"},{"data":"Demon Form","floor":42,"key":"SMITH"}],"circlet_count":0,"master_deck":["Strike_R","Strike_R","Strike_R","Strike_R","Strike_R","Defend_R","Defend_R","Defend_R","Defend_R","Bash","Crescendo+1","Metallicize","Perfected Strike","Perfected Strike","Iron Wave","Armaments+1","Mayhem+1","Good Instincts","Swift Strike","Pain","ReplayTheSpireMod:LeadingStrike","Inflame+1","Cleave+1","ReplayTheSpireMod:Limb From Limb+1","Outmaneuver","Adrenaline","Fire Breathing+1","Battle Trance+1","Sanctity+1","Parasite","Demon Form+1","conspire:Charge"],"relics":["Burning Blood","aspiration:Nostalgia","Replay:M_StaffOfTheSnake","Replay:Baseball","Replay:Bandana","Smiling Mask","ReplayTheSpireMod:ShopPack","WarpedTongs","vexMod:CursedCompass","CaptainsWheel","hubris:Metronome","HollowMod:PaleOreRelic","Question Card","hubris:TinFlute"],"acts_visited":["Exordium","TheCity","TheBeyond"],"potions_floor_usage":[],"damage_taken":[{"damage":6.0,"enemies":"Jaw Worm","floor":1.0,"turns":6.0},{"damage":20.0,"enemies":"conspire:MimicChest","floor":2.0,"turns":9.0},{"damage":7.0,"enemies":"Cultist","floor":3.0,"turns":3.0},{"damage":0.0,"enemies":"conspire:RoseBush","floor":4.0,"turns":3.0},{"damage":28.0,"enemies":"HollowMod:MossKnight","floor":7.0,"turns":6.0},{"damage":0.0,"enemies":"3 Louse","floor":8.0,"turns":3.0},{"damage":1.0,"enemies":"Replay:BlueRogue","floor":10.0,"turns":3.0},{"damage":1.0,"enemies":"conspire:2 RoseBushes","floor":14.0,"turns":5.0},{"damage":23.0,"enemies":"The Guardian","floor":16.0,"turns":8.0},{"damage":13.0,"enemies":"2 Thieves","floor":18.0,"turns":4.0},{"damage":4.0,"enemies":"3 Byrds","floor":19.0,"turns":5.0},{"damage":11.0,"enemies":"Shelled Parasite and Fungi","floor":20.0,"turns":3.0},{"damage":24.0,"enemies":"Chosen and Byrds","floor":21.0,"turns":6.0},{"damage":33.0,"enemies":"Slavers","floor":23.0,"turns":5.0},{"damage":12.0,"enemies":"conspire:SneckoGhost","floor":25.0,"turns":4.0},{"damage":0.0,"enemies":"conspire:HollyBat","floor":29.0,"turns":5.0},{"damage":10.0,"enemies":"Champ","floor":33.0,"turns":6.0},{"damage":1.0,"enemies":"Orb Walker","floor":35.0,"turns":3.0},{"damage":4.0,"enemies":"3 Darklings","floor":36.0,"turns":2.0},{"damage":19,"enemies":"4 Shapes","floor":38,"turns":3},{"damage":12,"enemies":"Writhing Mass","floor":41,"turns":3},{"damage":22,"enemies":"Spire Growth","floor":44,"turns":4},{"damage":58,"enemies":"R_Hoarder","floor":46,"turns":4}],"seed_played":"-9159498804427175176","potions_obtained":[{"floor":14.0,"key":"blueLaboratory:SavagePotion"},{"floor":16.0,"key":"LiquidBronze"},{"floor":33.0,"key":"BlessingOfTheForge"},{"floor":35.0,"key":"Fruit Juice"}],"is_trial":false,"path_per_floor":["M","?","M","M","?","R","E","M","T","E","$","R","?","M","R","B",null,"M","M","M","M","?","E","R","E","T","R","$","M","?","?","R","B",null,"M","M","?","M","?","R","M","R","T","M","$","E"],"character_chosen":"IRONCLAD","items_purchased":["ReplayTheSpireMod:ShopPack","Question Card","conspire:Charge"],"campfire_rested":1,"item_purchase_floors":[11,28,45],"current_hp_per_floor":[80,66,65,71,71,71,49,55,55,60,60,60,60,65,65,48,80,73,75,70,52,52,25,49,43,43,43,43,49,49,75,75,71,80,80,80,80,67,67,67,61,61,61,45,45,0,0],"gold":557,"neow_bonus":"NOSTALGIA","is_daily":false,"chose_seed":false,"campfire_upgraded":6,"win_rate":0.0,"timestamp":1609869677,"path_taken":["M","?","?","M","?","R","E","M","T","E","$","R","?","?","R","BOSS","M","M","M","M","?","E","R","E","T","R","$","M","?","?","R","BOSS","M","M","?","M","?","R","M","R","T","M","$","E"],"items_purchased_type":["Relic","Relic","Card"],"build_version":"2020-12-22","purchased_purges":0,"victory":false,"max_hp_per_floor":[80,80,80,80,80,80,80,80,80,80,80,80,80,80,80,80,80,80,80,80,80,80,80,80,80,80,80,80,80,80,80,80,80,80,80,80,80,80,80,80,80,80,80,80,80,80,80],"card_choices":[{"not_picked":["True Grit","Body Slam"],"picked":"Crescendo","floor":1.0},{"not_picked":["Setup","Pommel Strike"],"picked":"Metallicize","floor":2.0},{"not_picked":["True Grit","Havoc"],"picked":"Perfected Strike","floor":3.0},{"not_picked":["Metallicize","Well Laid Plans"],"picked":"Perfected Strike","floor":4.0},{"not_picked":["Burning Pact","hubris:CleavingFinish","Pommel Strike"],"picked":"SKIP","floor":7.0},{"not_picked":["Run Through","Anger"],"picked":"Iron Wave","floor":8.0},{"not_picked":["Dagger Throw","Berserk"],"picked":"Armaments","floor":10.0},{"not_picked":["ReplayTheSpireMod:Necrogeddon","Sadistic Nature"],"picked":"Mayhem","floor":11.0},{"not_picked":["ReplayTheSpireMod:Brewmster","Midas Touch"],"picked":"Good Instincts","floor":11.0},{"not_picked":["HandOfGreed","ReplayTheSpireMod:Uncanny Aura"],"picked":"Swift Strike","floor":11.0},{"not_picked":["Uppercut","ThirdEye"],"picked":"ReplayTheSpireMod:LeadingStrike","floor":14.0},{"not_picked":["Headbutt","Wild Strike","Body Slam"],"picked":"SKIP","floor":18.0},{"not_picked":["hubris:ReadiedAction+1","Blood for Blood+1"],"picked":"Inflame+1","floor":19.0},{"not_picked":["Iron Wave","Dual Wield+1"],"picked":"Cleave+1","floor":20.0},{"not_picked":["Replay:Undeath\u0027s Touch+1","Crescendo+1","True Grit"],"picked":"SKIP","floor":21.0},{"not_picked":["Cleave+1","Wraith Form v2","Entrench"],"picked":"SKIP","floor":23.0},{"not_picked":["True Grit","CutThroughFate"],"picked":"ReplayTheSpireMod:Limb From Limb","floor":25.0},{"not_picked":["Feel No Pain+1","Whirlwind","Crescendo"],"picked":"Outmaneuver","floor":29.0},{"not_picked":["Impervious","Exhume","conspire:HitWhereItHurts"],"picked":"Adrenaline","floor":33.0},{"not_picked":["Dual Wield+1","Clothesline","Battle Trance"],"picked":"Fire Breathing+1","floor":35.0},{"not_picked":["hubris:ReadiedAction","ReplayTheSpireMod:Strike From Hell","Wild Strike"],"picked":"Battle Trance","floor":36.0},{"not_picked":["Acrobatics+1","Clash+1","Clothesline"],"picked":"Sanctity+1","floor":38},{"not_picked":["Feel No Pain+1","Thunderclap+1","CutThroughFate+1"],"picked":"Demon Form","floor":41},{"not_picked":["Shockwave","hubris:ReadiedAction","Flying Knee+1","Dark Embrace"],"picked":"SKIP","floor":44}],"player_experience":611976,"relics_obtained":[{"floor":2.0,"key":"Replay:Baseball"},{"floor":7.0,"key":"Replay:Bandana"},{"floor":10.0,"key":"Smiling Mask"},{"floor":23.0,"key":"CaptainsWheel"},{"floor":25.0,"key":"hubris:Metronome"},{"floor":26.0,"key":"HollowMod:PaleOreRelic"},{"floor":43,"key":"hubris:TinFlute"}],"event_choices":[{"damage_healed":0.0,"max_hp_gain":0.0,"max_hp_loss":0.0,"gold_gain":0.0,"event_name":"Scrap Ooze","player_choice":"Fled","floor":5.0,"gold_loss":0.0,"damage_taken":0.0},{"damage_healed":0.0,"max_hp_gain":0.0,"max_hp_loss":0.0,"gold_gain":0.0,"event_name":"Accursed Blacksmith","player_choice":"Rummage","floor":13.0,"gold_loss":0.0,"damage_taken":0.0,"relics_obtained":["WarpedTongs"],"cards_obtained":["Pain"]},{"damage_healed":0.0,"max_hp_gain":0.0,"max_hp_loss":0.0,"gold_gain":99.0,"event_name":"Nest","player_choice":"Stole From Cult","floor":22.0,"gold_loss":0.0,"damage_taken":0.0},{"damage_healed":0.0,"max_hp_gain":0.0,"max_hp_loss":0.0,"gold_gain":0.0,"event_name":"conspire:Investor","player_choice":"Leave","floor":30.0,"gold_loss":0.0,"damage_taken":0.0},{"damage_healed":26.0,"max_hp_gain":0.0,"max_hp_loss":0.0,"gold_gain":0.0,"event_name":"The Library","player_choice":"Heal","floor":31.0,"gold_loss":0.0,"damage_taken":0.0},{"damage_healed":0,"gold_gain":0,"player_choice":"Ignored","damage_taken":0,"max_hp_gain":0,"max_hp_loss":0,"event_name":"Tomb of Lord Red Mask","floor":39,"gold_loss":0}],"is_beta":false,"boss_relics":[{"not_picked":["halation:Yufonium","halation:Risk"],"picked":"vexMod:CursedCompass"},{"not_picked":["Replay:Bronze Core","halation:CatFaceCupcake","energizedSpire:TabascoSauce"]}],"items_purged_floors":[],"is_endless":false,"potions_floor_spawned":[3,10,14,16,25,29,33,35,36],"killed_by":"R_Hoarder","ascension_level":2}}