{"host":"ig7tc0uedzltt2sr","time":1609829979,"event":{"mods":["BaseMod","Better Twitch Integration","Block Reminder","Colored Map","Colored Powertips","Communication Mod","Current Relic Mod","GifTheSpireLib","HexUI Lib","Minty Spire (QoL Compilation)","Quick Restart","Random Character Button","Rare Cards Sparkle","Relic Sorter","Relic Stats","Slay the Relics Exporter","StSLib","SuperFastMode","Synergy Search","Twitch Decklist","Twitch Utils","everything is the same but u backflip on backflip","slay the spire mod where everything is the same but ironclad has a cowboy hat"],"gold_per_floor":[119,130,80,90,265,265,276,0,0,0,11,11,25,44,44,44,44],"floor_reached":16,"playtime":105,"items_purged":[],"score":94,"play_id":"cc1fced3-dac4-4e6a-8426-0d5f1fe35995","local_time":"20210104225939","is_ascension_mode":false,"campfire_choices":[{"data":"Strike_R","floor":6,"key":"SMITH"},{"data":"Defend_R","floor":12,"key":"SMITH"},{"data":"True Grit","floor":15,"key":"SMITH"}],"circlet_count":0,"master_deck":["Strike_R+1","Strike_R","Strike_R","Strike_R","Strike_R","Defend_R+1","Defend_R","Defend_R","Defend_R","Clash","Pummel","Anger","Doubt","Armaments","Deep Breath","True Grit+1","Clothesline","Intimidate","True Grit"],"relics":["Burning Blood","NeowsBlessing","ClockworkSouvenir","Letter Opener"],"acts_visited":["Exordium"],"potions_floor_usage":[],"damage_taken":[{"damage":0,"enemies":"2 Louse","floor":1,"turns":2},{"damage":0,"enemies":"Jaw Worm","floor":2,"turns":1},{"damage":0,"enemies":"Cultist","floor":4,"turns":1},{"damage":31,"enemies":"Gremlin Gang","floor":7,"turns":7},{"damage":1,"enemies":"Exordium Thugs","floor":11,"turns":5},{"damage":13,"enemies":"Red Slaver","floor":13,"turns":6},{"damage":1,"enemies":"Large Slime","floor":14,"turns":5},{"damage":87,"enemies":"Hexaghost","floor":16,"turns":16}],"seed_played":"7245203946536162314","potions_obtained":[{"floor":2,"key":"ElixirPotion"},{"floor":11,"key":"FairyPotion"},{"floor":13,"key":"EssenceOfSteel"}],"is_trial":false,"path_per_floor":["M","M","?","M","?","R","M","$","T","$","M","R","M","M","R","B"],"character_chosen":"IRONCLAD","items_purchased":["ClockworkSouvenir","Deep Breath","True Grit"],"campfire_rested":0,"item_purchase_floors":[8,8,8],"current_hp_per_floor":[80,80,80,80,80,80,55,55,55,55,60,60,53,58,58,0,0],"gold":44,"neow_bonus":"THREE_ENEMY_KILL","is_daily":false,"chose_seed":false,"campfire_upgraded":3,"win_rate":0.0,"timestamp":1609829979,"path_taken":["M","M","?","M","?","R","M","?","T","$","M","R","M","M","R","BOSS"],"items_purchased_type":["Relic","Card","Card"],"build_version":"2020-12-22","purchased_purges":0,"victory":false,"max_hp_per_floor":[80,80,80,80,80,80,80,80,80,80,80,80,80,80,80,80,80],"relic_stats":{"counters":[8,43],"Letter Opener":[37],"obtain_stats":[{"NeowsBlessing":0,"Letter Opener":9,"Burning Blood":0,"ClockworkSouvenir":8},{"NeowsBlessing":0,"Letter Opener":4,"Burning Blood":0,"ClockworkSouvenir":4},{"NeowsBlessing":0,"Letter Opener":11,"Burning Blood":0,"ClockworkSouvenir":11}],"Burning Blood":24},"card_choices":[{"not_picked":["Flex","Anger"],"picked":"Clash","floor":1},{"not_picked":["Pommel Strike","Sword Boomerang"],"picked":"Pummel","floor":2},{"not_picked":["Perfected Strike","Warcry"],"picked":"Anger","floor":4},{"not_picked":["Anger","Flex"],"picked":"Armaments","floor":7},{"not_picked":["True Grit","Entrench"],"picked":"Clothesline","floor":11},{"not_picked":["Shrug It Off","Perfected Strike"],"picked":"Intimidate","floor":13},{"not_picked":["Heavy Blade","Iron Wave"],"picked":"True Grit","floor":14}],"player_experience":1429761,"relics_obtained":[{"floor":9,"key":"Letter Opener"}],"event_choices":[{"cards_removed":["Bash"],"damage_healed":0,"gold_gain":0,"player_choice":"Card Removal","damage_taken":0,"max_hp_gain":0,"max_hp_loss":0,"event_name":"The Cleric","floor":3,"gold_loss":50},{"damage_healed":0,"gold_gain":175,"player_choice":"AGREE","damage_taken":0,"max_hp_gain":0,"max_hp_loss":0,"event_name":"Liars Game","floor":5,"gold_loss":0,"cards_obtained":["Doubt"]}],"is_beta":false,"boss_relics":[],"items_purged_floors":[],"is_endless":false,"potions_floor_spawned":[2,11,13],"killed_by":"Hexaghost","ascension_level":0}}