{"host":"aav8addp4mncoxty","time":1609853819,"event":{"mods":["AchievementEnabler","Act Like it!","Arknights The Spire","BaseMod","CapriCore","GungeonMod","Hallownest","Hermit","Koishi","Lobotomy","Minty Spire (QoL Compilation)","Prisma Mod","Replay The Spire","StSLib","The Bug Knight","The Cursed","The Dragon Tamer","The Hierophant","The Immortal","The Jungle","The Poker Player","The Runesmith","WarShipGirlsR/??á´Ò³R mod"],"gold_per_floor":[114,114,131,201,218,218,218,252,252,268,268,298,313,238,238,238,238],"floor_reached":16,"playtime":1253,"items_purged":[],"score":110,"play_id":"380bcc2c-442d-4cf7-b385-b50157a2c647","local_time":"20210105223659","is_ascension_mode":false,"campfire_choices":[{"data":"hermit:Covet","floor":6,"key":"SMITH"},{"floor":11,"key":"REST"},{"floor":15,"key":"REST"}],"circlet_count":0,"master_deck":["hermit:Strike_Hermit","hermit:Strike_Hermit","hermit:Strike_Hermit","hermit:Defend_Hermit","hermit:Defend_Hermit","hermit:Defend_Hermit","hermit:Snapshot","hermit:Covet+1","hermit:PistolWhip","hermit:Misfire","hermit:TrackingShot","hermit:Quickdraw","hermit:Roughhouse","hermit:CursedWeapon","hermit:BigShot+1","hermit:SprayPray","Hallownest:skillGreenpathMap"],"relics":["hermit:Momento","Hallownest:DreamNailRelic","Frozen Egg 2","HollowMod:PaleOreRelic","Boot"],"acts_visited":["Exordium"],"potions_floor_usage":[7,16,16,16],"damage_taken":[{"damage":0,"enemies":"Hallownest:2_MossCreeps","floor":1,"turns":6},{"damage":0,"enemies":"Hallownest:monsterHuskWarrior","floor":3,"turns":4},{"damage":4,"enemies":"Hallownest:monsterHuskGuard","floor":5,"turns":4},{"damage":9,"enemies":"Hallownest:monsterMarmu","floor":7,"turns":3},{"damage":4,"enemies":"Hallownest:eliteVengeflyKing","floor":8,"turns":4},{"damage":4,"enemies":"Hallownest:2_Tiktiks_1_Baldur_1_Crawlid","floor":10,"turns":3},{"damage":20,"enemies":"Hallownest:eliteCrystalGuardian","floor":12,"turns":5},{"damage":5,"enemies":"Hallownest:Wandering_and_Horned","floor":13,"turns":3},{"damage":47,"enemies":"Hallownest:BossHornet","floor":16,"turns":4}],"seed_played":"-1856306324960456434","potions_obtained":[{"floor":3,"key":"Doom Potion"},{"floor":4,"key":"Reflective Coating"},{"floor":4,"key":"FearPotion"},{"floor":8,"key":"Dexterity Potion"},{"floor":10,"key":"Strength Potion"},{"floor":12,"key":"Swift Potion"}],"is_trial":false,"path_per_floor":["M","?","M","?","M","R","?","E","T","M","R","E","M","?","R","B"],"character_chosen":"HERMIT","items_purchased":[],"campfire_rested":2,"item_purchase_floors":[],"current_hp_per_floor":[75,75,75,45,41,41,32,28,28,24,46,26,21,21,43,0,0],"gold":238,"neow_bonus":"","is_daily":false,"chose_seed":false,"campfire_upgraded":1,"win_rate":0.0,"timestamp":1609853819,"path_taken":["M","?","?","?","?","R","?","E","T","M","R","E","M","?","R","BOSS"],"items_purchased_type":[],"build_version":"2020-12-22","purchased_purges":0,"victory":false,"max_hp_per_floor":[75,75,75,75,75,75,75,75,75,75,75,75,75,75,75,75,75],"card_choices":[{"not_picked":["hermit:HoleUp","hermit:Roulette"],"picked":"hermit:PistolWhip","floor":1},{"not_picked":["hermit:Grudge","hermit:HoleUp"],"picked":"hermit:Misfire","floor":3},{"not_picked":["hermit:Headshot","hermit:Deadeye"],"picked":"hermit:TrackingShot","floor":4},{"not_picked":["hermit:Desperado","hermit:Misfire"],"picked":"hermit:Quickdraw","floor":5},{"not_picked":["hermit:Manifest","hermit:EternalForm"],"picked":"hermit:Roughhouse","floor":8},{"not_picked":["hermit:Headshot","hermit:Manifest"],"picked":"hermit:CursedWeapon","floor":10},{"not_picked":["hermit:CalledShot","hermit:Grudge"],"picked":"hermit:BigShot+1","floor":12},{"not_picked":["hermit:Dive","hermit:PistolWhip"],"picked":"hermit:SprayPray","floor":13}],"player_experience":213774,"relics_obtained":[{"floor":8,"key":"Frozen Egg 2"},{"floor":9,"key":"HollowMod:PaleOreRelic"},{"floor":12,"key":"Boot"}],"event_choices":[],"is_beta":false,"boss_relics":[],"items_purged_floors":[],"is_endless":false,"potions_floor_spawned":[3,7,8,10,12],"killed_by":"Hallownest:BossHornet","ascension_level":0}}