{"host":"0jile2yd1dg679g0","time":1609807794,"event":{"mods":["AchievementEnabler","Act Like it!","BaseMod","Better Third Choice","Colored Map","Colored Powertips","Gensokyo","Hermit","Luminous","Marisa????????","Minty Spire (QoL Compilation)","Random Character Button","Spicy Shops","StSLib","The Servant 0.9.4","Transform Curses","Waifu the Spire"],"gold_per_floor":[160,171,185,185,202,202,14,14,65,78,78,90,101,51,51,150,150,150,150],"floor_reached":18,"playtime":1250,"items_purged":["Normality"],"score":185,"play_id":"f67c219b-5eba-4be6-ab99-97f5ff0cadc2","local_time":"20210104194954","is_ascension_mode":true,"campfire_choices":[{"data":"Cloak And Dagger","floor":6,"key":"SMITH"},{"data":"Cloak And Dagger","floor":8,"key":"SMITH"},{"data":"Choke","floor":11,"key":"SMITH"},{"data":"Accuracy","floor":15,"key":"SMITH"}],"circlet_count":0,"master_deck":["Strike_G","Strike_G","Strike_G+1","Strike_G","Defend_G","Defend_G","Defend_G","Defend_G","Defend_G","Survivor","Neutralize","Deadly Poison","Cloak And Dagger+1","Accuracy+1","Well Laid Plans","Choke+1","Cloak And Dagger+1","Crippling Poison","Blade Dance","Storm of Steel"],"relics":["Tiny House","Bag of Preparation","Happy Flower","Velvet Choker"],"acts_visited":["Exordium","TheCity"],"potions_floor_usage":[5],"damage_taken":[{"damage":5,"enemies":"Jaw Worm","floor":1,"turns":4},{"damage":2,"enemies":"Cultist","floor":2,"turns":4},{"damage":1,"enemies":"Small Slimes","floor":3,"turns":4},{"damage":4,"enemies":"Looter","floor":5,"turns":4},{"damage":2,"enemies":"Blue Slaver","floor":10,"turns":3},{"damage":13,"enemies":"Exordium Wildlife","floor":12,"turns":4},{"damage":0,"enemies":"Looter","floor":13,"turns":2},{"damage":31,"enemies":"The Guardian","floor":16,"turns":8},{"damage":3,"enemies":"Shell Parasite","floor":18,"turns":2}],"seed_played":"6974101945874031437","potions_obtained":[{"floor":0,"key":"ColorlessPotion"},{"floor":4,"key":"BlessingOfTheForge"},{"floor":4,"key":"EssenceOfSteel"},{"floor":5,"key":"SkillPotion"},{"floor":10,"key":"FearPotion"}],"is_trial":false,"path_per_floor":["M","M","M","?","M","R","$","R","T","M","R","M","M","?","R","B",null,"M"],"character_chosen":"THE_SILENT","items_purchased":["Cloak And Dagger","Bag of Preparation"],"campfire_rested":0,"item_purchase_floors":[7,7],"current_hp_per_floor":[70,68,67,67,63,63,63,63,63,61,61,48,48,48,48,17,75,72,72],"gold":150,"neow_bonus":"BOSS_RELIC","is_daily":false,"chose_seed":false,"campfire_upgraded":4,"win_rate":0.0,"timestamp":1609807794,"path_taken":["M","M","M","?","M","R","$","R","T","M","R","M","?","?","R","BOSS","M"],"items_purchased_type":["Card","Relic"],"build_version":"2020-12-22","purchased_purges":1,"victory":false,"max_hp_per_floor":[75,75,75,75,75,75,75,75,75,75,75,75,75,75,75,75,75,75,75],"card_choices":[{"not_picked":["Deflect","Slice"],"picked":"Deadly Poison","floor":0},{"not_picked":["Dagger Throw","Concentrate"],"picked":"Cloak And Dagger","floor":1},{"not_picked":["Deflect","Bane"],"picked":"Accuracy","floor":2},{"not_picked":["Underhanded Strike","Flechettes"],"picked":"Well Laid Plans","floor":3},{"not_picked":["Quick Slash","Dagger Throw"],"picked":"Choke","floor":5},{"not_picked":["Dagger Spray","Prepared"],"picked":"Crippling Poison","floor":10},{"not_picked":["Dodge and Roll","Prepared"],"picked":"Blade Dance","floor":12},{"not_picked":["Dagger Throw","Flechettes","Deadly Poison"],"picked":"SKIP","floor":13},{"not_picked":["Envenom","Wraith Form v2"],"picked":"Storm of Steel","floor":16}],"player_experience":239658,"relics_obtained":[{"floor":9,"key":"Happy Flower"}],"event_choices":[{"damage_healed":0,"gold_gain":0,"player_choice":"Got Potions","damage_taken":0,"max_hp_gain":0,"max_hp_loss":0,"event_name":"Lab","floor":4,"gold_loss":0},{"cards_removed":["Strike_G"],"damage_healed":0,"gold_gain":0,"player_choice":"Card Removal","damage_taken":0,"max_hp_gain":0,"max_hp_loss":0,"event_name":"The Cleric","floor":14,"gold_loss":50}],"is_beta":false,"boss_relics":[{"not_picked":["Snecko Eye","Coffee Dripper"],"picked":"Velvet Choker"}],"items_purged_floors":[7],"is_endless":false,"potions_floor_spawned":[5,10,12,13],"killed_by":"Shell Parasite","ascension_level":4}}