{"host":"sc0o2qwpf9j16a4i","time":1609837037,"event":{"mods":["AchievementEnabler","BaseMod","BetterRewards","Block Reminder","Colored Map","Colored Powertips","Custom Start","Highlight Path","Minty Spire (QoL Compilation)","Relic Stats"],"gold_per_floor":[115,133,151,151,171,171,186,211,211,222,235,235,23,53,53,125,125,143,58,8,8,31,31,31],"floor_reached":23,"playtime":611,"items_purged":["Strike_B","Defend_B"],"score":602,"play_id":"439a031d-afde-4e38-8309-972b6e470d20","local_time":"20210105105717","is_ascension_mode":true,"campfire_choices":[{"floor":6.0,"key":"REST"},{"data":"Buffer","floor":12.0,"key":"SMITH"},{"data":"Defragment","floor":15.0,"key":"SMITH"}],"circlet_count":0,"master_deck":["AscendersBane","Strike_B","Strike_B","Strike_B+1","Defend_B+1","Defend_B","Defend_B","Zap","Dualcast","Lockon","Hologram","Compile Driver","Cold Snap","Conserve Battery","Undo","Buffer+1","Ball Lightning","Reinforced Body","Defragment+1","Seek","Creative AI","Glacier","Pain"],"relics":["Cracked Core","Membership Card","Tiny Chest","Dream Catcher","White Beast Statue","Meat on the Bone","Cables","Nunchaku","Velvet Choker","Unceasing Top","WarpedTongs","Regal Pillow"],"acts_visited":["Exordium","TheCity"],"potions_floor_usage":[23,23],"damage_taken":[{"damage":0.0,"enemies":"Small Slimes","floor":1.0,"turns":2.0},{"damage":0.0,"enemies":"2 Louse","floor":2.0,"turns":2.0},{"damage":0.0,"enemies":"Cultist","floor":3.0,"turns":2.0},{"damage":4.0,"enemies":"Blue Slaver","floor":5.0,"turns":3.0},{"damage":1.0,"enemies":"Looter","floor":7.0,"turns":3.0},{"damage":10.0,"enemies":"Lagavulin","floor":8.0,"turns":8.0},{"damage":3.0,"enemies":"3 Louse","floor":10.0,"turns":3.0},{"damage":3.0,"enemies":"Blue Slaver","floor":11.0,"turns":5.0},{"damage":2.0,"enemies":"3 Sentries","floor":14.0,"turns":7.0},{"damage":5.0,"enemies":"The Guardian","floor":16.0,"turns":8.0},{"damage":11.0,"enemies":"2 Thieves","floor":18.0,"turns":4.0},{"damage":51,"enemies":"Slavers","floor":23,"turns":4}],"seed_played":"-4231564066143605045","potions_obtained":[{"floor":2.0,"key":"Fire Potion"},{"floor":3.0,"key":"BlessingOfTheForge"},{"floor":8.0,"key":"PowerPotion"},{"floor":16.0,"key":"EssenceOfDarkness"}],"is_trial":false,"path_per_floor":["M","M","M","?","M","R","M","E","T","M","M","R","$","E","R","B",null,"M","?","$","?","T","E"],"character_chosen":"DEFECT","items_purchased":["Membership Card","Tiny Chest","Dream Catcher","Lockon","Defragment","Cables"],"campfire_rested":1,"item_purchase_floors":[0,0,0,0,13,13],"current_hp_per_floor":[52,52,52,31,27,48,47,37,37,46,43,43,43,41,41,36,62,51,51,51,51,51,0,0],"gold":31,"neow_bonus":"","is_daily":false,"chose_seed":false,"campfire_upgraded":2,"win_rate":0.0,"timestamp":1609837037,"path_taken":["M","M","M","?","M","R","M","E","T","M","M","R","$","E","R","BOSS","M","?","$","?","?","E"],"items_purchased_type":["Relic","Relic","Relic","Card","Card","Relic"],"build_version":"2020-12-22","purchased_purges":2,"victory":false,"max_hp_per_floor":[71,71,71,71,71,71,71,71,71,71,71,71,71,71,71,71,71,71,71,71,71,71,71,71],"relic_stats":{"Dream Catcher":1,"Nunchaku":[2],"Regal Pillow":0,"counters":[22,95],"Tiny Chest":1,"obtain_stats":[{"Regal Pillow":22,"Velvet Choker":17,"White Beast Statue":8,"Cables":12,"WarpedTongs":21,"DataDisk":14,"Dream Catcher":0,"Nunchaku":14,"Matryoshka":9,"Tiny Chest":0,"Fusion Hammer":17,"Membership Card":0,"Cracked Core":0,"Unceasing Top":19,"Meat on the Bone":12},{"Regal Pillow":21,"Velvet Choker":20,"White Beast Statue":16,"Cables":5,"WarpedTongs":21,"DataDisk":6,"Dream Catcher":10,"Nunchaku":19,"Matryoshka":4,"Tiny Chest":10,"Fusion Hammer":7,"Membership Card":10,"Cracked Core":0,"Unceasing Top":21,"Meat on the Bone":5},{"Regal Pillow":91,"Velvet Choker":87,"White Beast Statue":64,"Cables":11,"WarpedTongs":91,"DataDisk":15,"Dream Catcher":44,"Nunchaku":79,"Matryoshka":10,"Tiny Chest":44,"Fusion Hammer":28,"Membership Card":44,"Cracked Core":0,"Unceasing Top":91,"Meat on the Bone":11}],"Unceasing Top":[0],"Meat on the Bone":24,"Cables":[48,28,20,0,0],"WarpedTongs":[4]},"card_choices":[{"not_picked":["Sunder","Storm"],"picked":"Hologram","floor":1.0},{"not_picked":["Conserve Battery","Stack"],"picked":"Compile Driver","floor":2.0},{"not_picked":["Compile Driver","FTL"],"picked":"Cold Snap","floor":3.0},{"not_picked":["Loop","Compile Driver"],"picked":"Conserve Battery","floor":5.0},{"not_picked":["Compile Driver","Coolheaded"],"picked":"Undo","floor":6.0},{"not_picked":["Sunder","Cold Snap"],"picked":"Buffer","floor":7.0},{"not_picked":["Chill","Hello World","Redo"],"picked":"SKIP","floor":8.0},{"not_picked":["Conserve Battery","Cold Snap"],"picked":"Ball Lightning","floor":10.0},{"not_picked":["Rebound","Sweeping Beam"],"picked":"Reinforced Body","floor":11.0},{"not_picked":["FTL","Chill"],"picked":"Seek","floor":14.0},{"not_picked":["Rainbow","Meteor Strike"],"picked":"Creative AI","floor":16.0},{"not_picked":["Chaos","Barrage"],"picked":"Glacier","floor":18.0}],"player_experience":545101,"relics_obtained":[{"floor":8.0,"key":"White Beast Statue"},{"floor":9.0,"key":"Meat on the Bone"},{"floor":14.0,"key":"Nunchaku"},{"floor":22.0,"key":"Regal Pillow"}],"event_choices":[{"damage_healed":0.0,"max_hp_gain":0.0,"max_hp_loss":0.0,"gold_gain":0.0,"event_name":"Shining Light","player_choice":"Entered Light","floor":4.0,"gold_loss":0.0,"damage_taken":21.0,"cards_upgraded":["Defend_B","Strike_B"]},{"damage_healed":0.0,"max_hp_gain":0.0,"max_hp_loss":0.0,"gold_gain":0.0,"event_name":"Addict","player_choice":"Obtained Relic","floor":19.0,"gold_loss":85.0,"damage_taken":0.0,"relics_obtained":["Unceasing Top"]},{"damage_healed":0.0,"max_hp_gain":0.0,"max_hp_loss":0.0,"gold_gain":0.0,"event_name":"Accursed Blacksmith","player_choice":"Rummage","floor":21.0,"gold_loss":0.0,"damage_taken":0.0,"relics_obtained":["WarpedTongs"],"cards_obtained":["Pain"]}],"is_beta":false,"boss_relics":[{"not_picked":["Philosopher\u0027s Stone","Pandora\u0027s Box"],"picked":"Velvet Choker"}],"items_purged_floors":[13,20],"is_endless":false,"potions_floor_spawned":[2,3,8,10,11,14,16,18],"killed_by":"Slavers","ascension_level":20}}