{"host":"bid6lzrefpuw0ao6","time":1609823095,"event":{"mods":["ATMod(阿瑾Mod)","AchievementEnabler","Act Like it!","BaseMod","BetterRewards","Colored Powertips","Faster Ascension Climbing","Gold Saver","HumanHunterMod(怪物杀人mod)","Library of Ruina","Minty Spire (QoL Compilation)","MostiFishMod","Quick Restart","Relic Stats","RumiaBox-露米娅的神秘盒子","Shop Mod","Spicy Shops","StSLib","SuperFastMode","TestMod","[功能]商店购物价格优惠80%","【功能Mod】混沌之环修复补丁","【功能Mod】精心准备","【遗物Mod】简单游戏","没有小屋子和绿帽子啦","篝火指南"],"gold_per_floor":[1474,1474,1495,1526,1559,1300,1337,1386,1437,1457,1491,1218,1274,1292,1002,1041,1041],"floor_reached":16,"playtime":2613,"items_purged":["Defend_P","Strike_P","Strike_P","Strike_P","Strike_P+1"],"score":378,"play_id":"c704ed19-8bc1-4819-97e7-fb9c74ce9e9a","local_time":"20210105130455","is_ascension_mode":true,"campfire_choices":[],"circlet_count":0,"master_deck":["Defend_P","Defend_P","Defend_P","Eruption","Vigilance","Brilliance","MentalFortress","ClearTheMind","Prostrate","InnerPeace","FlurryOfBlows","CarveReality","Tantrum","WheelKick","BowlingBash","Adaptation"],"relics":["PureWater","DaveBox","testmod-TestBox","EasyRelic","AT_ATBox","DianPoetry","testmod-ArcanaOfDestiny","testmod-TurbochargingSystem","testmod-Acrobat","Meat on the Bone","AT_RabadonDeathcap","SynthV:TestCard","MerchantsRug","GodSword7","Ancient Tea Set","Darkstone Periapt","Chemical X","PageOfSpiderBud","Juzu Bracelet","White Beast Statue","AT_Manta","ImprovedEquipment","TheAbacus","StrikeDummy","Odd Mushroom","Du-Vu Doll","HandDrill","AT_SunfireAegis","testmod-DragonStarHat","PageOfPorccubus"],"acts_visited":["Exordium"],"potions_floor_usage":[8,8,14,16],"damage_taken":[{"damage":3.0,"enemies":"Jaw Worm","floor":1.0,"turns":5.0},{"damage":4,"enemies":"Cultist","floor":3,"turns":4},{"damage":0,"enemies":"Small Slimes","floor":4,"turns":6},{"damage":0,"enemies":"Blue Slaver","floor":5,"turns":6},{"damage":9,"enemies":"3 Louse","floor":7,"turns":7},{"damage":67,"enemies":"Gremlin Nob","floor":8,"turns":5},{"damage":3,"enemies":"Large Slime","floor":10,"turns":5},{"damage":0,"enemies":"Lagavulin","floor":11,"turns":4},{"damage":42,"enemies":"The Mushroom Lair","floor":13,"turns":5},{"damage":2,"enemies":"Looter","floor":14,"turns":3},{"damage":52,"enemies":"Hexaghost","floor":16,"turns":14}],"seed_played":"-4767235125890971854","potions_obtained":[{"floor":5,"key":"DistilledChaos"},{"floor":8,"key":"LiquidMemories"},{"floor":10,"key":"testmod-TestPotion"},{"floor":14,"key":"testmod-SpacePotion"}],"is_trial":false,"path_per_floor":["M","?","M","M","M","R","M","E","T","M","E","R","?","M","R","B"],"character_chosen":"WATCHER","items_purchased":["testmod-TurbochargingSystem","testmod-Acrobat","Brilliance","Meat on the Bone","MentalFortress","MerchantsRug","GodSword7","Ancient Tea Set","Darkstone Periapt","CarveReality","Chemical X","Explosive Potion","Swift Potion","PageOfSpiderBud","AT_Manta","ImprovedEquipment","TheAbacus","StrikeDummy","Du-Vu Doll","HandDrill","AT_SunfireAegis","testmod-DragonStarHat","Adaptation","Swift Potion","GamblersBrew","FearPotion","PageOfPorccubus"],"campfire_rested":0,"item_purchase_floors":[0,0,0,0,0,6,6,6,6,6,6,6,6,6,12,12,12,12,15,15,15,15,15,15,15,15,15],"current_hp_per_floor":[49,49,45,45,46,46,37,37,37,46,46,46,16,26,26,0,0],"gold":1041,"neow_bonus":"","is_daily":false,"chose_seed":false,"campfire_upgraded":0,"win_rate":0.0,"timestamp":1609823095,"path_taken":["M","?","M","M","M","R","?","E","T","M","E","R","?","M","R","BOSS"],"items_purchased_type":["Relic","Relic","Card","Relic","Card","Relic","Relic","Relic","Relic","Card","Relic","Potion","Potion","Relic","Relic","Relic","Relic","Relic","Relic","Relic","Relic","Relic","Card","Potion","Potion","Potion","Relic"],"build_version":"2020-12-22","purchased_purges":5,"victory":false,"max_hp_per_floor":[68,68,68,68,68,68,68,68,68,68,68,68,68,68,68,68,68],"relic_stats":{"Darkstone Periapt":0,"TheAbacus":[48],"counters":[18,94],"Juzu Bracelet":0,"HandDrill":[4],"Chemical X":[1],"obtain_stats":[{"Darkstone Periapt":6,"AT_ATBox":0,"DaveBox":0,"DianPoetry":0,"PageOfAlriune":6,"BirthdayGift-Icosahedron":4,"Juzu Bracelet":11,"PageOfSingingMachine":10,"Whetstone":11,"Ancient Tea Set":6,"Old Coin":0,"PageOfSpiderBud":6,"TheAbacus":12,"Pantograph":9,"testmod-DragonStarHat":15,"HandDrill":15,"Chemical X":6,"testmod-ArcanaOfDestiny":0,"DSteel32":0,"AT_ForceNature":4,"MerchantsRug":4,"AT_RabadonDeathcap":0,"Lee\u0027s Waffle":11,"testmod-TestBox":0,"AT_Manta":12,"ImprovedEquipment":12,"Oddly Smooth Stone":4,"testmod-TurbochargingSystem":0,"Odd Mushroom":13,"White Beast Statue":11,"EasyRelic":0,"Du-Vu Doll":15,"SynthV:TestCard":1,"Shuriken":8,"testmod-Acrobat":0,"GodSword7":6,"FixedStarFall":0,"PageOfPorccubus":11,"PureWater":0,"AT_SunfireAegis":15,"StrikeDummy":12,"testmod-OneHitWonder":4,"Meat on the Bone":0},{"Darkstone Periapt":11,"AT_ATBox":0,"DaveBox":0,"DianPoetry":0,"PageOfAlriune":3,"BirthdayGift-Icosahedron":1,"Juzu Bracelet":6,"PageOfSingingMachine":6,"Whetstone":6,"Ancient Tea Set":11,"Old Coin":0,"PageOfSpiderBud":11,"TheAbacus":15,"Pantograph":5,"testmod-DragonStarHat":17,"HandDrill":17,"Chemical X":11,"testmod-ArcanaOfDestiny":0,"DSteel32":0,"AT_ForceNature":1,"MerchantsRug":1,"AT_RabadonDeathcap":7,"Lee\u0027s Waffle":6,"testmod-TestBox":0,"AT_Manta":15,"ImprovedEquipment":15,"Oddly Smooth Stone":1,"testmod-TurbochargingSystem":0,"Odd Mushroom":16,"White Beast Statue":15,"EasyRelic":0,"Du-Vu Doll":17,"SynthV:TestCard":1,"Shuriken":5,"testmod-Acrobat":7,"GodSword7":11,"FixedStarFall":0,"PageOfPorccubus":6,"PureWater":0,"AT_SunfireAegis":17,"StrikeDummy":15,"testmod-OneHitWonder":1,"Meat on the Bone":7},{"Darkstone Periapt":51,"AT_ATBox":0,"DaveBox":0,"DianPoetry":0,"PageOfAlriune":14,"BirthdayGift-Icosahedron":7,"Juzu Bracelet":27,"PageOfSingingMachine":27,"Whetstone":27,"Ancient Tea Set":51,"Old Coin":0,"PageOfSpiderBud":51,"TheAbacus":72,"Pantograph":22,"testmod-DragonStarHat":80,"HandDrill":80,"Chemical X":51,"testmod-ArcanaOfDestiny":0,"DSteel32":0,"AT_ForceNature":7,"MerchantsRug":7,"AT_RabadonDeathcap":30,"Lee\u0027s Waffle":27,"testmod-TestBox":0,"AT_Manta":72,"ImprovedEquipment":72,"Oddly Smooth Stone":7,"testmod-TurbochargingSystem":0,"Odd Mushroom":77,"White Beast Statue":72,"EasyRelic":0,"Du-Vu Doll":80,"SynthV:TestCard":7,"Shuriken":22,"testmod-Acrobat":30,"GodSword7":51,"FixedStarFall":0,"PageOfPorccubus":27,"PureWater":0,"AT_SunfireAegis":80,"StrikeDummy":72,"testmod-OneHitWonder":7,"Meat on the Bone":30}],"Meat on the Bone":36},"card_choices":[{"not_picked":["FollowUp","SashWhip"],"picked":"ClearTheMind","floor":1.0},{"not_picked":["JustLucky","Halt","CutThroughFate","EmptyFist"],"picked":"InnerPeace","floor":3},{"not_picked":["Pray","EmptyMind","Vengeance","JustLucky","Evaluate"],"picked":"SKIP","floor":4},{"not_picked":["Consecrate","Evaluate","Halt","CrushJoints"],"picked":"FlurryOfBlows","floor":5},{"not_picked":["Nirvana","PathToVictory","MostiFishMod:Clarity","ClearTheMind","SashWhip"],"picked":"SKIP","floor":7},{"not_picked":["BattleHymn","EmptyBody","AT_MachinaRedman","JustLucky"],"picked":"Tantrum","floor":8},{"not_picked":["JustLucky","Evaluate","MentalFortress","ThirdEye"],"picked":"WheelKick","floor":10},{"not_picked":["CrushJoints","Protect","ThirdEye","PathToVictory","DeceiveReality"],"picked":"SKIP","floor":11},{"not_picked":["CrushJoints","Halt","EmptyBody","CutThroughFate"],"picked":"BowlingBash","floor":13},{"not_picked":["EmptyBody","WreathOfFlame","SashWhip","Evaluate","MostiFishMod:PathToVictory"],"picked":"SKIP","floor":14}],"player_experience":256980,"relics_obtained":[{"floor":1.0,"key":"SynthV:TestCard"},{"floor":8,"key":"Juzu Bracelet"},{"floor":11,"key":"White Beast Statue"},{"floor":13,"key":"Odd Mushroom"}],"event_choices":[{"damage_healed":0,"gold_gain":0,"player_choice":"1 cards matched","damage_taken":0,"max_hp_gain":0,"max_hp_loss":0,"event_name":"Match and Keep!","floor":2,"gold_loss":0,"cards_obtained":["Prostrate"]},{"damage_healed":0,"gold_gain":0,"player_choice":"Fought Mushrooms","damage_taken":0,"max_hp_gain":0,"max_hp_loss":0,"event_name":"Mushrooms","floor":13,"gold_loss":0}],"is_beta":false,"boss_relics":[],"items_purged_floors":[0,6,12,12,15],"is_endless":false,"potions_floor_spawned":[5,8,10,13,14],"killed_by":"Hexaghost","ascension_level":20}}