{"host":"xs2umar4czbsv0xl","time":1609828197,"event":{"mods":["AchievementEnabler","Act Like it!","BaseMod","Gensokyo","Marisa????????","Minty Spire (QoL Compilation)","Reimu??????","Remilia??????","Replay The Spire","StSLib","The Hierophant","The Wild Card","Youmu??????"],"gold_per_floor":[363,363,443,29,29,60,60,60,85,85,48,48,82,95,95,207,207,253,253,299,231,231,231,270,270,270,270,323,323,323],"floor_reached":29,"playtime":2452,"items_purged":["Wraith"],"score":291,"play_id":"e3b2c915-0f67-40aa-bf4d-536ac72bd9f0","local_time":"20210105002957","is_ascension_mode":true,"campfire_choices":[{"data":"ForeignInfluence","floor":7,"key":"SMITH"},{"floor":10,"key":"RECALL"},{"floor":15,"key":"DIG"},{"data":"Replay:Battleflow","floor":23,"key":"SMITH"},{"floor":25,"key":"REST"}],"circlet_count":0,"master_deck":["Strike_P","Strike_P","Strike_P","Strike_P","Defend_P","Defend_P","Defend_P","Defend_P","Eruption","Vigilance","ForeignInfluence+1","CutThroughFate+1","FollowUp","Prostrate","Prostrate","EmptyFist","Prostrate","Wish","Vengeance+1","Replay:Hum","Replay:Battleflow+1","Replay:DivineShield","CarveReality"],"relics":["PureWater","ReplayTheSpireMod:CursedCoin","Mummified Hand","Pear","Gensokyo:CelestialsFlawlessClothing","Ancient Tea Set","Kunai","Mango","CeramicFish","Honey Jar","Replay:Bottled Steam","Gensokyo:ConquerorOfFear","Oddly Smooth Stone","Akabeko","Calipers"],"acts_visited":["Exordium","Gensokyo:Gensokyo"],"potions_floor_usage":[28],"damage_taken":[{"damage":1,"enemies":"Gensokyo:2_Kodama","floor":1,"turns":3},{"damage":76,"enemies":"Gensokyo:Cirno","floor":6,"turns":13},{"damage":28,"enemies":"Gensokyo:Mamizou","floor":13,"turns":13},{"damage":0,"enemies":"Gensokyo:Gryphon","floor":14,"turns":2},{"damage":76,"enemies":"Gensokyo:Reimu","floor":16,"turns":10},{"damage":0,"enemies":"Gensokyo:2_Gloops","floor":18,"turns":3},{"damage":1,"enemies":"Gensokyo:Chomper","floor":20,"turns":4},{"damage":54,"enemies":"Gensokyo:Koishi","floor":24,"turns":6},{"damage":50,"enemies":"Gensokyo:3_Gloops","floor":28,"turns":5},{"damage":127,"enemies":"Gensokyo:Swordslinger","floor":29,"turns":6}],"seed_played":"3889508581061876322","potions_obtained":[{"floor":1,"key":"Elixir"},{"floor":24,"key":"SkillPotion"}],"is_trial":false,"path_per_floor":["M","?","?","$","?","E","R","T","T","R","$","?","E","M","R","B",null,"M","?","M","$","?","R","E","R","T","T","M","M"],"character_chosen":"WATCHER","items_purchased":["ReplayTheSpireMod:CursedCoin","Mummified Hand","Pear","Prostrate","Replay:Battleflow"],"campfire_rested":1,"item_purchase_floors":[4,4,4,11,21],"current_hp_per_floor":[50,50,50,60,40,48,48,48,48,48,48,48,34,34,34,54,96,96,89,88,88,88,88,34,60,60,60,10,0,0],"gold":323,"neow_bonus":"TWO_FIFTY_GOLD","is_daily":false,"chose_seed":false,"campfire_upgraded":2,"win_rate":0.0,"timestamp":1609828197,"path_taken":["M","?","?","$","?","E","R","?","T","R","?","?","E","M","R","BOSS","M","?","M","$","?","R","E","R","T","?","?","M"],"items_purchased_type":["Relic","Relic","Relic","Card","Card"],"build_version":"2020-12-22","purchased_purges":1,"victory":false,"max_hp_per_floor":[72,72,72,82,82,82,82,82,82,82,82,82,96,96,96,96,96,96,89,89,89,89,89,89,89,89,89,89,89,89],"card_choices":[{"not_picked":["Fasting2","Protect"],"picked":"ForeignInfluence","floor":1},{"not_picked":["JustLucky","Replay:BluntJabs"],"picked":"FollowUp","floor":6},{"not_picked":["Nirvana","ClearTheMind"],"picked":"EmptyFist","floor":13},{"not_picked":["SashWhip","Replay:Hum"],"picked":"Prostrate","floor":14},{"not_picked":["Vault","Replay:LoomingThreat"],"picked":"Wish","floor":16},{"not_picked":["JustLucky","SashWhip+1","ClearTheMind"],"picked":"Vengeance+1","floor":18},{"not_picked":["Consecrate","FollowUp+1","Replay:ManipulateFuture"],"picked":"Replay:Hum","floor":20},{"not_picked":["Replay:BluntJabs+1","Wish","FollowUp"],"picked":"Replay:DivineShield","floor":24},{"not_picked":["Halt","JustLucky","Perseverance"],"picked":"CarveReality","floor":28}],"player_experience":136932,"relics_obtained":[{"floor":6,"key":"Ancient Tea Set"},{"floor":8,"key":"Kunai"},{"floor":13,"key":"Mango"},{"floor":15,"key":"CeramicFish"},{"floor":24,"key":"Oddly Smooth Stone"},{"floor":24,"key":"Gensokyo:ConquerorOfFear"},{"floor":26,"key":"Akabeko"},{"floor":27,"key":"Calipers"}],"event_choices":[],"is_beta":false,"boss_relics":[{"not_picked":["Empty Cage","Replay:Wanted Poster"],"picked":"Honey Jar"}],"items_purged_floors":[4],"is_endless":false,"potions_floor_spawned":[1,24],"killed_by":"Gensokyo:Swordslinger","ascension_level":2}}