{"host":"359hz4210ybch7ku","time":1609812924,"event":{"mods":["BaseMod","Block Reminder","Colored Map","Colored Powertips","Highlight Path","Minty Spire (QoL Compilation)","Slay the Relics Exporter","StSLib"],"gold_per_floor":[118,128,128,128,26,105,105,141,141],"floor_reached":8,"playtime":586,"items_purged":[],"score":74,"play_id":"9c0161f2-c19d-422c-ac80-2f5f9b133f63","local_time":"20210104181524","is_ascension_mode":true,"campfire_choices":[{"data":"Eruption","floor":7,"key":"SMITH"}],"circlet_count":0,"master_deck":["Strike_P","Strike_P","Strike_P","Strike_P","Defend_P","Defend_P","Defend_P","Eruption+1","Vigilance","Crescendo","Indignation","Halt","Evaluate"],"relics":["Busted Crown","Golden Idol","StoneCalendar","Boot"],"acts_visited":["Exordium"],"potions_floor_usage":[6,6,8],"damage_taken":[{"damage":0,"enemies":"Small Slimes","floor":1,"turns":2},{"damage":0,"enemies":"2 Louse","floor":2,"turns":2},{"damage":8,"enemies":"3 Sentries","floor":6,"turns":6},{"damage":31,"enemies":"Lagavulin","floor":8,"turns":5}],"seed_played":"-333098115702382687","potions_obtained":[{"floor":2,"key":"ColorlessPotion"},{"floor":6,"key":"DistilledChaos"},{"floor":8,"key":"SkillPotion"}],"is_trial":false,"path_per_floor":["M","M","?","?","$","E","R","E"],"character_chosen":"WATCHER","items_purchased":["Halt","SkillPotion"],"campfire_rested":0,"item_purchase_floors":[5,5],"current_hp_per_floor":[72,72,65,65,65,57,57,26,26],"gold":141,"neow_bonus":"BOSS_RELIC","is_daily":false,"chose_seed":false,"campfire_upgraded":1,"win_rate":0.0,"timestamp":1609812924,"path_taken":["M","M","?","?","$","E","R","E"],"items_purchased_type":["Card","Potion"],"build_version":"2020-12-22","purchased_purges":0,"victory":false,"max_hp_per_floor":[72,72,72,67,67,67,67,67,67],"card_choices":[{"not_picked":[],"picked":"Crescendo","floor":1},{"not_picked":[],"picked":"Indignation","floor":2},{"not_picked":[],"picked":"Evaluate","floor":6}],"player_experience":141141,"relics_obtained":[{"floor":6,"key":"StoneCalendar"},{"floor":8,"key":"Boot"}],"event_choices":[{"cards_removed":["Defend_P"],"damage_healed":0,"gold_gain":0,"player_choice":"Card Removal","damage_taken":7,"max_hp_gain":0,"max_hp_loss":0,"event_name":"Golden Wing","floor":3,"gold_loss":0},{"damage_healed":0,"gold_gain":0,"player_choice":"Lose Max HP","damage_taken":0,"relics_obtained":["Golden Idol"],"max_hp_gain":0,"max_hp_loss":5,"event_name":"Golden Idol","floor":4,"gold_loss":0}],"is_beta":false,"boss_relics":[],"items_purged_floors":[],"is_endless":false,"potions_floor_spawned":[2,6,8],"killed_by":"Lagavulin","ascension_level":3}}