{"host":"r6da5kb9dzaaglw2","time":1609840781,"event":{"mods":["AchievementEnabler","BaseMod","Colored Powertips","Duelist Mod","GifTheSpireLib","Minty Spire (QoL Compilation)","StSLib"],"gold_per_floor":[137,150,150,150,161,196,196,208,208,238,307,368,431,445,445,547,547,567,647,483,632,682,710,710,745,772,839,853,870,880,909,909,1007,1007,1026,801,851,917,931,966,966,981,1005,1038,769,779,829,879,879,879,879,879,401,432,432],"floor_reached":56,"playtime":5816,"items_purged":["theDuelist:NaturiaForest","theDuelist:NaturiaBrambi+1"],"score":1481,"play_id":"439aa18d-6b10-48a5-8ec8-718ee852510a","local_time":"20210105105941","is_ascension_mode":false,"campfire_choices":[{"data":"theDuelist:NaturiaCherries","floor":7.0,"key":"SMITH"},{"data":"theDuelist:NaturiaBarkion","floor":15.0,"key":"SMITH"},{"data":"theDuelist:FluteKuriboh","floor":24.0,"key":"SMITH"},{"floor":32.0,"key":"RECALL"},{"data":"Thinking Ahead","floor":41.0,"key":"SMITH"},{"data":"theDuelist:ExterioFang","floor":49,"key":"SMITH"},{"floor":52,"key":"REST"}],"circlet_count":0,"master_deck":["theDuelist:NaturiaCliff+1","theDuelist:NaturiaRock+1","theDuelist:NaturiaTulip+1","theDuelist:NaturiaEggplant+1","theDuelist:NaturiaCherries+1","theDuelist:NaturiaEggplant+1","Thinking Ahead+1","theDuelist:NaturiaHorneedle+1","theDuelist:NaturiaBarkion+1","theDuelist:ExterioFang+1","theDuelist:NaturiaRock+1","theDuelist:NaturiaSacredTree+1","theDuelist:FluteKuriboh+1","theDuelist:NaturiaSacredTree+1","theDuelist:NaturiaPineapple+1","theDuelist:NaturiaHorneedle+1","theDuelist:NaturiaBrambi+1","theDuelist:NaturiaPineapple+1","theDuelist:HuntingInstinct+1","theDuelist:HuntingInstinct+1"],"relics":["theDuelist:MillenniumPuzzle","theDuelist:CardPoolRelic","theDuelist:CardPoolBasicRelic","theDuelist:BoosterPackPoolRelic","theDuelist:CardPoolAddRelic","theDuelist:CardPoolMinusRelic","theDuelist:CardPoolSaveRelic","theDuelist:CardPoolOptionsRelic","theDuelist:BoosterBetterBoostersRelic","SsserpentHead","Bronze Scales","Ornamental Fan","SlaversCollar","Red Mask","Bottled Flame","Blue Candle","Vajra","Regal Pillow","Pocketwatch","Astrolabe","Bronze Scales","Bird Faced Urn","Dream Catcher","theDuelist:NaturiaRelic","theDuelist:TrapVortex","Bottled Lightning","Self Forming Clay","theDuelist:ElectricToken"],"acts_visited":["Exordium","TheCity","TheBeyond","TheEnding"],"potions_floor_usage":[54],"damage_taken":[{"damage":0.0,"enemies":"Small Slimes","floor":1.0,"turns":3.0},{"damage":0.0,"enemies":"2 Louse","floor":2.0,"turns":3.0},{"damage":0.0,"enemies":"Cultist","floor":5.0,"turns":4.0},{"damage":47.0,"enemies":"Gremlin Nob","floor":6.0,"turns":6.0},{"damage":2.0,"enemies":"Gremlin Gang","floor":8.0,"turns":3.0},{"damage":1.0,"enemies":"3 Sentries","floor":10.0,"turns":5.0},{"damage":0.0,"enemies":"Blue Slaver","floor":11.0,"turns":3.0},{"damage":0.0,"enemies":"Looter","floor":12.0,"turns":3.0},{"damage":0.0,"enemies":"Gremlin Gang","floor":13.0,"turns":4.0},{"damage":1.0,"enemies":"Large Slime","floor":14.0,"turns":5.0},{"damage":13.0,"enemies":"The Guardian","floor":16.0,"turns":9.0},{"damage":14.0,"enemies":"Spheric Guardian","floor":18.0,"turns":4.0},{"damage":11.0,"enemies":"Masked Bandits","floor":19.0,"turns":6.0},{"damage":3.0,"enemies":"theDuelist:KaibaA2","floor":23.0,"turns":5.0},{"damage":8.0,"enemies":"Gremlin Leader","floor":25.0,"turns":8.0},{"damage":0.0,"enemies":"Chosen","floor":27.0,"turns":5.0},{"damage":0.0,"enemies":"Snecko","floor":28.0,"turns":6.0},{"damage":0.0,"enemies":"Snake Plant","floor":29.0,"turns":4.0},{"damage":0.0,"enemies":"Cultist and Chosen","floor":30.0,"turns":6.0},{"damage":0.0,"enemies":"theDuelist:KaibaA2","floor":31.0,"turns":6.0},{"damage":0.0,"enemies":"Automaton","floor":33.0,"turns":10.0},{"damage":0.0,"enemies":"3 Darklings","floor":35.0,"turns":5.0},{"damage":3.0,"enemies":"3 Shapes","floor":38.0,"turns":3.0},{"damage":0.0,"enemies":"Sphere and 2 Shapes","floor":39.0,"turns":4.0},{"damage":0.0,"enemies":"Reptomancer","floor":40.0,"turns":5.0},{"damage":0.0,"enemies":"Maw","floor":42.0,"turns":7.0},{"damage":0.0,"enemies":"Giant Head","floor":44.0,"turns":7.0},{"damage":2.0,"enemies":"4 Shapes","floor":46.0,"turns":3.0},{"damage":6,"enemies":"Donu and Deca","floor":50,"turns":7},{"damage":18,"enemies":"Shield and Spear","floor":54,"turns":4},{"damage":0,"enemies":"The Heart","floor":55,"turns":10}],"seed_played":"-9116363385607390398","potions_obtained":[{"floor":1.0,"key":"FairyPotion"},{"floor":2.0,"key":"Ancient Potion"},{"floor":8.0,"key":"theDuelist:ElectricPotion"},{"floor":10.0,"key":"DistilledChaos"},{"floor":18.0,"key":"theDuelist:OrbBottle"},{"floor":23.0,"key":"theDuelist:SummonFuryPotion"},{"floor":30.0,"key":"theDuelist:SolderPotionB"},{"floor":31.0,"key":"theDuelist:FlamingBottle"},{"floor":33.0,"key":"theDuelist:FlamingBottle"},{"floor":46.0,"key":"theDuelist:VoidBottle"}],"is_trial":false,"path_per_floor":["M","M","?","?","M","E","R","M","T","E","M","M","M","M","R","B",null,"M","?","$","?","T","E","R","E","T","M","M","M","M","E","R","B",null,"M","?","?","M","M","E","R","M","T","E","$","M","?","?","R","B",null,"R","$","E","B",null],"character_chosen":"THE_DUELIST","items_purchased":["theDuelist:FluteKuriboh","theDuelist:NatureReflection","theDuelist:TrapVortex","Bottled Lightning","Self Forming Clay"],"campfire_rested":1,"item_purchase_floors":[20,45,45,53,53],"current_hp_per_floor":[80,80,74,74,74,27,27,25,25,24,24,24,24,23,23,10,80,66,55,55,55,55,52,52,44,44,44,44,44,44,44,44,44,80,80,80,80,77,77,77,77,80,80,80,80,80,80,80,80,74,80,80,80,64,68],"gold":432,"neow_bonus":"REMOVE_CARD","is_daily":false,"chose_seed":false,"campfire_upgraded":5,"win_rate":0.0,"timestamp":1609840781,"path_taken":["M","M","?","?","M","E","R","M","T","E","?","?","?","M","R","BOSS","M","?","$","?","?","E","R","E","T","?","M","M","M","E","R","BOSS","M","?","?","?","M","E","R","M","T","E","?","M","?","?","R","BOSS","R","$","E","BOSS"],"items_purchased_type":["Card","Card","Relic","Relic","Relic"],"build_version":"2020-12-22","purchased_purges":2,"victory":true,"max_hp_per_floor":[80,80,80,80,80,80,80,80,80,80,80,80,80,80,80,80,80,80,80,80,80,80,80,80,80,80,80,80,80,80,80,80,80,80,80,80,80,80,80,80,80,80,80,80,80,80,80,80,80,80,80,80,80,80,80],"card_choices":[{"not_picked":["theDuelist:DemiseLand","theDuelist:Canyon"],"picked":"theDuelist:NaturiaForest","floor":1.0},{"not_picked":["theDuelist:NaturiaCliff","theDuelist:NaturiaRagweed","theDuelist:Spore","theDuelist:LairWire"],"picked":"theDuelist:NaturiaEggplant","floor":2.0},{"not_picked":["theDuelist:Alpacaribou","theDuelist:NaturiaLandoise","theDuelist:NaturiaMarron","theDuelist:NaturiaPumpkin"],"picked":"theDuelist:NaturiaCherries","floor":5.0},{"not_picked":["theDuelist:NaturiaSunflower","theDuelist:NaturiaHydrangea","theDuelist:NaturiaMantis","theDuelist:NaturiaLadybug"],"picked":"theDuelist:NaturiaEggplant","floor":6.0},{"not_picked":["Discovery","Jack Of All Trades","Trip"],"picked":"Thinking Ahead","floor":8.0},{"not_picked":["theDuelist:DemiseLand","theDuelist:HuntingInstinct","theDuelist:Canyon","theDuelist:Wildfire"],"picked":"theDuelist:NaturiaHorneedle","floor":10.0},{"not_picked":["theDuelist:Alpacaribou","theDuelist:NaturiaGuardian","theDuelist:NaturiaLadybug","theDuelist:NaturiaBeans"],"picked":"theDuelist:NaturiaBarkion","floor":11.0},{"not_picked":["theDuelist:NaturiaHydrangea","theDuelist:NaturiaCliff","theDuelist:NaturiaStinkbug","theDuelist:NaturiaMarron","theDuelist:DigitalBug"],"picked":"SKIP","floor":12.0},{"not_picked":["theDuelist:NaturiaHydrangea","theDuelist:NaturiaMarron","theDuelist:NaturiaEggplant","theDuelist:NaturiaTulip"],"picked":"theDuelist:ExterioFang","floor":13.0},{"not_picked":["theDuelist:NaturiaHydrangea","theDuelist:LonefireBlossom","theDuelist:NaturiaRagweed","theDuelist:NaturiaCosmobeet"],"picked":"theDuelist:NaturiaRock","floor":14.0},{"not_picked":["theDuelist:NaturiaDragonfly","theDuelist:LonefireBlossom+1","theDuelist:NaturiaMantis","theDuelist:NaturiaRock+1"],"picked":"theDuelist:SummoningSwarm+1","floor":18.0},{"not_picked":["theDuelist:NaturiaLeodrake+1","theDuelist:ConvulsionNature+1","theDuelist:NaturiaVein+1","theDuelist:NaturiaForest+1"],"picked":"theDuelist:NaturiaSacredTree+1","floor":19.0},{"not_picked":["theDuelist:NaturiaHorneedle","theDuelist:Wildfire","theDuelist:ClosedForest+1","theDuelist:HuntingInstinct","theDuelist:NaturiaForest"],"picked":"SKIP","floor":23.0},{"not_picked":["theDuelist:CastleWalls","theDuelist:CastleWalls","theDuelist:CastleWalls","theDuelist:FluteKuriboh"],"picked":"theDuelist:NaturiaSacredTree","floor":25.0},{"not_picked":["theDuelist:BottomlessTrapHole","theDuelist:HuntingInstinct","theDuelist:NaturiaBarkion"],"picked":"SKIP","floor":27.0},{"not_picked":["theDuelist:SangaEarth","theDuelist:NaturiaRagweed+1","theDuelist:NaturalDisaster","theDuelist:NaturiaCosmobeet"],"picked":"theDuelist:NaturiaPineapple","floor":28.0},{"not_picked":["theDuelist:Anteater","theDuelist:LairWire+1","theDuelist:NaturalDisaster","theDuelist:NatureReflection"],"picked":"SKIP","floor":29.0},{"not_picked":["Apotheosis","Dark Shackles","Finesse","Forethought"],"picked":"SKIP","floor":30.0},{"not_picked":["theDuelist:BottomlessTrapHole+1","theDuelist:BrainCrusher","theDuelist:NaturiaParadizo"],"picked":"SKIP","floor":31.0},{"not_picked":["theDuelist:Wildfire","theDuelist:ClosedForest","theDuelist:HuntingInstinct","theDuelist:NaturiaVein"],"picked":"theDuelist:NaturiaHorneedle","floor":33.0},{"not_picked":["theDuelist:NaturiaEggplant","theDuelist:NaturiaCherries","theDuelist:NaturiaBarkion","theDuelist:NaturiaBeetle+1","theDuelist:NaturiaBrambi"],"picked":"SKIP","floor":35.0},{"not_picked":["theDuelist:NaturiaCliff","theDuelist:NaturiaTulip","theDuelist:NaturiaMarron","theDuelist:NaturiaBrambi+1","theDuelist:NaturiaRosewhip+1"],"picked":"SKIP","floor":38.0},{"not_picked":["theDuelist:NaturiaLandoise","theDuelist:NaturiaExterio","theDuelist:CrystalRose","theDuelist:NaturiaVein+1"],"picked":"theDuelist:NaturiaPineapple+1","floor":39.0},{"not_picked":["theDuelist:Wildfire+1","theDuelist:LuminousMoss+1","theDuelist:FuryFire+1","theDuelist:VenomShot+1"],"picked":"theDuelist:Wiretap+1","floor":40.0},{"not_picked":["theDuelist:NaturiaGaiastrio","theDuelist:NaturiaButterfly+1","theDuelist:NaturiaLadybug+1","theDuelist:FossilExcavation+1","theDuelist:SurvivalInstinct+1"],"picked":"SKIP","floor":42.0},{"not_picked":["theDuelist:NaturiaDragonfly","theDuelist:NaturiaHydrangea+1","theDuelist:NaturiaMantis","theDuelist:NaturiaAntjaw","theDuelist:NaturiaGuardian"],"picked":"SKIP","floor":44.0},{"not_picked":["theDuelist:NaturalDisaster","theDuelist:SeismicShockwave+1","theDuelist:Pollinosis+1","theDuelist:BottomlessTrapHole+1"],"picked":"theDuelist:HuntingInstinct+1","floor":46.0},{"not_picked":["theDuelist:NaturiaForest+1","theDuelist:NaturiaBarkion+1","theDuelist:Canyon+1","theDuelist:MultiplicationOfAnts+1"],"picked":"theDuelist:HuntingInstinct+1","floor":54}],"player_experience":437025,"relics_obtained":[{"floor":6.0,"key":"Bronze Scales"},{"floor":10.0,"key":"Ornamental Fan"},{"floor":19.0,"key":"Red Mask"},{"floor":22.0,"key":"Bottled Flame"},{"floor":23.0,"key":"Blue Candle"},{"floor":25.0,"key":"Vajra"},{"floor":26.0,"key":"Regal Pillow"},{"floor":31.0,"key":"Pocketwatch"},{"floor":40.0,"key":"Bird Faced Urn"},{"floor":43.0,"key":"Dream Catcher"},{"floor":44.0,"key":"theDuelist:NaturiaRelic"},{"floor":54,"key":"theDuelist:ElectricToken"}],"event_choices":[{"damage_healed":0.0,"max_hp_gain":0.0,"max_hp_loss":0.0,"gold_gain":0.0,"event_name":"Aknamkanon\u0027s Tomb","player_choice":"Dig - random Duelist relic","duelist":true,"floor":3.0,"gold_loss":0.0,"damage_taken":0.0},{"damage_healed":0.0,"max_hp_gain":0.0,"max_hp_loss":0.0,"gold_gain":0.0,"event_name":"FaceTrader","player_choice":"Trade","floor":4.0,"gold_loss":0.0,"damage_taken":0.0,"relics_obtained":["SsserpentHead"]},{"damage_healed":0.0,"max_hp_gain":0.0,"max_hp_loss":0.0,"gold_gain":0.0,"event_name":"Masked Bandits","player_choice":"Fought Bandits","floor":19.0,"gold_loss":0.0,"damage_taken":0.0},{"damage_healed":0.0,"max_hp_gain":0.0,"max_hp_loss":0.0,"gold_gain":99.0,"event_name":"Nest","player_choice":"Stole From Cult","floor":21.0,"gold_loss":0.0,"damage_taken":0.0},{"damage_healed":0.0,"max_hp_gain":0.0,"max_hp_loss":0.0,"gold_gain":0.0,"event_name":"Relic Duplicator","player_choice":"Duplicated Relic - Bronze Scales","duelist":true,"floor":36.0,"gold_loss":0.0,"damage_taken":0.0},{"damage_healed":0.0,"max_hp_gain":0.0,"max_hp_loss":0.0,"gold_gain":0.0,"event_name":"Accursed Blacksmith","player_choice":"Forge","floor":37.0,"gold_loss":0.0,"damage_taken":0.0,"cards_upgraded":["theDuelist:NaturiaSacredTree"]},{"cards_removed":["theDuelist:SummoningSwarm"],"damage_healed":0.0,"max_hp_gain":0.0,"max_hp_loss":0.0,"gold_gain":0.0,"event_name":"Falling","player_choice":"Removed Skill","floor":47.0,"gold_loss":0.0,"damage_taken":0.0},{"damage_healed":0.0,"max_hp_gain":0.0,"max_hp_loss":0.0,"gold_gain":0.0,"event_name":"NoteForYourself","player_choice":"Ignored","floor":48.0,"gold_loss":0.0,"damage_taken":0.0}],"is_beta":false,"boss_relics":[{"not_picked":["Calling Bell","Tiny House"],"picked":"SlaversCollar"},{"not_picked":["SacredBark","Pandora\u0027s Box"],"picked":"Astrolabe"}],"items_purged_floors":[20,45],"is_endless":false,"potions_floor_spawned":[1,2,8,10,11,18,23,30,31,33,35,40,44,46],"ascension_level":0}}