{"host":"qksop9n5mnq4zoi8","time":1609863222,"event":{"mods":["Act Like it!","BaseMod","BetterRewards","Downfall","GifTheSpireLib","Highlight Path","Hubris","Minty Spire (QoL Compilation)","Replay The Spire","Shop Mod","StSLib","The Gatherer","The Hierophant"],"gold_per_floor":[99,99,99,99,99,99,123,142,177,36,46,46,56,83,95,95,95,95],"floor_reached":16,"playtime":2163,"items_purged":[],"score":108,"play_id":"12d16bd9-f1b7-4c78-94c6-d79d10674818","local_time":"20210105141342","is_ascension_mode":false,"campfire_choices":[{"data":"hexamod:Float","floor":1,"key":"SMITH"}],"circlet_count":0,"master_deck":["hexamod:Strike","hexamod:Strike","hexamod:Strike","hexamod:Defend","hexamod:Defend","hexamod:Defend","hexamod:Defend","hexamod:Sear","hexamod:Float+1","hexamod:NightmareStrike","hexamod:PhantomFireball","hexamod:Firestarter","hexamod:HauntingEcho","hexamod:SwordOfDarkness","hexamod:NightmareGuise","hexamod:GhostOfSpirePresent","hexamod:GhostOfSpirePresent","hexamod:PhantomFireball","hexamod:SpectersWail","hexamod:PhantomFireball","hexamod:SearingWound","hexamod:BurningTouch"],"relics":["hexamod:SpiritBrand","downfall:HeartsMalice","hubris:Towel","Bronze Scales","Counterbalance","hubris:TinFlute","hubris:Reverence"],"acts_visited":["Exordium"],"potions_floor_usage":[],"damage_taken":[{"damage":0,"enemies":"2 Louse","floor":2,"turns":1},{"damage":0,"enemies":"Small Slimes","floor":4,"turns":1},{"damage":0,"enemies":"Jaw Worm","floor":6,"turns":1},{"damage":9,"enemies":"Exordium Wildlife","floor":8,"turns":4},{"damage":14,"enemies":"Lagavulin","floor":9,"turns":6},{"damage":0,"enemies":"downfall:FleeingMerchant","floor":10,"turns":4},{"damage":9,"enemies":"Red Slaver","floor":11,"turns":4},{"damage":6,"enemies":"Exordium Wildlife","floor":13,"turns":4},{"damage":11,"enemies":"3 Sentries","floor":14,"turns":7},{"damage":0,"enemies":"3 Louse","floor":15,"turns":2},{"damage":22,"enemies":"downfall:Silent","floor":16,"turns":2}],"seed_played":"7082687433859213781","potions_obtained":[{"floor":9,"key":"Languid Potion"},{"floor":13,"key":"Fire Potion"},{"floor":14,"key":"Swift Potion"}],"is_trial":false,"path_per_floor":["R","M","?","M","?","M","T","M","E","$","M","T","M","E","M","B"],"character_chosen":"THE_SPIRIT","items_purchased":["hexamod:GhostOfSpirePresent","hexamod:PhantomFireball"],"campfire_rested":0,"item_purchase_floors":[10,10],"current_hp_per_floor":[70,70,70,70,70,70,70,61,47,47,38,38,32,21,21,0,0,0],"gold":95,"neow_bonus":"THREE_ENEMY_KILL","is_daily":false,"chose_seed":false,"campfire_upgraded":1,"win_rate":0.0,"timestamp":1609863222,"path_taken":["R","M","?","M","?","M","T","M","E","$","?","?","M","E","M","BOSS"],"items_purchased_type":["Card","Card"],"build_version":"2020-12-22","purchased_purges":0,"victory":false,"max_hp_per_floor":[70,70,70,70,70,70,70,70,70,70,70,70,70,70,70,70,70,70],"card_choices":[{"not_picked":["hexamod:HeatMetal","hexamod:ShieldOfDarkness"],"picked":"hexamod:NightmareStrike","floor":2},{"not_picked":["hexamod:BacktrackSmack","hexamod:FastForward"],"picked":"hexamod:PhantomFireball","floor":4},{"not_picked":["hexamod:InspiringFlames","hexamod:GhostShield"],"picked":"hexamod:Firestarter","floor":6},{"not_picked":["hexamod:InspiringFlames","hexamod:GhostShield"],"picked":"hexamod:HauntingEcho","floor":8},{"not_picked":["hexamod:EtherealExpedition","hexamod:SpectersWail"],"picked":"hexamod:SwordOfDarkness","floor":9},{"not_picked":["hexamod:BacktrackSmack","hexamod:HauntingEcho"],"picked":"hexamod:NightmareGuise","floor":10},{"not_picked":["hexamod:SecondSeal","hexamod:Rewind"],"picked":"hexamod:SpectersWail","floor":11},{"not_picked":["hexamod:CatchUp","hexamod:AdvancingGuard"],"picked":"hexamod:PhantomFireball","floor":13},{"not_picked":["hexamod:NightmareStrike","hexamod:EtherealExpedition"],"picked":"hexamod:SearingWound","floor":14},{"not_picked":["hexamod:FifthSeal","hexamod:SwordOfDarkness"],"picked":"hexamod:BurningTouch","floor":15}],"player_experience":215931,"relics_obtained":[{"floor":7,"key":"Bronze Scales"},{"floor":9,"key":"Counterbalance"},{"floor":12,"key":"hubris:TinFlute"},{"floor":14,"key":"hubris:Reverence"}],"event_choices":[],"is_beta":false,"boss_relics":[],"items_purged_floors":[],"is_endless":false,"potions_floor_spawned":[9,13,14,15],"killed_by":"downfall:Silent","ascension_level":0}}