{"host":"4a0aa7b2d8dxohwr","time":1609818380,"event":{"mods":["ATMod(∞¢Ë™Mod)","Act Like it!","BaseMod","Dota2Spire","Gensokyo","GifTheSpireLib","Marisa£®ÏF”Í°°ƒß¿Ì…≥£©","Minty Spire (QoL Compilation)","Reimu£®≤©¿ˆ¡È√Œ£©","Remilia£®¿Ÿ√◊¿Ú—«£©","Shop Mod","StSLib","The Servant 0.9.4","Youmu£®ªÍ∆«—˝√Œ£©","[IsaacMod]“‘»ˆº‚À˛"],"gold_per_floor":[119,132,132,145,145,179,179,191,217,252,182,140,140,158,158,230,230,241,260,271,271,271],"floor_reached":21,"playtime":1116,"items_purged":[],"score":494,"play_id":"1351396f-e595-4c3b-9dec-2a49dc781b24","local_time":"20210105114620","is_ascension_mode":true,"campfire_choices":[{"data":"Stigmanizer","floor":7.0,"key":"SMITH"},{"data":"BatForm","floor":13.0,"key":"SMITH"},{"data":"BombardNight","floor":15.0,"key":"SMITH"}],"circlet_count":0,"master_deck":["AscendersBane","Strike_RM","Strike_RM","Strike_RM+1","Defend_RM+1","Defend_RM","Defend_RM+1","Defend_RM","RedMoon","ScarletShoot","AT_FamilyPortrait+1","UnstableMagic","Stigmanizer+1","BloodyTrap","BatForm+1","DiffusionOfMisfortune","BombardNight+1","DemonKingCradle","ScarletCoffin+1","StarOfDavid"],"relics":["ScarletHat","AT_ATBox","HushsDoor","Damocles","AT_EbonyIvory","TheBean","Tiny Chest","War Paint","SharpPlug","Mastiff:ReiMu","Pen Nib","HowToJump","Blood Vial","Dota2Spire:OrchidMalevolence","Dota2Spire:Desolator","Strawberry","Empty Cage","GuppysPaw","GnawedLeaf","TungstenRod","BookofShadows","ScarletDevilRocket"],"acts_visited":["Gensokyo:Gensokyo","Gensokyo:Gensokyoer"],"potions_floor_usage":[20],"damage_taken":[{"damage":0.0,"enemies":"Gensokyo:Gryphon","floor":1.0,"turns":4.0},{"damage":0.0,"enemies":"Gensokyo:Python","floor":2.0,"turns":5.0},{"damage":0.0,"enemies":"Gensokyo:2_Kodama","floor":4.0,"turns":3.0},{"damage":5.0,"enemies":"Gensokyo:Aya","floor":6.0,"turns":3.0},{"damage":0.0,"enemies":"Gensokyo:CorruptedTreant","floor":8.0,"turns":3.0},{"damage":0.0,"enemies":"Gensokyo:Cirno","floor":10.0,"turns":5.0},{"damage":0.0,"enemies":"Gensokyo:5_Fairies","floor":14.0,"turns":5.0},{"damage":5.0,"enemies":"Gensokyo:Reimu","floor":16.0,"turns":12.0},{"damage":0.0,"enemies":"Gensokyo:3_Dogs","floor":18.0,"turns":3.0},{"damage":4.0,"enemies":"Gensokyo:AngelMirror","floor":19.0,"turns":4.0},{"damage":0,"enemies":"Gensokyo:Monolith_and_Dog","floor":20,"turns":4},{"damage":2,"enemies":"Gensokyo:Wraith","floor":21,"turns":2}],"seed_played":"-7138191238325909454","potions_obtained":[{"floor":2.0,"key":"EntropicBrew"},{"floor":4.0,"key":"Block Potion"},{"floor":14.0,"key":"FearPotion"},{"floor":16.0,"key":"SteroidPotion"},{"floor":19.0,"key":"EntropicBrew"},{"floor":20,"key":"Strength Potion"}],"is_trial":false,"path_per_floor":["M","M","?","M","?","E","R","M","T","E","?","COS","R","M","R","B",null,"M","M","M","M"],"character_chosen":"REMILIA","items_purchased":["GuppysPaw","ScarletCoffin"],"campfire_rested":0,"item_purchase_floors":[17,17],"current_hp_per_floor":[70,72,72,74,74,70,70,70,70,70,70,70,70,72,72,78,70,70,66,70,0,0],"gold":271,"neow_bonus":"TEN_PERCENT_HP_BONUS","is_daily":false,"chose_seed":false,"campfire_upgraded":3,"win_rate":0.0,"timestamp":1609818380,"path_taken":["M","M","?","M","?","E","R","?","T","E","?","COS","R","M","R","BOSS","M","M","M","M"],"items_purchased_type":["Relic","Card"],"build_version":"2020-12-22","purchased_purges":0,"victory":false,"max_hp_per_floor":[77,77,77,77,77,77,77,77,77,77,77,77,77,77,77,84,70,70,70,70,70,70],"card_choices":[{"not_picked":["UltimateOffering","BlasphemousPunishment"],"picked":"UnstableMagic","floor":1.0},{"not_picked":["BloodHunter","EquivalentExchange","RedRainbow"],"picked":"SKIP","floor":2.0},{"not_picked":["ScarletImprint","ChainGang"],"picked":"Stigmanizer","floor":4.0},{"not_picked":["HunterOfTheNight","UnstableMagic"],"picked":"BloodyTrap","floor":5.0},{"not_picked":["UnstableMagic","ScarletImprint"],"picked":"BatForm","floor":6.0},{"not_picked":["VampireKiss","BloodyTrap","VampireSweep"],"picked":"SKIP","floor":8.0},{"not_picked":["FavorOfDestiny","RedMagic"],"picked":"DiffusionOfMisfortune","floor":10.0},{"not_picked":["VampireSweep","ScarletDevil"],"picked":"BombardNight","floor":14.0},{"not_picked":["ForecastOfChange","ChaoticDestiny"],"picked":"DemonKingCradle","floor":16.0},{"not_picked":["FavorOfDestiny","BloodAndWine","UnderTheZenith"],"picked":"SKIP","floor":18.0},{"not_picked":["Stigmanizer","Maim","GlobalNightmare"],"picked":"SKIP","floor":19.0},{"not_picked":["SuperhumanBloodyKnife","BloodHunter+1"],"picked":"StarOfDavid","floor":20}],"player_experience":434337,"relics_obtained":[{"floor":1.0,"key":"AT_EbonyIvory"},{"floor":2.0,"key":"TheBean"},{"floor":4.0,"key":"War Paint"},{"floor":6.0,"key":"SharpPlug"},{"floor":6.0,"key":"Mastiff:ReiMu"},{"floor":8.0,"key":"Pen Nib"},{"floor":9.0,"key":"HowToJump"},{"floor":10.0,"key":"Blood Vial"},{"floor":10.0,"key":"Dota2Spire:OrchidMalevolence"},{"floor":14.0,"key":"Dota2Spire:Desolator"},{"floor":18.0,"key":"GnawedLeaf"},{"floor":18.0,"key":"TungstenRod"},{"floor":19.0,"key":"BookofShadows"},{"floor":20,"key":"ScarletDevilRocket"}],"event_choices":[],"is_beta":false,"boss_relics":[{"not_picked":["Astrolabe","Tiny House"],"picked":"Empty Cage"},{"not_picked":[]}],"items_purged_floors":[],"is_endless":false,"potions_floor_spawned":[2,4,6,14,16,19,20],"killed_by":"Gensokyo:Wraith","ascension_level":15}}