{"host":"dcj2yvrgcvh5dl2s","time":1609815016,"event":{"mods":["BaseMod","Better Note","Block Reminder","Colored Powertips","DeckTracker","Minty Spire (QoL Compilation)","Quick Restart","Rare Cards Sparkle","Relic Stats","StSLib"],"gold_per_floor":[118,43,118,118,118,118,136,136,136,176,196,214,214,233,233,323,323,347,347,4,29,29,29,29],"floor_reached":23,"playtime":5587,"items_purged":["Clumsy"],"score":417,"play_id":"9c6954be-2c5a-4ff3-b82f-000a7b252bc5","local_time":"20210105125016","is_ascension_mode":true,"campfire_choices":[{"data":"Heavy Blade","floor":6,"key":"SMITH"},{"data":"Flex","floor":8,"key":"SMITH"},{"floor":13,"key":"REST"},{"data":"Flex","floor":15,"key":"SMITH"}],"circlet_count":0,"master_deck":["AscendersBane","Strike_R+1","Strike_R+1","Strike_R+1","Strike_R+1","Strike_R+1","Defend_R+1","Defend_R+1","Defend_R+1","Defend_R+1","Bash","Offering","Heavy Blade+1","Regret","Flex+1","Shrug It Off","Flex+1","Metallicize","Feed","Exhume","Seeing Red","Necronomicurse"],"relics":["Burning Blood","Golden Idol","StrikeDummy","PreservedInsect","Pocketwatch","Fusion Hammer","FossilizedHelix","Necronomicon"],"acts_visited":["Exordium","TheCity"],"potions_floor_usage":[16,16,16,16],"damage_taken":[{"damage":14,"enemies":"Small Slimes","floor":1,"turns":3},{"damage":4,"enemies":"Jaw Worm","floor":7,"turns":3},{"damage":6,"enemies":"Gremlin Nob","floor":10,"turns":2},{"damage":2,"enemies":"2 Louse","floor":11,"turns":2},{"damage":20,"enemies":"Exordium Wildlife","floor":12,"turns":3},{"damage":18,"enemies":"Exordium Thugs","floor":14,"turns":4},{"damage":24,"enemies":"Hexaghost","floor":16,"turns":4},{"damage":37,"enemies":"Chosen","floor":18,"turns":4},{"damage":12,"enemies":"Shell Parasite","floor":21,"turns":3},{"damage":8,"enemies":"Snake Plant","floor":23,"turns":1}],"seed_played":"-7983319980130419578","potions_obtained":[{"floor":7,"key":"Energy Potion"},{"floor":10,"key":"EntropicBrew"},{"floor":21,"key":"Energy Potion"}],"is_trial":false,"path_per_floor":["M","$","?","?","?","R","M","R","T","E","M","M","R","M","R","B",null,"M","?","$","M","?","M"],"character_chosen":"IRONCLAD","items_purchased":["FossilizedHelix"],"campfire_rested":1,"item_purchase_floors":[20],"current_hp_per_floor":[60,60,49,49,49,49,51,51,51,51,55,41,61,49,49,31,59,28,28,28,22,1,0,0],"gold":29,"neow_bonus":"THREE_RARE_CARDS","is_daily":false,"chose_seed":false,"campfire_upgraded":3,"win_rate":0.0,"timestamp":1609815016,"path_taken":["M","$","?","?","?","R","?","R","T","E","M","M","R","M","R","BOSS","M","?","$","M","?","M"],"items_purchased_type":["Relic"],"build_version":"2020-12-22","purchased_purges":1,"victory":false,"max_hp_per_floor":[75,75,75,68,68,68,68,68,68,68,68,68,68,68,68,68,68,68,68,68,68,68,68,68],"relic_stats":{"counters":[10,29],"Golden Idol":52,"PreservedInsect":22,"Necronomicon":[0],"obtain_stats":[{"Golden Idol":4,"PreservedInsect":9,"Fusion Hammer":17,"Necronomicon":22,"StrikeDummy":5,"Burning Blood":0,"FossilizedHelix":20,"Pocketwatch":10},{"Golden Idol":1,"PreservedInsect":2,"Fusion Hammer":7,"Necronomicon":9,"StrikeDummy":1,"Burning Blood":0,"FossilizedHelix":8,"Pocketwatch":3},{"Golden Idol":3,"PreservedInsect":6,"Fusion Hammer":21,"Necronomicon":28,"StrikeDummy":3,"Burning Blood":0,"FossilizedHelix":25,"Pocketwatch":8}],"Burning Blood":54,"Pocketwatch":[21]},"card_choices":[{"not_picked":["Barricade","Reaper"],"picked":"Offering","floor":0},{"not_picked":["True Grit","Shrug It Off"],"picked":"Heavy Blade","floor":1},{"not_picked":["Cleave","Ghostly Armor"],"picked":"Flex","floor":7},{"not_picked":["Juggernaut","Corruption"],"picked":"Shrug It Off","floor":10},{"not_picked":["Perfected Strike","Shrug It Off"],"picked":"Flex","floor":11},{"not_picked":["Sentinel","Shrug It Off"],"picked":"Metallicize","floor":12},{"not_picked":["Dual Wield","Dark Embrace"],"picked":"Feed","floor":14},{"not_picked":["Corruption","Bludgeon"],"picked":"Exhume","floor":16},{"not_picked":["Sever Soul","Havoc"],"picked":"Seeing Red","floor":18},{"not_picked":["Headbutt","Seeing Red","Perfected Strike"],"picked":"SKIP","floor":21}],"player_experience":2186420,"relics_obtained":[{"floor":9,"key":"PreservedInsect"},{"floor":10,"key":"Pocketwatch"},{"floor":22,"key":"Necronomicon"}],"event_choices":[{"damage_healed":0,"gold_gain":75,"player_choice":"Gather Gold","damage_taken":11,"max_hp_gain":0,"max_hp_loss":0,"event_name":"World of Goop","floor":3,"gold_loss":0},{"damage_healed":0,"gold_gain":0,"player_choice":"Lose Max HP","damage_taken":0,"relics_obtained":["Golden Idol"],"max_hp_gain":0,"max_hp_loss":7,"event_name":"Golden Idol","floor":4,"gold_loss":0},{"damage_healed":0,"gold_gain":0,"player_choice":"Box","damage_taken":0,"relics_obtained":["StrikeDummy"],"max_hp_gain":0,"max_hp_loss":0,"event_name":"Big Fish","floor":5,"gold_loss":0,"cards_obtained":["Regret"]},{"damage_healed":0,"gold_gain":0,"player_choice":"Simplicity","damage_taken":0,"max_hp_gain":0,"max_hp_loss":0,"event_name":"Back to Basics","floor":19,"gold_loss":0,"cards_upgraded":["Strike_R","Strike_R","Strike_R","Strike_R","Strike_R","Defend_R","Defend_R","Defend_R","Defend_R"]},{"damage_healed":0,"gold_gain":0,"player_choice":"Obtained Book","damage_taken":21,"max_hp_gain":0,"max_hp_loss":0,"event_name":"Cursed Tome","floor":22,"gold_loss":0}],"is_beta":false,"boss_relics":[{"not_picked":["Runic Dome","Snecko Eye"],"picked":"Fusion Hammer"}],"items_purged_floors":[2],"is_endless":false,"potions_floor_spawned":[7,10,11,21],"killed_by":"Snake Plant","ascension_level":19}}