{"host":"l6vifo5ajdb3p20b","time":1609859662,"event":{"mods":["2.2 Compatiblity","BaseMod","Better Altar","Better Sensory Stone","Better Skull","Better Third Choice","BetterRewards","Block Reminder","Colored Map","Defuse TimeMaze Blight","Energized Spire","Minty Spire (QoL Compilation)","Relic Stats","Replay The Spire","StSLib"],"gold_per_floor":[99,119,131,142,156,190,190,224,224,259,287,252,281,308,308,308,308],"floor_reached":16,"playtime":1428,"items_purged":[],"score":208,"play_id":"bb935e7f-346b-42f8-a018-93534f3a7b9e","local_time":"20210105221422","daily_mods":["SealedDeck","Flight","DeadlyEvents","Elite Swarm"],"is_ascension_mode":true,"campfire_choices":[{"data":"Self Repair","floor":7,"key":"SMITH"}],"circlet_count":0,"master_deck":["Sweeping Beam","Steam","Recycle","White Noise","Storm","Ball Lightning","Compile Driver","Chill","Darkness","ReplayTheSpireMod:System Scan+1","Self Repair+1","Ball Lightning","Time Bomb","Panic Button","Core Surge","ReplayRNGCard","Seek","Mirror Shield","Electrodynamics","Mayhem"],"relics":["Cracked Core","Pear","Cables","ReplayTheSpireMod:Lightbulb","Matryoshka","PreservedInsect","Question Card","ReplayTheSpireMod:Ninjato"],"acts_visited":["Exordium"],"potions_floor_usage":[],"damage_taken":[{"damage":0,"enemies":"Cultist","floor":2,"turns":2},{"damage":0,"enemies":"Small Slimes","floor":3,"turns":3},{"damage":2,"enemies":"2 Louse","floor":4,"turns":2},{"damage":7,"enemies":"Exordium Wildlife","floor":5,"turns":3},{"damage":16,"enemies":"Gremlin Nob","floor":6,"turns":3},{"damage":10,"enemies":"Lagavulin","floor":8,"turns":5},{"damage":18,"enemies":"3 Sentries","floor":10,"turns":5},{"damage":14,"enemies":"Lagavulin","floor":11,"turns":4},{"damage":17,"enemies":"3 Sentries","floor":13,"turns":4},{"damage":18,"enemies":"Lagavulin","floor":14,"turns":3},{"damage":36,"enemies":"The Guardian","floor":16,"turns":7}],"seed_played":"2174185235020337073","potions_obtained":[{"floor":5,"key":"Strength Potion"},{"floor":6,"key":"Dexterity Potion"},{"floor":14,"key":"Elixir"}],"is_trial":true,"path_per_floor":["?","M","M","M","M","E","R","E","T","E","E","?","E","E","R_BF","B"],"character_chosen":"DEFECT","items_purchased":[],"campfire_rested":0,"item_purchase_floors":[],"current_hp_per_floor":[75,75,75,75,75,76,76,76,76,68,64,85,78,70,70,34,34],"gold":308,"neow_bonus":"","is_daily":false,"chose_seed":false,"campfire_upgraded":1,"win_rate":0.0,"timestamp":1609859662,"path_taken":["?","M","M","M","?","E","R","E","T","E","E","?","E","E","R_BF","BOSS"],"items_purchased_type":[],"build_version":"2020-12-22","purchased_purges":0,"victory":false,"max_hp_per_floor":[75,75,75,75,75,85,85,85,85,85,85,85,85,85,85,85,85],"relic_stats":{"counters":[11,41],"PreservedInsect":59,"Question Card":2,"obtain_stats":[{"Pear":6,"Matryoshka":10,"ReplayTheSpireMod:Ninjato":14,"PreservedInsect":11,"Cracked Core":0,"ReplayTheSpireMod:Lightbulb":9,"Question Card":13,"Cables":8},{"Pear":5,"Matryoshka":7,"ReplayTheSpireMod:Ninjato":10,"PreservedInsect":8,"Cracked Core":0,"ReplayTheSpireMod:Lightbulb":6,"Question Card":9,"Cables":6},{"Pear":13,"Matryoshka":23,"ReplayTheSpireMod:Ninjato":34,"PreservedInsect":27,"Cracked Core":0,"ReplayTheSpireMod:Lightbulb":18,"Question Card":31,"Cables":18}],"Cables":[13,7,3,3,0]},"card_choices":[{"not_picked":["Steam Power","Ball Lightning"],"picked":"Self Repair","floor":2},{"not_picked":["Streamline","Tempest"],"picked":"Ball Lightning","floor":3},{"not_picked":["Steam","Gash"],"picked":"Time Bomb","floor":4},{"not_picked":["Rebound","Sweeping Beam"],"picked":"Panic Button","floor":5},{"not_picked":["Rainbow","All For One","Meteor Strike"],"picked":"SKIP","floor":6},{"not_picked":["Meteor Strike","Hyperbeam"],"picked":"Core Surge","floor":8},{"not_picked":["Biased Cognition","Hyperbeam"],"picked":"ReplayRNGCard","floor":10},{"not_picked":["All For One","ReplayTheSpireMod:Omega Cannon"],"picked":"Seek","floor":11},{"not_picked":["Meteor Strike","Hyperbeam"],"picked":"Mirror Shield","floor":13},{"not_picked":["Machine Learning","Fission","Meteor Strike"],"picked":"Electrodynamics","floor":14},{"not_picked":["Sadistic Nature","ReplayTheSpireMod:Trickstab","ReplayTheSpireMod:Private Reserves"],"picked":"Mayhem","floor":15}],"player_experience":807165,"relics_obtained":[{"floor":6,"key":"Pear"},{"floor":8,"key":"Cables"},{"floor":9,"key":"ReplayTheSpireMod:Lightbulb"},{"floor":10,"key":"Matryoshka"},{"floor":11,"key":"PreservedInsect"},{"floor":13,"key":"Question Card"},{"floor":14,"key":"ReplayTheSpireMod:Ninjato"}],"event_choices":[{"damage_healed":21,"gold_gain":0,"player_choice":"Healed","damage_taken":0,"max_hp_gain":0,"max_hp_loss":0,"event_name":"The Cleric","floor":12,"gold_loss":35},{"damage_healed":0,"gold_gain":1,"player_choice":"1","damage_taken":0,"max_hp_gain":0,"max_hp_loss":0,"event_name":"betterStone:BetterStone","floor":15,"gold_loss":0}],"is_beta":false,"boss_relics":[],"items_purged_floors":[],"is_endless":true,"potions_floor_spawned":[5,6,14],"killed_by":"The Guardian","ascension_level":1}}