{"host":"0nfdmr2b19ur4mbc","time":1609867885,"event":{"mods":["2.2 Compatiblity","AchievementEnabler","Aspiration","BaseMod","Better Match","Better Note","Better Third Choice","Better Vampires","Disable Question Mark Monsters","Googly Eyes","Hubris","Infinite Spire","Minty Spire (QoL Compilation)","Quick Restart","Rare Cards Sparkle","Replay The Spire","StSLib"],"gold_per_floor":[115,134,134,134,134,168,220,230,256,268,280,292,304,326,338,452,464,490,502,514,514],"floor_reached":20,"playtime":503,"items_purged":[],"score":220,"play_id":"492f1bd9-87c2-4757-962f-7f5333ec97a2","local_time":"20210105183125","is_ascension_mode":false,"campfire_choices":[{"data":"Run Through","floor":13.0,"key":"SMITH"}],"circlet_count":0,"master_deck":["Strike_R","Strike_R","Strike_R","Defend_R","Defend_R","Defend_R","Defend_R","Bash","Sever Soul+1","Body Slam","Run Through+1","Reaper+1","Clothesline","Feed","AbeCurse","ReplayTheSpireMod:Limb From Limb+1"],"relics":["Burning Blood","NeowsBlessing","Strawberry","HornCleat","MawBank","ReplayTheSpireMod:Ring of Challenge","Replay:Grab Bag","ReplayTheSpireMod:DimensionalGlitch","Abe\u0027s Treasure","Runic Pyramid","Molten Egg 2"],"acts_visited":["Exordium","TheCity"],"potions_floor_usage":[16,16,16],"damage_taken":[{"damage":0.0,"enemies":"Small Slimes","floor":1.0,"turns":1.0},{"damage":0.0,"enemies":"Cultist","floor":2.0,"turns":1.0},{"damage":0.0,"enemies":"Gremlin Nob","floor":6.0,"turns":1.0},{"damage":11.0,"enemies":"2 Louse","floor":8.0,"turns":2.0},{"damage":1.0,"enemies":"2 Fungi Beasts","floor":14.0,"turns":4.0},{"damage":86,"enemies":"Hexaghost","floor":16,"turns":12},{"damage":39,"enemies":"2 Thieves","floor":18,"turns":4},{"damage":25,"enemies":"3 Byrds","floor":20,"turns":4}],"seed_played":"-2072047793105960027","potions_obtained":[{"floor":2.0,"key":"AttackPotion"},{"floor":7.0,"key":"Explosive Potion"},{"floor":14.0,"key":"SteroidPotion"},{"floor":18,"key":"FearPotion"}],"is_trial":false,"path_per_floor":["M","M","?","?","$","E","?","M","T","?","?","?","R","M","R","B",null,"M","AVR","M"],"character_chosen":"IRONCLAD","items_purchased":[],"campfire_rested":0,"item_purchase_floors":[],"current_hp_per_floor":[80,80,80,80,80,87,66,61,61,61,66,66,66,83,83,10,92,58,58,36,36],"gold":514,"neow_bonus":"THREE_ENEMY_KILL","is_daily":false,"chose_seed":false,"campfire_upgraded":1,"win_rate":0.0,"timestamp":1609867885,"path_taken":["M","M","?","?","$","E","?","M","T","?","?","?","R","M","R","BOSS","M","AVR","M"],"items_purchased_type":[],"build_version":"2020-12-22","purchased_purges":0,"victory":false,"max_hp_per_floor":[80,80,80,80,80,87,87,87,87,87,92,92,92,92,92,92,92,95,95,95,95],"card_choices":[{"not_picked":["Sever Soul","ReplayTheSpireMod:Corrosion Curse","Headbutt"],"picked":"SKIP","floor":1.0},{"not_picked":["ReplayTheSpireMod:Corrosion Curse","Headbutt"],"picked":"Sever Soul","floor":1.0},{"not_picked":["Carnage","Cleave"],"picked":"Body Slam","floor":2.0},{"not_picked":["Headbutt","ReplayTheSpireMod:LeadingStrike"],"picked":"Run Through","floor":6.0},{"not_picked":["Abandon","Run Through"],"picked":"Reaper","floor":8.0},{"not_picked":["Twin Strike","Perfected Strike","Pummel"],"picked":"SKIP","floor":14.0},{"not_picked":["Double Tap","Exhume"],"picked":"Feed","floor":16},{"not_picked":["Rampage","Clothesline"],"picked":"ReplayTheSpireMod:Limb From Limb+1","floor":18}],"player_experience":151447,"relics_obtained":[{"floor":6.0,"key":"Strawberry"},{"floor":7.0,"key":"HornCleat"},{"floor":9.0,"key":"MawBank"},{"floor":10.0,"key":"ReplayTheSpireMod:Ring of Challenge"}],"event_choices":[{"cards_removed":["Strike_R"],"damage_healed":0.0,"max_hp_gain":0.0,"max_hp_loss":0.0,"gold_gain":0.0,"event_name":"Bonfire Elementals","player_choice":"Offered Basic","floor":3.0,"gold_loss":0.0,"damage_taken":0.0},{"damage_healed":0.0,"max_hp_gain":5.0,"max_hp_loss":0.0,"gold_gain":0.0,"event_name":"Big Fish","player_choice":"Donut","floor":11.0,"gold_loss":0.0,"damage_taken":0.0},{"damage_healed":0.0,"max_hp_gain":0.0,"max_hp_loss":0.0,"gold_gain":0.0,"event_name":"Upgrade Shrine","player_choice":"Upgraded","floor":12.0,"gold_loss":0.0,"damage_taken":0.0,"cards_upgraded":["Reaper"]}],"is_beta":false,"boss_relics":[{"not_picked":["hubris:GrandSneckoEye","hubris:BlackHole"],"picked":"Replay:Grab Bag"},{"not_picked":["aspiration:FutureDiary","infinitespire:Cupcake"],"picked":"ReplayTheSpireMod:DimensionalGlitch"},{"not_picked":["ReplayTheSpireMod:Onyx Gauntlets","Mark of Pain"],"picked":"Abe\u0027s Treasure"},{"not_picked":["aspiration:DefectSkillbook","SacredBark"],"picked":"Runic Pyramid"}],"items_purged_floors":[],"is_endless":false,"potions_floor_spawned":[2,14,18],"killed_by":"3 Byrds","ascension_level":0}}