{"host":"dwyzfvnzfcqffr30","time":1609843217,"event":{"mods":["2.2 Compatiblity","Act Like it!","BaseMod","Beaked The Cultist","Better Altar","Better Match","Better Note","Better Sensory Stone","Better Skull","Better Third Choice","Clockwork Mod","Colored Map","Colored Powertips","Conspire","Downfall","Elementarium","GifTheSpireLib","Halation","Hermit","Hubris","Infinite Spire","Ironclad Rager","Jedi Mod","Menagerie","Mimic Mod","Minty Spire (QoL Compilation)","Permanent Neow","Random Character Button","Replay The Spire","Spicy Shops","StSLib","Stuff the Spire","The Construct","The Disciple","The Druid","The Marked","TheFirefly","Trackpad","vexMod"],"gold_per_floor":[417,417,66,85,99,99,239,254,335,349,457,457,382,382,382,480,480,494,494,494,514,59,163,203,352,401,525,553,553,657,666,666,772,772,790,790,802,777,797,797,925,925,952,952,1011,1031,1177,1187,1187,1187,1187,1187,63,328,338],"floor_reached":56,"playtime":4729,"items_purged":["conspire:NecroticWound"],"score":2384,"play_id":"2e8cac3a-8e67-4288-a7a6-a940abb00253","local_time":"20210105024017","is_ascension_mode":true,"campfire_choices":[{"floor":6,"key":"RECALL"},{"floor":12,"key":"REST"},{"floor":15,"key":"REST"},{"floor":29,"key":"REST"},{"floor":32,"key":"REST"},{"floor":40,"key":"REST"},{"floor":42,"key":"REST"},{"floor":49,"key":"REST"},{"floor":52,"key":"REST"}],"circlet_count":0,"master_deck":["AscendersBane","StuffTheSpire:Sprint+1","beaked:Strike_Y+1","beaked:Strike_Y+1","beaked:Strike_Y+1","beaked:Strike_Y+1","beaked:Strike_Y+1","beaked:Strike_Y+1","beaked:Defend_Y+1","beaked:Defend_Y+1","beaked:Defend_Y+1","beaked:Defend_Y+1","beaked:Ceremony+1","beaked:Ceremony+1","beaked:Ceremony+1","beaked:DarkTribute+1","beaked:BraceForImpact+1","beaked:Evade+1","beaked:WarriorEssence+1","beaked:CursingBlood+1","beaked:KnowThyFoe+1","infinitespire:Execution+1","beaked:MimicMachine+1","beaked:BloodRitual+1","beaked:Foresight+1","beaked:MachineSpirit+1","beaked:Hexing+1","MasterReality+1","beaked:AwakenedForm+1","Voices","beaked:Negation+1","Panacea+1","Hallucinations","ReplayTheSpireMod:RavenHex+1","Shame"],"relics":["beaked:MendingPlumage","Toxic Egg 2","Frozen Egg 2","Molten Egg 2","Quantum Egg","StuffTheSpire:TintedRock","hubris:EvacipatedBox","Juzu Bracelet","Menagerie:ShiftingBlessing","trackpad:ByrdBGone","Blood Vial","jedi:heavyjacket","Golden Egg","trackpad:BottledShadow","hubris:Reverence","Replay:Bronze Core","Vajra","CaptainsWheel","CeramicFish","Red Mask","trackpad:WondrousWand","StuffTheSpire:MayFlowers","Bottled Tornado","Lizard Tail","hubris:TerracottaHorce","halation:BlackBeret","Regal Pillow","Ring of Fury","Ring of Greed","hubris:MobiusCoin","The Courier","hubris:Potato","Kunai","Anchor","trackpad:CultistFigurine","vexMod:InvisibilityCloak","infinitespire:Midas Blood"],"acts_visited":["Menagerie:Menagerie","TheCity","TheBeyond","TheEnding"],"potions_floor_usage":[10,16,23,24,30,31,37,46,50,50,55,55,55],"damage_taken":[{"damage":0,"enemies":"Menagerie:WhisperingWraith","floor":1,"turns":4},{"damage":0,"enemies":"Menagerie:StygianBoar","floor":4,"turns":3},{"damage":0,"enemies":"Menagerie:MonstrousExperiment","floor":5,"turns":4},{"damage":0,"enemies":"Menagerie:Hydra","floor":7,"turns":4},{"damage":0,"enemies":"Menagerie:BEAST_MAGE_AND_PROWLING_AMALGAM","floor":8,"turns":7},{"damage":0,"enemies":"Menagerie:EntropyWarlock","floor":10,"turns":4},{"damage":9,"enemies":"Menagerie:MaskedSummoner","floor":11,"turns":9},{"damage":4,"enemies":"Menagerie:AVATARS","floor":16,"turns":6},{"damage":0,"enemies":"3 Byrds","floor":18,"turns":3},{"damage":5,"enemies":"2 Thieves","floor":21,"turns":5},{"damage":58,"enemies":"Gremlin Leader","floor":23,"turns":8},{"damage":1,"enemies":"Masked Bandits","floor":24,"turns":5},{"damage":41,"enemies":"conspire:Head Lice","floor":25,"turns":7},{"damage":12,"enemies":"Cultist and Chosen","floor":26,"turns":10},{"damage":15,"enemies":"Slavers","floor":27,"turns":5},{"damage":32,"enemies":"Cultist and Chosen","floor":28,"turns":7},{"damage":24,"enemies":"conspire:SneckoGhost","floor":30,"turns":10},{"damage":28,"enemies":"hubris:MusketHawk","floor":33,"turns":8},{"damage":11,"enemies":"3 Darklings","floor":35,"turns":6},{"damage":0,"enemies":"3 Shapes","floor":37,"turns":10},{"damage":14,"enemies":"Maw","floor":39,"turns":7},{"damage":56,"enemies":"Nemesis","floor":41,"turns":9},{"damage":70,"enemies":"Jaw Worm Horde","floor":46,"turns":9},{"damage":0,"enemies":"R_Hoarder","floor":47,"turns":7},{"damage":57,"enemies":"3 Darklings","floor":48,"turns":8},{"damage":54,"enemies":"Time Eater","floor":50,"turns":9},{"damage":101,"enemies":"Shield and Spear","floor":54,"turns":9},{"damage":41,"enemies":"The Heart","floor":55,"turns":9}],"seed_played":"-1072218353064080626","potions_obtained":[{"floor":7,"key":"Adrenaline Potion"},{"floor":8,"key":"SteroidPotion"},{"floor":10,"key":"LiquidBronze"},{"floor":16,"key":"Dexterity Potion"},{"floor":21,"key":"Toxic Potion"},{"floor":27,"key":"Venom Potion"},{"floor":30,"key":"SkillPotion"},{"floor":35,"key":"jedi:StrikingPotion"},{"floor":39,"key":"Guardian:BlockOnCardUsePotion"},{"floor":46,"key":"Guardian:BlockOnCardUsePotion"},{"floor":48,"key":"LiquidBronze"},{"floor":54,"key":"Ancient Potion"}],"is_trial":false,"path_per_floor":["M","?","$","M","M","R","E","M","T","M","E","R","?","?","R","B",null,"M","?","?","M","$","E","?","E","MIM","E","M","R","E","M","R","B",null,"M","AVR","M","?","M","R","E","R","T","?","?","M","E","M","R","B",null,"R","$","E","B",null],"character_chosen":"BEAKED_THE_CULTIST","items_purchased":["trackpad:ByrdBGone","Blood Vial","jedi:heavyjacket","Vajra","beaked:MimicMachine+1","CaptainsWheel","Kunai","Anchor","trackpad:CultistFigurine","vexMod:InvisibilityCloak","PowerPotion","infinitespire:Midas Blood","Strength Potion","Panacea+1"],"campfire_rested":8,"item_purchase_floors":[3,3,3,22,22,22,53,53,53,53,53,53,53,53],"current_hp_per_floor":[50,41,41,50,50,50,50,50,50,50,50,50,50,50,50,50,50,50,50,38,50,50,50,50,33,50,50,42,50,50,50,50,50,50,50,50,50,50,50,50,37,50,50,50,50,46,50,30,50,10,40,50,50,25,36],"gold":338,"neow_bonus":"ONE_RANDOM_RARE_CARD","is_daily":false,"chose_seed":false,"campfire_upgraded":0,"win_rate":0.0,"timestamp":1609843217,"path_taken":["M","?","$","M","M","R","E","M","T","M","E","R","?","?","R","BOSS","M","?","?","M","$","E","?","E","MIM","E","M","R","E","M","R","BOSS","M","AVR","M","?","M","R","E","R","T","?","?","M","E","M","R","BOSS","R","$","E","BOSS"],"items_purchased_type":["Relic","Relic","Relic","Relic","Card","Relic","Relic","Relic","Relic","Relic","Potion","Relic","Potion","Card"],"build_version":"2020-12-22","purchased_purges":1,"victory":true,"max_hp_per_floor":[50,50,50,50,50,50,50,50,50,50,50,50,50,50,50,50,50,50,50,50,50,50,50,50,50,50,50,50,50,50,50,50,50,50,50,50,50,50,50,50,50,50,50,50,50,50,50,50,50,50,50,50,50,50,50],"card_choices":[{"not_picked":["beaked:RuinSticks+1","beaked:Poke+1","beaked:SurvivalInstinct+1"],"picked":"SKIP","floor":1},{"not_picked":["beaked:TuckingFeathers+1","beaked:Cower+1"],"picked":"beaked:BraceForImpact+1","floor":4},{"not_picked":["beaked:Flinch+1","beaked:Daydream+1"],"picked":"beaked:Evade+1","floor":5},{"not_picked":["ReplayTheSpireMod:Prepare the Ceremony+1","beaked:Roost+1"],"picked":"beaked:WarriorEssence+1","floor":7},{"not_picked":["beaked:Daydream+1","beaked:Tweet+1"],"picked":"beaked:CursingBlood+1","floor":8},{"not_picked":["ReplayTheSpireMod:Owlgaze+1","beaked:DigDeep+1","beaked:Brace+1"],"picked":"SKIP","floor":10},{"not_picked":["beaked:BraceForImpact+1","beaked:LiftOff+1","beaked:Evade+1"],"picked":"SKIP","floor":11},{"not_picked":["ReplayTheSpireMod:Owlgaze+1","beaked:FullHouse+1"],"picked":"beaked:KnowThyFoe+1","floor":16},{"not_picked":["beaked:SurvivalInstinct+1","beaked:Cower+1","ReplayTheSpireMod:Wings of Steel+1"],"picked":"SKIP","floor":18},{"not_picked":["ReplayTheSpireMod:Chaos Vortex","hubris:Fate"],"picked":"infinitespire:Execution","floor":20},{"not_picked":["beaked:Flinch+1","beaked:Tradeoff+1","beaked:DesperateSwing+1"],"picked":"SKIP","floor":21},{"not_picked":["beaked:HuntressEssence+1","beaked:StunningBlow+1","beaked:Evade+1"],"picked":"SKIP","floor":23},{"not_picked":["beaked:TuckingFeathers+1","beaked:CursingBlood+1"],"picked":"beaked:BloodRitual+1","floor":24},{"not_picked":["beaked:Tweet+1","beaked:Mantra+1"],"picked":"beaked:Foresight+1","floor":25},{"not_picked":["beaked:Resilience+1","beaked:WarriorEssence+1"],"picked":"beaked:MachineSpirit+1","floor":26},{"not_picked":["ReplayTheSpireMod:Wings of Steel+1","beaked:Brace+1","beaked:MachineSpirit+1"],"picked":"SKIP","floor":27},{"not_picked":["beaked:BraceForImpact+1","beaked:Resilience+1"],"picked":"beaked:Hexing+1","floor":28},{"not_picked":["beaked:BraceForImpact+1","beaked:BloodForTheGods+1","beaked:Molting+1"],"picked":"SKIP","floor":30},{"not_picked":["beaked:SacrificialScars+1","beaked:VolatileMisfortune+1"],"picked":"beaked:AwakenedForm+1","floor":33},{"not_picked":["beaked:MimicMachine+1","beaked:DigDeep+1","beaked:TuckingFeathers+1"],"picked":"SKIP","floor":35},{"not_picked":["beaked:Daydream+1","beaked:SurvivalInstinct+1","beaked:Hexing+1"],"picked":"SKIP","floor":37},{"not_picked":["beaked:Poke+1","beaked:Struggle+1","beaked:Tradeoff+1"],"picked":"SKIP","floor":39},{"not_picked":["beaked:SurvivalInstinct+1","beaked:Hexing+1","beaked:BraceForImpact+1"],"picked":"SKIP","floor":41},{"not_picked":["beaked:WarriorEssence+1","beaked:Overpower+1","beaked:Roost+1"],"picked":"SKIP","floor":46},{"not_picked":["beaked:MimicHuntress+1","beaked:Foresight+1"],"picked":"beaked:Negation+1","floor":47},{"not_picked":["beaked:Overpower+1","beaked:Resilience+1","beaked:Cower+1"],"picked":"SKIP","floor":48},{"not_picked":["beaked:Insight+1","beaked:DesperateSwing+1"],"picked":"ReplayTheSpireMod:RavenHex+1","floor":54}],"player_experience":2579037,"relics_obtained":[{"floor":7,"key":"Golden Egg"},{"floor":9,"key":"trackpad:BottledShadow"},{"floor":11,"key":"hubris:Reverence"},{"floor":23,"key":"CeramicFish"},{"floor":24,"key":"Red Mask"},{"floor":25,"key":"trackpad:WondrousWand"},{"floor":27,"key":"StuffTheSpire:MayFlowers"},{"floor":41,"key":"halation:BlackBeret"},{"floor":43,"key":"Regal Pillow"},{"floor":45,"key":"Ring of Fury"},{"floor":45,"key":"Ring of Greed"},{"floor":45,"key":"hubris:MobiusCoin"},{"floor":45,"key":"The Courier"},{"floor":47,"key":"hubris:Potato"}],"event_choices":[{"damage_healed":0,"gold_gain":0,"player_choice":"Simplicity","damage_taken":0,"max_hp_gain":0,"max_hp_loss":10,"event_name":"betterThird:BetterWriting","floor":0,"gold_loss":0},{"damage_healed":0,"gold_gain":0,"player_choice":"Touch","damage_taken":9,"relics_obtained":["Menagerie:ShiftingBlessing"],"max_hp_gain":0,"max_hp_loss":0,"event_name":"Menagerie:LunarGift","floor":2,"gold_loss":0},{"damage_healed":0,"gold_gain":0,"player_choice":"3","damage_taken":0,"max_hp_gain":0,"max_hp_loss":0,"event_name":"betterMatch:BetterMatch","floor":13,"gold_loss":0,"cards_obtained":[]},{"damage_healed":0,"gold_gain":0,"player_choice":"Leave","damage_taken":0,"max_hp_gain":0,"max_hp_loss":0,"event_name":"conspire:Investor","floor":14,"gold_loss":0},{"damage_healed":0,"gold_gain":0,"player_choice":"Fought Bandits","damage_taken":0,"max_hp_gain":0,"max_hp_loss":0,"event_name":"Masked Bandits","floor":24,"gold_loss":0}],"is_beta":false,"boss_relics":[{"not_picked":["hubris:VirtuousBlindfold","StuffTheSpire:RunicHypercube","conspire:SlowCooker"],"picked":"Replay:Bronze Core"},{"not_picked":[]}],"items_purged_floors":[53],"is_endless":false,"potions_floor_spawned":[7,8,10,16,21,23,27,30,35,39,41,46,48,54],"ascension_level":17}}