{"host":"dwyzfvnzfcqffr30","time":1609858441,"event":{"mods":["2.2 Compatiblity","Act Like it!","BaseMod","Beaked The Cultist","Better Altar","Better Match","Better Note","Better Sensory Stone","Better Skull","Better Third Choice","Clockwork Mod","Colored Map","Colored Powertips","Conspire","Downfall","Elementarium","GifTheSpireLib","Halation","Hermit","Hubris","Infinite Spire","Ironclad Rager","Jedi Mod","Menagerie","Mimic Mod","Minty Spire (QoL Compilation)","Permanent Neow","Random Character Button","Replay The Spire","Spicy Shops","StSLib","Stuff the Spire","The Construct","The Disciple","The Druid","The Marked","TheFirefly","Trackpad","vexMod"],"gold_per_floor":[435,435,487,23,40,40,40],"floor_reached":6,"playtime":514,"items_purged":["Pride"],"score":58,"play_id":"bc1a3429-9207-45d9-9359-7342e5b851ee","local_time":"20210105065401","is_ascension_mode":true,"campfire_choices":[],"circlet_count":0,"master_deck":["AscendersBane","beaked:Strike_Y+1","beaked:Strike_Y+1","beaked:Strike_Y+1","beaked:Strike_Y+1","beaked:Strike_Y+1","beaked:Strike_Y+1","beaked:Defend_Y+1","beaked:Defend_Y+1","beaked:Defend_Y+1","beaked:Defend_Y+1","beaked:Ceremony+1","beaked:Ceremony+1","beaked:Ceremony+1","MasterReality+1","beaked:Resilience+1","beaked:BarbedWire+1","beaked:DesperateSwing+1","beaked:BloodRitual+1"],"relics":["beaked:MendingPlumage","Toxic Egg 2","Frozen Egg 2","Molten Egg 2","Quantum Egg","StuffTheSpire:TintedRock","Juzu Bracelet","infinitespire:EvilPickle","Bottled Tornado","Mummified Hand","Golden Idol","Replay:Byrd Feeder","sneckomod:BlankCard","trackpad:BiPhaseBiplane"],"acts_visited":["Exordium"],"potions_floor_usage":[6],"damage_taken":[{"damage":0,"enemies":"2 Louse","floor":1,"turns":2},{"damage":0,"enemies":"conspire:RoseBush","floor":3,"turns":4},{"damage":0,"enemies":"Small Slimes","floor":5,"turns":4},{"damage":79,"enemies":"Gremlin Nob","floor":6,"turns":5}],"seed_played":"-5668407178726130823","potions_obtained":[{"floor":0,"key":"jedi:holywater"},{"floor":0,"key":"CultistPotion"}],"is_trial":false,"path_per_floor":["M","?","M","$","M","E"],"character_chosen":"BEAKED_THE_CULTIST","items_purchased":["Replay:Byrd Feeder","sneckomod:BlankCard","trackpad:BiPhaseBiplane","beaked:DesperateSwing+1"],"campfire_rested":0,"item_purchase_floors":[4,4,4,4],"current_hp_per_floor":[50,38,50,50,50,0,0],"gold":40,"neow_bonus":"THREE_SMALL_POTIONS","is_daily":false,"chose_seed":false,"campfire_upgraded":0,"win_rate":0.0,"timestamp":1609858441,"path_taken":["M","?","M","$","M","E"],"items_purchased_type":["Relic","Relic","Relic","Card"],"build_version":"2020-12-22","purchased_purges":1,"victory":false,"max_hp_per_floor":[50,50,50,50,50,50,50],"card_choices":[{"not_picked":["beaked:Foresight+1","beaked:StickSmack+1"],"picked":"beaked:Resilience+1","floor":1},{"not_picked":["beaked:Devastation+1","beaked:Poke+1"],"picked":"beaked:BarbedWire+1","floor":3},{"not_picked":["beaked:StunningBlow+1","beaked:DigDeep+1"],"picked":"beaked:BloodRitual+1","floor":5}],"player_experience":2597419,"relics_obtained":[],"event_choices":[{"damage_healed":0,"gold_gain":0,"player_choice":"Simplicity","damage_taken":0,"max_hp_gain":0,"max_hp_loss":10,"event_name":"betterThird:BetterWriting","floor":0,"gold_loss":0},{"damage_healed":0,"gold_gain":0,"player_choice":"Take Damage","damage_taken":12,"relics_obtained":["Golden Idol"],"max_hp_gain":0,"max_hp_loss":0,"event_name":"Golden Idol","floor":2,"gold_loss":0}],"is_beta":false,"boss_relics":[],"items_purged_floors":[4],"is_endless":false,"potions_floor_spawned":[1,3],"killed_by":"Gremlin Nob","ascension_level":12}}