{"host":"ct28ocsd8g8yr2ah","time":1609852713,"event":{"mods":["BaseMod","Better Third Choice","Hermit","Marisa????????","Minty Spire (QoL Compilation)","StSLib","The Animator","The Gatherer","The Servant 0.9.4","Waifu the Spire"],"gold_per_floor":[119,131,206,216,216,216,240,80,80,80,80,54,78,28,28,152,152,165,13,13,29,42,42,65,100,100,118,139,164,187,207,207,207,207],"floor_reached":33,"playtime":3503,"items_purged":["Strike_MRS"],"score":313,"play_id":"fc2de5b6-5411-4e85-933f-b7ca8d8adb78","local_time":"20210105181833","is_ascension_mode":false,"campfire_choices":[{"data":"ChargingUp","floor":6,"key":"SMITH"},{"data":"MachineGunSpark","floor":10,"key":"SMITH"},{"floor":15,"key":"REST"},{"floor":23,"key":"REST"},{"floor":32,"key":"REST"}],"circlet_count":0,"master_deck":["Defend_MRS","Defend_MRS","Defend_MRS","Defend_MRS","MasterSpark","UpSweep","ChargingUp+1","MysteriousBeam","GalacticHalo","Acceleration","PowerUp","MachineGunSpark+1","MysteriousBeam","MaximisePower","GravityBeat+1","AbsoluteMagnitude+1","SatelliteIllusion+1","MysteriousBeam","SprinkleStarSeal+1"],"relics":["MiniHakkero","NeowsBlessing","Golden Idol","Dream Catcher","Singing Bowl","Astrolabe","Sling","Molten Egg 2","Peace Pipe"],"acts_visited":["Exordium","TheCity"],"potions_floor_usage":[7,7,24,25,25,30],"damage_taken":[{"damage":0,"enemies":"2 Louse","floor":1,"turns":1},{"damage":0,"enemies":"Small Slimes","floor":2,"turns":1},{"damage":0,"enemies":"Jaw Worm","floor":4,"turns":1},{"damage":0,"enemies":"Gremlin Gang","floor":7,"turns":1},{"damage":11,"enemies":"3 Louse","floor":13,"turns":4},{"damage":56,"enemies":"Slime Boss","floor":16,"turns":7},{"damage":31,"enemies":"Chosen","floor":18,"turns":5},{"damage":44,"enemies":"3 Byrds","floor":21,"turns":6},{"damage":2,"enemies":"Snecko","floor":22,"turns":3},{"damage":12,"enemies":"Centurion and Healer","floor":24,"turns":4},{"damage":8,"enemies":"Gremlin Leader","floor":25,"turns":4},{"damage":16,"enemies":"Snake Plant","floor":27,"turns":3},{"damage":24,"enemies":"Snecko","floor":28,"turns":6},{"damage":0,"enemies":"Centurion and Healer","floor":29,"turns":5},{"damage":15,"enemies":"Snake Plant","floor":30,"turns":2},{"damage":19,"enemies":"Cultist and Chosen","floor":31,"turns":5},{"damage":75,"enemies":"Collector","floor":33,"turns":5}],"seed_played":"-8636098533649899294","potions_obtained":[{"floor":1,"key":"DistilledChaos"},{"floor":4,"key":"PowerPotion"},{"floor":16,"key":"FairyPotion"},{"floor":18,"key":"FearPotion"},{"floor":22,"key":"CultistPotion"},{"floor":24,"key":"Strength Potion"},{"floor":28,"key":"GamblersBrew"},{"floor":31,"key":"FairyPotion"}],"is_trial":false,"path_per_floor":["M","M","?","M","?","R","M","$","T","R","T","$","M","?","R","B",null,"M","$","?","M","M","R","M","E","T","M","M","M","M","M","R","B"],"character_chosen":"MARISA","items_purchased":["PowerUp","MachineGunSpark","IllusionStar","Sling"],"campfire_rested":3,"item_purchase_floors":[8,8,12,19],"current_hp_per_floor":[75,75,64,64,46,46,46,46,46,46,46,46,37,37,60,4,77,46,46,77,35,35,59,49,43,43,29,7,9,24,7,37,0,0],"gold":207,"neow_bonus":"THREE_ENEMY_KILL","is_daily":false,"chose_seed":false,"campfire_upgraded":2,"win_rate":0.0,"timestamp":1609852713,"path_taken":["M","M","?","M","?","R","M","$","T","R","?","$","?","?","R","BOSS","M","$","?","M","?","R","M","E","T","M","M","M","M","M","R","BOSS"],"items_purchased_type":["Card","Card","Card","Relic"],"build_version":"2020-12-22","purchased_purges":1,"victory":false,"max_hp_per_floor":[75,75,75,75,75,75,75,75,75,75,75,75,77,77,77,77,77,77,77,77,79,81,81,83,85,85,87,89,91,93,95,97,97,97],"card_choices":[{"not_picked":["PulseMagic","BlazeAway"],"picked":"ChargingUp","floor":1},{"not_picked":["ShootingEcho","FairyDestructionRay"],"picked":"MysteriousBeam","floor":2},{"not_picked":["GravityBeat","6A"],"picked":"GalacticHalo","floor":4},{"not_picked":["NonDirectionalLaser","FairyDestructionRay"],"picked":"Acceleration","floor":7},{"not_picked":["AlicesGift","GravityBeat","WitchLeyline"],"picked":"Singing Bowl","floor":13},{"not_picked":["OpenUniverse","MagicChant"],"picked":"MysteriousBeam","floor":15},{"not_picked":["SatelliteIllusion","AbsoluteMagnitude"],"picked":"MaximisePower","floor":16},{"not_picked":["GrandCross","WitchOfGreed"],"picked":"MysteriousBeam","floor":18},{"not_picked":["DarkMatter","MeteoricShower","NonDirectionalLaser"],"picked":"Singing Bowl","floor":21},{"not_picked":["UnstableBomb","SporeBomb","Acceleration"],"picked":"Singing Bowl","floor":22},{"not_picked":["MeteoricShower","EnergyFlow+1"],"picked":"SprinkleStarSeal+1","floor":23},{"not_picked":["6A","OrrerysSun","GalacticHalo"],"picked":"Singing Bowl","floor":24},{"not_picked":["StarlightTyphoon","GravityBeat+1","DragonMeteor+1"],"picked":"Singing Bowl","floor":25},{"not_picked":["OortCloud+1","DoubleSpark+1","DeepEcoloBomb+1"],"picked":"Singing Bowl","floor":27},{"not_picked":["LuminesStrike+1","GasGiant","Acceleration+1"],"picked":"Singing Bowl","floor":28},{"not_picked":["DC+1","Singularity","MilkyWay+1"],"picked":"Singing Bowl","floor":29},{"not_picked":["SporeBomb","MachineGunSpark+1","EnergyRecoil"],"picked":"Singing Bowl","floor":30},{"not_picked":["OpenUniverse","GasGiant+1","SuperPerseids"],"picked":"Singing Bowl","floor":31},{"not_picked":["OrrerysSun","DC+1","OpenUniverse"],"picked":"Singing Bowl","floor":32}],"player_experience":468212,"relics_obtained":[{"floor":9,"key":"Dream Catcher"},{"floor":11,"key":"Singing Bowl"},{"floor":25,"key":"Molten Egg 2"},{"floor":26,"key":"Peace Pipe"}],"event_choices":[{"damage_healed":0,"gold_gain":75,"player_choice":"Gold","damage_taken":11,"max_hp_gain":0,"max_hp_loss":0,"event_name":"betterThird:BetterGoop","floor":3,"gold_loss":0},{"damage_healed":0,"gold_gain":0,"player_choice":"Take Damage","damage_taken":18,"relics_obtained":["Golden Idol"],"max_hp_gain":0,"max_hp_loss":0,"event_name":"Golden Idol","floor":5,"gold_loss":0},{"cards_removed":["Strike_MRS"],"damage_healed":0,"gold_gain":0,"player_choice":"Card Removal","damage_taken":0,"max_hp_gain":0,"max_hp_loss":0,"event_name":"The Cleric","floor":14,"gold_loss":50},{"damage_healed":31,"gold_gain":0,"player_choice":"Full Heal","damage_taken":0,"max_hp_gain":0,"max_hp_loss":0,"event_name":"Wheel of Change","floor":20,"gold_loss":0}],"is_beta":false,"boss_relics":[{"not_picked":["Runic Pyramid","Busted Crown"],"picked":"Astrolabe"}],"items_purged_floors":[8],"is_endless":false,"potions_floor_spawned":[1,4,16,18,22,24,28,31],"killed_by":"Collector","ascension_level":0}}