{"host":"7yxt37kap0q16lk4","time":1609867024,"event":{"mods":["2.2 Compatiblity","Act Like it!","BaseMod","Better Third Choice","Better-Laid Plans","Colored Map","Custom Start","Highlight Path","Keyboard Shortcuts","Minty Spire (QoL Compilation)","Quick Restart","Rare Cards Sparkle","Relic Stats","Shop Mod","Slay the Relics Exporter","StSLib","SuperFastMode"],"gold_per_floor":[112,127,144,163,163,163,178,178,178,178,178],"floor_reached":10,"playtime":206,"items_purged":[],"score":120,"play_id":"9c00c5be-2bbc-4a7e-875e-611c33f132e4","local_time":"20210106021704","is_ascension_mode":true,"campfire_choices":[{"data":"Cloak And Dagger","floor":6,"key":"SMITH"},{"data":"Infinite Blades","floor":8,"key":"SMITH"}],"circlet_count":0,"master_deck":["AscendersBane","Strike_G","Strike_G","Strike_G","Strike_G","Strike_G","Defend_G","Defend_G","Defend_G","Defend_G","Defend_G","Survivor","Neutralize","Reflex","Cloak And Dagger+1","Infinite Blades+1","Deadly Poison"],"relics":["Sozu","Potion Belt"],"acts_visited":["Exordium"],"potions_floor_usage":[],"damage_taken":[{"damage":0,"enemies":"Jaw Worm","floor":1,"turns":6},{"damage":0,"enemies":"2 Louse","floor":2,"turns":3},{"damage":0,"enemies":"Small Slimes","floor":3,"turns":5},{"damage":4,"enemies":"Blue Slaver","floor":4,"turns":5},{"damage":16,"enemies":"Lots of Slimes","floor":7,"turns":5},{"damage":35,"enemies":"Lagavulin","floor":10,"turns":6}],"seed_played":"3838180761627689377","potions_obtained":[],"is_trial":false,"path_per_floor":["M","M","M","M","?","R","M","R","T","E"],"character_chosen":"THE_SILENT","items_purchased":[],"campfire_rested":0,"item_purchase_floors":[],"current_hp_per_floor":[59,59,59,55,60,60,44,44,44,9,9],"gold":178,"neow_bonus":"BOSS_RELIC","is_daily":false,"chose_seed":false,"campfire_upgraded":2,"win_rate":0.0,"timestamp":1609867024,"path_taken":["M","M","M","M","?","R","M","R","T","E"],"items_purchased_type":[],"build_version":"2020-12-22","purchased_purges":0,"victory":false,"max_hp_per_floor":[66,66,66,66,71,71,71,71,71,71,71],"relic_stats":{"Sozu":2,"counters":[6,30],"obtain_stats":[{"Sozu":0,"Potion Belt":9,"Ectoplasm":0,"Ring of the Snake":0},{"Sozu":0,"Potion Belt":5,"Ectoplasm":0,"Ring of the Snake":0},{"Sozu":0,"Potion Belt":24,"Ectoplasm":0,"Ring of the Snake":0}]},"card_choices":[{"not_picked":["Prepared","Distraction"],"picked":"Reflex","floor":1},{"not_picked":["Blade Dance","Slice"],"picked":"Cloak And Dagger","floor":2},{"not_picked":["Caltrops","Poisoned Stab"],"picked":"Infinite Blades","floor":3},{"not_picked":["Sucker Punch","Blade Dance","Skewer"],"picked":"SKIP","floor":4},{"not_picked":["PiercingWail","Quick Slash"],"picked":"Deadly Poison","floor":7}],"player_experience":1039716,"relics_obtained":[{"floor":9,"key":"Potion Belt"}],"event_choices":[{"damage_healed":0,"gold_gain":0,"player_choice":"Donut","damage_taken":0,"max_hp_gain":5,"max_hp_loss":0,"event_name":"Big Fish","floor":5,"gold_loss":0}],"is_beta":false,"boss_relics":[],"items_purged_floors":[],"is_endless":false,"potions_floor_spawned":[3,7],"killed_by":"Lagavulin","ascension_level":20}}