{"host":"ws1rigs6jhqnf67d","time":1609850629,"event":{"mods":["BaseMod","Friendly Minions","KinomotoSakuraMod(ƒæ÷Æ±æ”£)","Kiyohime£®«Âºß£©","Lobotomy","LobotomyExtend","Marisa£®ÏF”Í°°ƒß¿Ì…≥£©","Minty Spire (QoL Compilation)","Remilia£®¿Ÿ√◊¿Ú—«£©","StSLib","The Animator","The Bug Knight","Youmu£®ªÍ∆«—˝√Œ£©","[IsaacMod]“‘»ˆº‚À˛"],"gold_per_floor":[114,114,133,147,464,489,500,500,500],"floor_reached":8,"playtime":355,"items_purged":[],"score":81,"play_id":"626a50e4-ac6b-4a00-8039-11220134061d","local_time":"20210105204349","is_ascension_mode":true,"campfire_choices":[],"circlet_count":0,"master_deck":["SakuraCardTheSword+","ClowCardTheSword","ClowCardTheSword","ClowCardTheSword","ClowCardTheShield","ClowCardTheShield","ClowCardTheShield","ClowCardTheShield","SpellCardSeal","SpellCardRelease","ClowCardTheFreeze","ClowCardTheErase"],"relics":["KSMOD_SealedBook","KSMOD_SealedWand","HushsDoor","NeowsBlessing","YumHeart","LetterFromLob","Old Coin","Bronze Scales"],"acts_visited":["Exordium"],"potions_floor_usage":[6,8],"damage_taken":[{"damage":0,"enemies":"2 Louse","floor":1,"turns":1},{"damage":0,"enemies":"Jaw Worm","floor":3,"turns":1},{"damage":0,"enemies":"Small Slimes","floor":4,"turns":1},{"damage":16,"enemies":"2 Fungi Beasts","floor":5,"turns":5},{"damage":42,"enemies":"Gremlin Nob","floor":6,"turns":5},{"damage":7,"enemies":"3 Louse","floor":7,"turns":3},{"damage":27,"enemies":"3 Sentries","floor":8,"turns":6}],"seed_played":"-2229199274391604652","potions_obtained":[{"floor":1,"key":"EssenceOfSteel"},{"floor":5,"key":"SteroidPotion"},{"floor":7,"key":"SneckoOil"}],"is_trial":false,"path_per_floor":["M","$","M","M","M","E","M","E"],"character_chosen":"KINOMOTOSAKURA","items_purchased":[],"campfire_rested":0,"item_purchase_floors":[],"current_hp_per_floor":[63,63,63,63,70,28,21,0,0],"gold":500,"neow_bonus":"THREE_ENEMY_KILL","is_daily":false,"chose_seed":false,"campfire_upgraded":0,"win_rate":0.0,"timestamp":1609850629,"path_taken":["M","$","M","M","M","E","M","E"],"items_purchased_type":[],"build_version":"2020-12-22","purchased_purges":0,"victory":false,"max_hp_per_floor":[70,70,70,70,70,70,70,70,70],"card_choices":[{"not_picked":[],"picked":"ChaosCard","floor":0},{"not_picked":["ClowCardTheSnow","ClowCardTheSand","ClowCardTheShadow"],"picked":"SKIP","floor":1},{"not_picked":["ClowCardTheJump","ClowCardTheLittle","ClowCardTheShadow"],"picked":"SKIP","floor":3},{"not_picked":["ClowCardTheRain","ClowCardTheLock"],"picked":"ClowCardTheCreate","floor":4},{"not_picked":["ClowCardTheIllusion","ClowCardTheVoice"],"picked":"ClowCardTheFreeze","floor":5},{"not_picked":["ClowCardTheWave","ClowCardTheShot"],"picked":"ClowCardTheErase","floor":6},{"not_picked":["ClowCardTheErase","ClowCardTheMaze","ClowCardTheSleep"],"picked":"SKIP","floor":7}],"player_experience":800107,"relics_obtained":[{"floor":1,"key":"LetterFromLob"},{"floor":5,"key":"Old Coin"},{"floor":6,"key":"Bronze Scales"}],"event_choices":[],"is_beta":false,"boss_relics":[],"items_purged_floors":[],"is_endless":false,"potions_floor_spawned":[1,5,7],"killed_by":"3 Sentries","ascension_level":7}}