{"host":"b7j598ve05halrwk","time":1609880144,"event":{"mods":["2.2 Compatiblity","BaseMod","Block Reminder","DeckTracker","Minty Spire (QoL Compilation)","Relic Stats","Slay the Relics Exporter","StSLib","ojb\u0027s Better Paths Mod","ojb\u0027s Info Mod"],"gold_per_floor":[110,110,110,110,126,126,170,36,82,100,139,158,237,256,256,350,350,368,391,391,404,124,124,147,200,246,258,258],"floor_reached":27,"playtime":1545,"items_purged":["Strike_B"],"score":586,"play_id":"93dee7cb-7d4f-433e-b59f-cbcda5cc8455","local_time":"20210105155544","is_ascension_mode":true,"campfire_choices":[{"data":"Melter","floor":6.0,"key":"SMITH"},{"data":"Sweeping Beam","floor":15.0,"key":"SMITH"},{"data":"Capacitor","floor":23,"key":"SMITH"}],"circlet_count":0,"master_deck":["AscendersBane","Strike_B","Defend_B+1","Defend_B","Defend_B","Defend_B+1","Zap","Dualcast","Melter+1","Hologram","Static Discharge","Compile Driver","Sweeping Beam+1","Self Repair","Cold Snap","Ball Lightning","Cold Snap","Genetic Algorithm","Seek","Barrage+1","Capacitor+1","White Noise","Self Repair","Loop","Consume","Doom and Gloom","Coolheaded+1","Cold Snap"],"relics":["Cracked Core","Golden Idol","War Paint","DataDisk","Pen Nib","Velvet Choker","CeramicFish","MawBank"],"acts_visited":["Exordium","TheCity"],"potions_floor_usage":[25,25,27],"damage_taken":[{"damage":1.0,"enemies":"Cultist","floor":1.0,"turns":3.0},{"damage":0.0,"enemies":"Small Slimes","floor":5.0,"turns":4.0},{"damage":41.0,"enemies":"Gremlin Nob","floor":7.0,"turns":4.0},{"damage":0.0,"enemies":"2 Louse","floor":10.0,"turns":2.0},{"damage":23.0,"enemies":"3 Sentries","floor":11.0,"turns":6.0},{"damage":0.0,"enemies":"2 Fungi Beasts","floor":12.0,"turns":3.0},{"damage":3.0,"enemies":"Looter","floor":14.0,"turns":3.0},{"damage":0.0,"enemies":"Slime Boss","floor":16.0,"turns":5.0},{"damage":19.0,"enemies":"Shell Parasite","floor":18.0,"turns":4.0},{"damage":0,"enemies":"Spheric Guardian","floor":19,"turns":3},{"damage":12,"enemies":"Snake Plant","floor":21,"turns":2},{"damage":0,"enemies":"Sentry and Sphere","floor":24,"turns":3},{"damage":31,"enemies":"Book of Stabbing","floor":25,"turns":3},{"damage":26,"enemies":"Snecko","floor":27,"turns":4}],"seed_played":"-2134830610755495630","potions_obtained":[{"floor":1.0,"key":"DuplicationPotion"},{"floor":11.0,"key":"EssenceOfDarkness"},{"floor":12.0,"key":"DistilledChaos"},{"floor":16.0,"key":"Fire Potion"},{"floor":19,"key":"DistilledChaos"},{"floor":21,"key":"EssenceOfDarkness"},{"floor":25,"key":"DistilledChaos"}],"is_trial":false,"path_per_floor":["M","?","?","?","M","R","E","$","T","M","E","M","?","M","R","B",null,"M","M","?","M","$","R","M","E","T","M"],"character_chosen":"DEFECT","items_purchased":["Self Repair","Cold Snap","Loop","Consume","Doom and Gloom"],"campfire_rested":0,"item_purchase_floors":[8,8,22,22,22],"current_hp_per_floor":[45,45,45,64,64,64,23,23,23,30,7,7,7,11,11,18,53,41,48,48,36,36,36,36,12,12,0,0],"gold":258,"neow_bonus":"TRANSFORM_TWO_CARDS","is_daily":false,"chose_seed":false,"campfire_upgraded":3,"win_rate":0.0,"timestamp":1609880144,"path_taken":["M","?","?","?","M","R","E","$","T","M","E","M","?","M","R","BOSS","M","M","?","?","$","R","M","E","T","M"],"items_purchased_type":["Card","Card","Card","Card","Card"],"build_version":"2020-12-22","purchased_purges":1,"victory":false,"max_hp_per_floor":[71,64,64,64,64,64,64,64,64,64,64,64,64,64,64,64,64,64,64,64,64,64,64,64,64,64,64,64],"relic_stats":{"counters":[14,49],"Golden Idol":77,"CeramicFish":9,"Pen Nib":[5],"War Paint":["Defend_B","Defend_B"],"MawBank":12,"obtain_stats":[{"DataDisk":9,"Golden Idol":2,"CeramicFish":25,"Velvet Choker":17,"Pen Nib":11,"War Paint":7,"Cracked Core":0,"MawBank":26},{"DataDisk":3,"Golden Idol":1,"CeramicFish":13,"Velvet Choker":8,"Pen Nib":5,"War Paint":3,"Cracked Core":0,"MawBank":13},{"DataDisk":11,"Golden Idol":3,"CeramicFish":45,"Velvet Choker":30,"Pen Nib":19,"War Paint":11,"Cracked Core":0,"MawBank":45}]},"card_choices":[{"not_picked":["Gash","Recycle"],"picked":"Static Discharge","floor":1.0},{"not_picked":["Go for the Eyes","Force Field"],"picked":"Compile Driver","floor":5.0},{"not_picked":["Steam","Go for the Eyes"],"picked":"Sweeping Beam","floor":7.0},{"not_picked":["Compile Driver","Steam"],"picked":"Ball Lightning","floor":10.0},{"not_picked":["Compile Driver","White Noise"],"picked":"Cold Snap","floor":11.0},{"not_picked":["Rebound","Lockon","Sweeping Beam"],"picked":"SKIP","floor":12.0},{"not_picked":["Turbo","Heatsinks"],"picked":"Genetic Algorithm","floor":14.0},{"not_picked":["Thunder Strike","Reboot"],"picked":"Seek","floor":16.0},{"not_picked":["Turbo","Streamline"],"picked":"Barrage+1","floor":18.0},{"not_picked":["Ball Lightning","Steam"],"picked":"Capacitor","floor":19},{"not_picked":["Aggregate","Blizzard"],"picked":"Self Repair","floor":21},{"not_picked":["Gash","Stack"],"picked":"Coolheaded+1","floor":24},{"not_picked":["Gash+1","Thunder Strike"],"picked":"Cold Snap","floor":25}],"player_experience":815895,"relics_obtained":[{"floor":7.0,"key":"War Paint"},{"floor":9.0,"key":"DataDisk"},{"floor":11.0,"key":"Pen Nib"},{"floor":25,"key":"CeramicFish"},{"floor":26,"key":"MawBank"}],"event_choices":[{"damage_healed":0.0,"max_hp_gain":0.0,"max_hp_loss":7.0,"gold_gain":0.0,"event_name":"Golden Idol","player_choice":"Lose Max HP","floor":2.0,"gold_loss":0.0,"damage_taken":0.0,"relics_obtained":["Golden Idol"]},{"damage_healed":0.0,"max_hp_gain":0.0,"max_hp_loss":0.0,"gold_gain":0.0,"event_name":"Liars Game","player_choice":"Ignored","floor":3.0,"gold_loss":0.0,"damage_taken":0.0},{"damage_healed":21.0,"max_hp_gain":0.0,"max_hp_loss":0.0,"gold_gain":0.0,"event_name":"Big Fish","player_choice":"Banana","floor":4.0,"gold_loss":0.0,"damage_taken":0.0},{"damage_healed":0.0,"max_hp_gain":0.0,"max_hp_loss":0.0,"gold_gain":79.0,"event_name":"Golden Wing","player_choice":"Gained Gold","floor":13.0,"gold_loss":0.0,"damage_taken":0.0},{"damage_healed":0,"gold_gain":0,"player_choice":"1 cards matched","damage_taken":0,"max_hp_gain":0,"max_hp_loss":0,"event_name":"Match and Keep!","floor":20,"gold_loss":0,"cards_obtained":["White Noise"]}],"is_beta":false,"boss_relics":[{"not_picked":["Empty Cage","Runic Pyramid"],"picked":"Velvet Choker"}],"items_purged_floors":[22],"is_endless":false,"potions_floor_spawned":[1,11,12,14,16,19,21,25],"killed_by":"Snecko","ascension_level":20}}