{"host":"hg4d4z00zcdsq8kr","time":1609853353,"event":{"mods":["BaseMod","Downfall","Hubris","Infinite Spire","Minty Spire (QoL Compilation)","Replay The Spire","StSLib","The Bug Knight","The Cursed"],"gold_per_floor":[112,128,142,112,37,37,52,67,67,19,33,44,44,74,147,261,273,311,425,461,497,538,550,582,620,655,667,667],"floor_reached":27,"playtime":2559,"items_purged":["TheCursedMod:Strike_TheCursed"],"score":346,"play_id":"ff33b297-791d-47fc-aede-6e158ad9fb11","local_time":"20210105162913","is_ascension_mode":false,"campfire_choices":[{"data":"TheCursedMod:HellfireBreathing","floor":6,"key":"SMITH"},{"floor":23,"key":"REST"}],"circlet_count":0,"master_deck":["TheCursedMod:Strike_TheCursed","TheCursedMod:Strike_TheCursed+1","TheCursedMod:Strike_TheCursed","TheCursedMod:Defend_TheCursed","TheCursedMod:Defend_TheCursed","TheCursedMod:Defend_TheCursed+1","TheCursedMod:Defend_TheCursed","TheCursedMod:CursedWand+1","TheCursedMod:CleanUpWorkshop","TheCursedMod:Dregs","TheCursedMod:SpitefulPray","TheCursedMod:CircleOfCorruption","TheCursedMod:HellfireBreathing+1","TheCursedMod:CursedBlade","TheCursedMod:SoulReap","TheCursedMod:Stretching","TheCursedMod:TroublousMinions+1","TheCursedMod:WearCloak","hubris:Lust","TheCursedMod:SpitefulStrike","ReplayTheSpireMod:Splinters","TheCursedMod:SpitefulPray","TheCursedMod:CursedShiv","TheCursedMod:Neurasthenia","ReplayTheSpireMod:IOU","hubris:Greed","Injury","hubris:Greed","TheCursedMod:CursedArmor","ReplayTheSpireMod:Splinters","TheCursedMod:Obscuration+1","TheCursedMod:CursedBlade+1","TheCursedMod:CursedAmulet+1","TheCursedMod:HellfireBreathing+1","TheCursedMod:CursedShiv","TheCursedMod:SpitefulPlan"],"relics":["TheCursedMod:BlackMagic101","Potion Belt","MawBank","infinitespire:Eraser","Replay:Ancient Bell","War Paint","Meat on the Bone","FossilizedHelix","Whetstone","hubris:SlimyHat"],"acts_visited":["Exordium","TheCity"],"potions_floor_usage":[14,14,16,18,24,27],"damage_taken":[{"damage":1,"enemies":"2 Louse","floor":1,"turns":3},{"damage":1,"enemies":"Jaw Worm","floor":2,"turns":5},{"damage":1,"enemies":"Cultist","floor":3,"turns":3},{"damage":5,"enemies":"Looter","floor":4,"turns":4},{"damage":0,"enemies":"3 Louse","floor":7,"turns":2},{"damage":5,"enemies":"Large Slime","floor":8,"turns":5},{"damage":0,"enemies":"Blue Slaver","floor":11,"turns":3},{"damage":3,"enemies":"Lots of Slimes","floor":12,"turns":4},{"damage":4,"enemies":"3 Sentries","floor":14,"turns":3},{"damage":39,"enemies":"Fading Forest","floor":16,"turns":11},{"damage":12,"enemies":"3 Byrds","floor":18,"turns":6},{"damage":21,"enemies":"Centurion and Healer","floor":20,"turns":10},{"damage":26,"enemies":"Snake Plant","floor":21,"turns":7},{"damage":6,"enemies":"Snecko","floor":22,"turns":7},{"damage":47,"enemies":"Chosen and Byrds","floor":24,"turns":7},{"damage":28,"enemies":"Snake Plant","floor":25,"turns":5},{"damage":29,"enemies":"Nightmare","floor":27,"turns":6}],"seed_played":"-7060076064849373209","potions_obtained":[{"floor":7,"key":"sneckomod:MuddlingPotion"},{"floor":8,"key":"Weak Potion"},{"floor":11,"key":"Adrenaline Potion"},{"floor":12,"key":"Energy Potion"},{"floor":14,"key":"Slimebound:ThreeZeroPotion"},{"floor":18,"key":"champ:CounterPotion"},{"floor":24,"key":"Elixir"}],"is_trial":false,"path_per_floor":["M","M","M","M","$","R","M","M","T","$","M","M","?","E","R","B",null,"M","?","M","M","M","R","M","M","T","NM"],"character_chosen":"THE_CURSED","items_purchased":["ColorlessPotion"],"campfire_rested":1,"item_purchase_floors":[10],"current_hp_per_floor":[74,73,72,67,67,67,72,70,70,70,75,72,72,73,73,39,75,63,63,47,36,47,69,39,23,23,0,0],"gold":667,"neow_bonus":"RANDOM_EVENT","is_daily":false,"chose_seed":false,"campfire_upgraded":1,"win_rate":0.0,"timestamp":1609853353,"path_taken":["M","M","M","M","$","R","M","M","T","$","M","M","?","E","R","BOSS","M","?","M","M","M","R","M","M","T","NM"],"items_purchased_type":["Potion"],"build_version":"2020-12-22","purchased_purges":1,"victory":false,"max_hp_per_floor":[75,75,75,75,75,75,75,75,75,75,75,75,75,75,75,75,75,75,75,75,75,75,75,75,75,75,75,75],"card_choices":[{"not_picked":["TheCursedMod:TacticalStrike","TheCursedMod:Stigma"],"picked":"TheCursedMod:CircleOfCorruption","floor":1},{"not_picked":["TheCursedMod:Grudge","TheCursedMod:CursedBlade"],"picked":"TheCursedMod:HellfireBreathing","floor":2},{"not_picked":["TheCursedMod:SoulCrush","TheCursedMod:PrepareRite"],"picked":"TheCursedMod:CursedBlade","floor":3},{"not_picked":["TheCursedMod:TacticalStrike","TheCursedMod:CursedStaff"],"picked":"TheCursedMod:SoulReap","floor":4},{"not_picked":["TheCursedMod:TroublousMinions","TheCursedMod:CursedMace"],"picked":"TheCursedMod:Stretching","floor":7},{"not_picked":["TheCursedMod:AshesToAshes","TheCursedMod:Stretching"],"picked":"TheCursedMod:TroublousMinions","floor":8},{"not_picked":["TheCursedMod:VitalStrike","TheCursedMod:CursedShiv"],"picked":"TheCursedMod:WearCloak","floor":11},{"not_picked":["TheCursedMod:RavingStaff","TheCursedMod:CursedStaff","TheCursedMod:Torture"],"picked":"SKIP","floor":12},{"not_picked":["TheCursedMod:Neurasthenia","TheCursedMod:VitalStrike"],"picked":"TheCursedMod:SpitefulStrike","floor":14},{"not_picked":["TheCursedMod:SpreadPlague","TheCursedMod:RapidMovement"],"picked":"TheCursedMod:SpitefulPray","floor":15},{"not_picked":["TheCursedMod:CircleOfBlood","TheCursedMod:RavingStaff"],"picked":"TheCursedMod:CursedShiv","floor":15},{"not_picked":["TheCursedMod:DemonicPact","TheCursedMod:AntiAging"],"picked":"TheCursedMod:Neurasthenia","floor":16},{"not_picked":["ReplayTheSpireMod:Splinters","sneckomod:Bewildered"],"picked":"ReplayTheSpireMod:IOU","floor":17},{"not_picked":["Guardian:Aged","Replay:Hysterical Blindness"],"picked":"hubris:Greed","floor":17},{"not_picked":["Slimebound:Icky","hubris:Gluttony"],"picked":"Injury","floor":17},{"not_picked":["TheCursedMod:NeowsMight","TheCursedMod:SmokeScreen"],"picked":"TheCursedMod:CursedArmor","floor":18},{"not_picked":["TheCursedMod:TroublousMinions","TheCursedMod:FuryStrike"],"picked":"TheCursedMod:Obscuration+1","floor":19},{"not_picked":["TheCursedMod:RavingStaff","TheCursedMod:CursedBoomerang"],"picked":"TheCursedMod:CursedBlade+1","floor":19},{"not_picked":["TheCursedMod:Mangle","TheCursedMod:Torture"],"picked":"TheCursedMod:CursedAmulet+1","floor":20},{"not_picked":["TheCursedMod:WearCloak","TheCursedMod:StunningStrike"],"picked":"TheCursedMod:HellfireBreathing+1","floor":21},{"not_picked":["TheCursedMod:TacticalStrike","TheCursedMod:CircleOfFlame+1"],"picked":"TheCursedMod:CursedShiv","floor":22},{"not_picked":["TheCursedMod:CursedBlade","TheCursedMod:ReleasedKnowledge"],"picked":"TheCursedMod:SpitefulPlan","floor":24},{"not_picked":["TheCursedMod:Torture","TheCursedMod:CursedStaff","TheCursedMod:CursedShiv"],"picked":"SKIP","floor":25}],"player_experience":680177,"relics_obtained":[{"floor":9,"key":"Potion Belt"},{"floor":14,"key":"MawBank"},{"floor":15,"key":"infinitespire:Eraser"},{"floor":19,"key":"Whetstone"},{"floor":26,"key":"hubris:SlimyHat"}],"event_choices":[],"is_beta":false,"boss_relics":[{"not_picked":["Black Star","Replay:Wanted Poster"],"picked":"Replay:Ancient Bell"},{"not_picked":["hubris:OldNail","Toy Ornithopter"],"picked":"War Paint"},{"not_picked":["hubris:Reverence","infinitespire:Broken Mirror"],"picked":"Meat on the Bone"},{"not_picked":["hubris:64BitClover","Unceasing Top"],"picked":"FossilizedHelix"}],"items_purged_floors":[5],"is_endless":false,"potions_floor_spawned":[7,8,11,12,14,18,24],"killed_by":"Nightmare","ascension_level":0}}