{"host":"p08oqmr389b4tgxi","time":1609828942,"event":{"mods":["Act Like it!","BaseMod","CapriCore","Colored Powertips","Gensokyo","Hallownest","Luminous","Minty Spire (QoL Compilation)","Quick Restart","Relic Stats","StSLib","The Immortal","UnlockEverythingMod","Yakumo Yukari mod","¡¾ÒÅÎï¿¨ÅÆ¡¿REMEMod"],"gold_per_floor":[116,0,0,0,50,84,96,119,155,202,214,237,249,13,13,114,114,130,130,144,162,175,175,175],"floor_reached":23,"playtime":1162,"items_purged":[],"score":224,"play_id":"63e12319-e124-4ee3-8022-51e2464c4af5","local_time":"20210105144222","is_ascension_mode":false,"campfire_choices":[{"data":"Luminous:Balance_Death_Scythe","floor":11.0,"key":"SMITH"},{"data":"Luminous:Lania_Blessing_Luminous","floor":13.0,"key":"SMITH"},{"data":"Luminous:Dark_Raid","floor":15.0,"key":"SMITH"}],"circlet_count":0,"master_deck":["Luminous:Dark_Abyssal_Drop","Luminous:Dark_Abyssal_Drop+1","Luminous:Dark_Abyssal_Drop","Luminous:Defend_Luminous","Luminous:Defend_Luminous","Luminous:Defend_Luminous","Luminous:Defend_Luminous","MokouMod:RadiantBlade+1","Luminous:Balance_Death_Scythe+1","Luminous:Dark_Raid+1","Luminous:Lania_Blessing_Luminous+1","Luminous:Freud_Wisdom1_Luminous","Luminous:Light_Wash_Luminous+1"],"relics":["Luminous:MirrorRelic","REME_ComplimentaryCards","NeowsBlessing","Bag of Preparation","Hallownest:DreamNailRelic","MawBank","PreservedInsect","Whetstone","Mummified Hand","Empty Cage"],"acts_visited":["Exordium","Hallownest:Greenpath"],"potions_floor_usage":[22],"damage_taken":[{"damage":0.0,"enemies":"Hallownest:monsterHuskWarrior","floor":1.0,"turns":1.0},{"damage":0.0,"enemies":"Hallownest:eliteCrystalGuardian","floor":6.0,"turns":1.0},{"damage":0.0,"enemies":"2_ Uuma","floor":8.0,"turns":1.0},{"damage":5.0,"enemies":"Hallownest:eliteVengeflyKing","floor":10.0,"turns":3.0},{"damage":0.0,"enemies":"Hallownest:monsterHuskGuard","floor":12.0,"turns":3.0},{"damage":21.0,"enemies":"Hallownest:BossBrokenVessel","floor":16.0,"turns":10.0},{"damage":0.0,"enemies":"Hallownest:3_Youths","floor":18.0,"turns":5.0},{"damage":6,"enemies":"Hallownest:Guard_and_Sentry","floor":20,"turns":6},{"damage":39,"enemies":"Hallownest:2_Flukemon","floor":21,"turns":7},{"damage":10,"enemies":"Hallownest:Master_and_Novice","floor":22,"turns":4},{"damage":8152004,"enemies":"Hallownest:eliteWatcherKnight","floor":23,"turns":1}],"seed_played":"-7518957354192186661","potions_obtained":[{"floor":1.0,"key":"Regen Potion"},{"floor":6.0,"key":"Swift Potion"},{"floor":16.0,"key":"Dexterity Potion"}],"is_trial":false,"path_per_floor":["M","?","?","?","?","E","?","M","T","E","R","M","R","$","R","B",null,"M","?","M","M","M","E"],"character_chosen":"LuminousClass","items_purchased":["Mummified Hand"],"campfire_rested":0,"item_purchase_floors":[14],"current_hp_per_floor":[75,75,75,84,84,84,77,77,77,72,72,72,72,72,72,61,77,77,77,73,48,54,0,0],"gold":175,"neow_bonus":"THREE_ENEMY_KILL","is_daily":false,"chose_seed":false,"campfire_upgraded":3,"win_rate":0.0,"timestamp":1609828942,"path_taken":["M","?","?","?","?","E","?","M","T","E","R","?","R","?","R","BOSS","M","?","?","?","M","E"],"items_purchased_type":["Relic"],"build_version":"2020-12-22","purchased_purges":0,"victory":false,"max_hp_per_floor":[75,75,75,84,84,84,77,77,77,77,77,77,77,77,77,77,77,77,77,77,77,77,77,77],"relic_stats":{"counters":[11,42],"Mummified Hand":[7],"PreservedInsect":52,"Bag of Preparation":[20],"Whetstone":["Luminous:Dark_Abyssal_Drop","MokouMod:RadiantBlade"],"MawBank":96,"obtain_stats":[{"NeowsBlessing":0,"Mummified Hand":14,"PreservedInsect":9,"Luminous:MirrorRelic":0,"Bag of Preparation":2,"Hallownest:DreamNailRelic":3,"Whetstone":10,"MawBank":6,"Empty Cage":17,"REME_ComplimentaryCards":0},{"NeowsBlessing":0,"Mummified Hand":5,"PreservedInsect":3,"Luminous:MirrorRelic":0,"Bag of Preparation":1,"Hallownest:DreamNailRelic":1,"Whetstone":4,"MawBank":2,"Empty Cage":6,"REME_ComplimentaryCards":0},{"NeowsBlessing":0,"Mummified Hand":9,"PreservedInsect":3,"Luminous:MirrorRelic":0,"Bag of Preparation":1,"Hallownest:DreamNailRelic":1,"Whetstone":6,"MawBank":2,"Empty Cage":19,"REME_ComplimentaryCards":0}]},"card_choices":[{"not_picked":["Luminous:Dark_Dim_Erosion","Luminous:Chase_Spell_Luminous"],"picked":"Luminous:Balance_Death_Scythe","floor":1.0},{"not_picked":["Luminous:Light_Gather","Luminous:Dark_Pressure_Void"],"picked":"Luminous:Dark_Raid","floor":6.0},{"not_picked":["Luminous:Dark_Pressure_Void","Luminous:Light_Sylvan_Lance","Luminous:Blinding_Pillar_Luminous"],"picked":"SKIP","floor":8.0},{"not_picked":["Luminous:Light_Reflection","Luminous:Dark_Apocalypse","Luminous:Light_Track"],"picked":"SKIP","floor":10.0},{"not_picked":["Luminous:Dark_Raid","Luminous:Light_Disperse"],"picked":"Luminous:Lania_Blessing_Luminous","floor":12.0},{"not_picked":["Luminous:Dark_Crescendo_Luminous","Luminous:Balance_Aether_Conduit"],"picked":"Luminous:Freud_Wisdom1_Luminous","floor":16.0},{"not_picked":["Luminous:Balance_Death_Scythe","Luminous:Light_Wash_Luminous","Luminous:Blinding_Pillar_Luminous"],"picked":"SKIP","floor":18.0},{"not_picked":["Luminous:Mana_Well_Luminous","Luminous:Light_Disperse+1"],"picked":"Luminous:Light_Wash_Luminous+1","floor":20},{"not_picked":["Luminous:Light_Spectral_Light","Luminous:Concentrate_Luminous","Luminous:Light_Disperse"],"picked":"SKIP","floor":21},{"not_picked":["Luminous:Dark_Raid","Luminous:Light_Glare+1","Luminous:Dark_Pressure_Void"],"picked":"SKIP","floor":22}],"player_experience":26451,"relics_obtained":[{"floor":6.0,"key":"MawBank"},{"floor":9.0,"key":"PreservedInsect"},{"floor":10.0,"key":"Whetstone"}],"event_choices":[],"is_beta":false,"boss_relics":[{"not_picked":["REME_LowDesire","Snecko Eye"],"picked":"Empty Cage"}],"items_purged_floors":[],"is_endless":false,"potions_floor_spawned":[1,6,16],"killed_by":"Hallownest:eliteWatcherKnight","ascension_level":0}}