{"host":"bpkhhmvsfrvlto2l","time":1609854753,"event":{"mods":["2.2 Compatiblity","Act Like it!","AlwaysNeverKeys","BaseMod","Better Silent Start","Challenge The Spire","Colored Map","Colored Powertips","Custom Start","Downfall","Energized Spire","Friendly Minions","GifTheSpireLib","Halation","Hubris","Infinite Spire","Ironclad Rager","Mimic Mod","Minty Spire (QoL Compilation)","Permanent Neow","Quick Restart","Random Character Button","Relic Sorter","Replay The Spire","Spikes Relics","StSLib","Stuff the Spire","Swap Starting Deck Mod","Trackpad"],"gold_per_floor":[116,70,70,84,84,84,94,129,159,159,159,159,192,192,192,292,292,308,233,233,233,233,260,260,280,331,331,365,365,392,392,392],"floor_reached":31,"playtime":907,"items_purged":["Strike_B"],"score":426,"play_id":"eb9cc370-5e13-419b-b367-e9876fd41d84","local_time":"20210105085233","is_ascension_mode":true,"campfire_choices":[{"data":"ReplayTheSpireMod:Black Plague","floor":6,"key":"SMITH"},{"data":"Zap","floor":10,"key":"SMITH"},{"data":"Redo","floor":12,"key":"SMITH"},{"floor":15,"key":"REST"},{"floor":27,"key":"REST"},{"data":"Replay:Fractal Strike","floor":29,"key":"SMITH"}],"circlet_count":0,"master_deck":["Strike_B","Strike_B","Strike_B","Defend_B","Defend_B","Defend_B","Defend_B","Zap+1","Dualcast+1","Redo+1","ReplayTheSpireMod:Black Plague+1","StuffTheSpire:ForEach+1","Cold Snap","Thunder Strike+1","Barrage","Replay:Fractal Strike+1"],"relics":["Cracked Core","RollingBoulder","infinitespire:Satchel","Gremlin Food","halation:PrussianBluePaint","Inserter","Pen Nib","SnailShell","Gambling Chip","MiniBlackHole"],"acts_visited":["Exordium","TheCity"],"potions_floor_usage":[13,23,28],"damage_taken":[{"damage":2,"enemies":"Jaw Worm","floor":1,"turns":4},{"damage":0,"enemies":"Small Slimes","floor":4,"turns":2},{"damage":0,"enemies":"Cultist","floor":7,"turns":2},{"damage":12,"enemies":"Replay:BlueRogue","floor":8,"turns":4},{"damage":0,"enemies":"2 Fungi Beasts","floor":9,"turns":4},{"damage":20,"enemies":"3 Sentries","floor":13,"turns":7},{"damage":0,"enemies":"The Guardian","floor":16,"turns":7},{"damage":9,"enemies":"3 Byrds","floor":18,"turns":4},{"damage":22,"enemies":"Gremlin Leader","floor":23,"turns":5},{"damage":1,"enemies":"Chosen","floor":25,"turns":4},{"damage":0,"enemies":"Book of Stabbing","floor":28,"turns":3},{"damage":51,"enemies":"Slavers","floor":30,"turns":7},{"damage":11,"enemies":"Snecko","floor":31,"turns":2}],"seed_played":"1440023802376621294","potions_obtained":[{"floor":4,"key":"PowerPotion"},{"floor":13,"key":"Swift Potion"},{"floor":25,"key":"SpeedPotion"},{"floor":30,"key":"Venom Potion"}],"is_trial":false,"path_per_floor":["M","?","$","M","?","R","M","E","MIM","R","?","R","E","$","R","B",null,"M","$","?","?","?","E","AVR","M","T","R","E","R","E","M"],"character_chosen":"DEFECT","items_purchased":[],"campfire_rested":2,"item_purchase_floors":[],"current_hp_per_floor":[73,73,73,73,56,56,56,44,44,44,44,44,24,24,46,46,75,66,66,52,52,52,30,30,29,29,53,53,53,2,0,0],"gold":392,"neow_bonus":"RANDOM_COMMON_RELIC","is_daily":false,"chose_seed":false,"campfire_upgraded":4,"win_rate":0.0,"timestamp":1609854753,"path_taken":["M","?","$","M","?","R","M","E","MIM","R","?","R","E","?","R","BOSS","M","$","?","?","?","E","AVR","?","T","R","E","R","E","M"],"items_purchased_type":[],"build_version":"2020-12-22","purchased_purges":1,"victory":false,"max_hp_per_floor":[75,75,75,75,75,75,75,75,75,75,75,75,75,75,75,75,75,75,75,80,80,80,80,80,80,80,80,80,80,80,80,80],"card_choices":[{"not_picked":["White Noise","StuffTheSpire:NuclearReactor"],"picked":"Redo","floor":1},{"not_picked":["ReplayTheSpireMod:Echoes of Time","infinitespire:TheBestDefense"],"picked":"ReplayTheSpireMod:Black Plague","floor":5},{"not_picked":["Rebound","Hologram"],"picked":"StuffTheSpire:ForEach","floor":8},{"not_picked":["Barrage","Redo"],"picked":"Cold Snap","floor":9},{"not_picked":["ReplayTheSpireMod:Fabricate Wheel","StuffTheSpire:LoadUp","Reprogram"],"picked":"SKIP","floor":13},{"not_picked":["All For One","StuffTheSpire:LaunchingStrike"],"picked":"Thunder Strike","floor":16},{"not_picked":["Hologram","Turbo"],"picked":"Barrage","floor":18}],"player_experience":27289,"relics_obtained":[{"floor":8,"key":"infinitespire:Satchel"},{"floor":9,"key":"Gremlin Food"},{"floor":13,"key":"halation:PrussianBluePaint"},{"floor":23,"key":"Pen Nib"},{"floor":26,"key":"SnailShell"},{"floor":28,"key":"Gambling Chip"},{"floor":30,"key":"MiniBlackHole"}],"event_choices":[{"damage_healed":0,"gold_gain":0,"player_choice":"Left Gold","damage_taken":0,"max_hp_gain":0,"max_hp_loss":0,"event_name":"World of Goop","floor":2,"gold_loss":46},{"damage_healed":0,"gold_gain":0,"player_choice":"Shed Blood","damage_taken":19,"max_hp_gain":5,"max_hp_loss":0,"event_name":"Forgotten Altar","floor":20,"gold_loss":0}],"is_beta":false,"boss_relics":[{"not_picked":["halation:PinkAlligatorPlush","trackpad:StolenKidneys"],"picked":"Inserter"}],"items_purged_floors":[19],"is_endless":false,"potions_floor_spawned":[4,13,25,30],"killed_by":"Snecko","ascension_level":3}}