{"host":"wj90f2q0h2omert0","time":1609873403,"event":{"mods":["BaseMod","Beaked The Cultist","Better Third Choice","ChefMod","Clawfect","Colored Map","DeckTracker","Downfall","Gremlin Mod","Hubris","JesterMod","Minty Spire (QoL Compilation)","READ ME - Guardian Mod","Relic Stats","Robot Space Explorer","Shade Mod","StSLib","The Animator","The Blackbeard","The Bug Knight","The Caster","The Construct","The Dragon Tamer","The Druid","The Servant 0.9.4","TheLocksmith","TheSwordswoman"],"gold_per_floor":[112,112,127,58,0,0,0,0,0,0,0,0,16,34,34,132,132,149,70,87,104,104,104,104],"floor_reached":23,"playtime":8086,"items_purged":[],"score":179,"play_id":"2ef6bb87-b2bd-425a-8efb-d9b9764e8bdc","local_time":"20210105140323","is_ascension_mode":false,"campfire_choices":[{"data":"caster:AlternatingCurrent","floor":6,"key":"SMITH"},{"data":"caster:Incantation","floor":10,"key":"SMITH"},{"data":"Offering","floor":12,"key":"SMITH"},{"data":"caster:Grimoire","floor":15,"key":"SMITH"}],"circlet_count":0,"master_deck":["caster:Meteor","caster:DivertFocus","caster:strike","caster:strike","caster:strike","caster:strike","caster:defend","caster:defend","caster:defend","caster:defend","caster:defend","caster:AlternatingCurrent+1","White Noise+1","Offering+1","caster:MagicResonance","caster:Incantation+1","Enlightenment","caster:Thundara+1","caster:Grimoire+1","caster:Rectify","caster:StormGust","caster:GaiasBlessing","caster:Grimoire","caster:Rectify+1","caster:IzanagisObdurance"],"relics":["caster:MagicBook","NeowsBlessing","InkBottle","Pocketwatch","hubris:Towel","Bottled Tornado","construct:WeddingRing"],"acts_visited":["Exordium","TheCity"],"potions_floor_usage":[16,23,23],"damage_taken":[{"damage":0,"enemies":"Small Slimes","floor":1,"turns":1},{"damage":0,"enemies":"2 Louse","floor":3,"turns":1},{"damage":0,"enemies":"Cultist","floor":13,"turns":2},{"damage":6,"enemies":"Exordium Thugs","floor":14,"turns":4},{"damage":40,"enemies":"The Guardian","floor":16,"turns":8},{"damage":19,"enemies":"3 Byrds","floor":18,"turns":5},{"damage":10,"enemies":"Chosen","floor":20,"turns":4},{"damage":37,"enemies":"3 Cultists","floor":21,"turns":4},{"damage":30,"enemies":"Snake Plant","floor":23,"turns":2}],"seed_played":"-7941101661384295218","potions_obtained":[{"floor":1,"key":"LiquidMemories"},{"floor":11,"key":"FairyPotion"},{"floor":11,"key":"Regen Potion"},{"floor":18,"key":"Energy Potion"},{"floor":20,"key":"Guardian:BlockOnCardUsePotion"}],"is_trial":false,"path_per_floor":["M","?","M","$","?","R","?","?","T","R","?","R","M","M","R","B",null,"M","$","M","M","?","M"],"character_chosen":"THE_CASTER","items_purchased":["caster:Incantation","caster:Grimoire"],"campfire_rested":0,"item_purchase_floors":[4,19],"current_hp_per_floor":[64,47,47,47,53,53,53,53,53,53,53,53,53,47,47,21,70,51,51,41,4,4,0,0],"gold":104,"neow_bonus":"THREE_ENEMY_KILL","is_daily":false,"chose_seed":false,"campfire_upgraded":4,"win_rate":0.0,"timestamp":1609873403,"path_taken":["M","?","M","$","?","R","?","?","T","R","?","R","M","M","R","BOSS","M","?","M","M","?","?"],"items_purchased_type":["Card","Card"],"build_version":"2020-12-22","purchased_purges":0,"victory":false,"max_hp_per_floor":[64,64,64,64,70,70,70,70,70,70,70,70,70,70,70,70,70,70,70,70,70,70,70,70],"relic_stats":{"counters":[9,31],"obtain_stats":[{"construct:WeddingRing":17,"NeowsBlessing":0,"hubris:Towel":7,"Bottled Tornado":9,"caster:MagicBook":0,"InkBottle":2,"Pocketwatch":2},{"construct:WeddingRing":5,"NeowsBlessing":0,"hubris:Towel":2,"Bottled Tornado":2,"caster:MagicBook":0,"InkBottle":1,"Pocketwatch":1},{"construct:WeddingRing":16,"NeowsBlessing":0,"hubris:Towel":2,"Bottled Tornado":2,"caster:MagicBook":0,"InkBottle":1,"Pocketwatch":1}],"InkBottle":[10],"Pocketwatch":[30]},"card_choices":[{"not_picked":["caster:Enfeeble","caster:GlacialShield"],"picked":"caster:AlternatingCurrent","floor":1},{"not_picked":["caster:FrostDriver","caster:FireWall"],"picked":"caster:MagicResonance","floor":3},{"not_picked":["caster:Fireball","caster:AshesToAshes"],"picked":"caster:Grimoire","floor":13},{"not_picked":["caster:Sleet","caster:Fireball"],"picked":"caster:Rectify","floor":14},{"not_picked":["caster:ShortenedChant","caster:Susanoo"],"picked":"caster:StormGust","floor":16},{"not_picked":["caster:FrostDriver","caster:MagicAttunement"],"picked":"caster:GaiasBlessing","floor":18},{"not_picked":["caster:DiablosFlame","caster:IcicleLance"],"picked":"caster:Rectify+1","floor":20},{"not_picked":["caster:DiablosFlame","caster:FrigidBeam"],"picked":"caster:IzanagisObdurance","floor":21}],"player_experience":688571,"relics_obtained":[{"floor":9,"key":"Bottled Tornado"}],"event_choices":[{"damage_healed":0,"gold_gain":0,"player_choice":"RENOUNCE","damage_taken":58,"max_hp_gain":0,"max_hp_loss":0,"event_name":"betterThird:BetterSerpent","floor":5,"gold_loss":58,"cards_obtained":["Enlightenment"]},{"damage_healed":0,"gold_gain":0,"player_choice":"Got Potions","damage_taken":0,"max_hp_gain":0,"max_hp_loss":0,"event_name":"Lab","floor":11,"gold_loss":0},{"damage_healed":0,"gold_gain":0,"player_choice":"Ignored","damage_taken":0,"max_hp_gain":0,"max_hp_loss":0,"event_name":"NoteForYourself","floor":22,"gold_loss":0}],"is_beta":false,"boss_relics":[{"not_picked":["construct:ClawGrip","SlaversCollar"],"picked":"construct:WeddingRing"}],"items_purged_floors":[],"is_endless":false,"potions_floor_spawned":[1,13,18,20],"killed_by":"Snake Plant","ascension_level":0}}