{"host":"wj90f2q0h2omert0","time":1609865246,"event":{"mods":["BaseMod","Beaked The Cultist","Better Third Choice","ChefMod","Clawfect","Colored Map","DeckTracker","Downfall","Gremlin Mod","Hubris","JesterMod","Minty Spire (QoL Compilation)","READ ME - Guardian Mod","Relic Stats","Robot Space Explorer","Shade Mod","StSLib","The Animator","The Blackbeard","The Bug Knight","The Caster","The Construct","The Dragon Tamer","The Druid","The Servant 0.9.4","TheLocksmith","TheSwordswoman"],"gold_per_floor":[117,117,128,128,140,140,170,170,195,195,195,121,121,121,121,121,121],"floor_reached":16,"playtime":616,"items_purged":[],"score":96,"play_id":"8861bad0-4580-4c9f-a421-e141bcc348c8","local_time":"20210105114726","is_ascension_mode":false,"campfire_choices":[{"data":"RobotSpaceExplorer:DoubleFind","floor":6,"key":"SMITH"},{"data":"RobotSpaceExplorer:Exploration","floor":8,"key":"SMITH"},{"floor":10,"key":"REST"},{"floor":13,"key":"REST"},{"data":"RobotSpaceExplorer:MiniBoosters","floor":15,"key":"SMITH"}],"circlet_count":0,"master_deck":["RobotSpaceExplorer:Strike+1","RobotSpaceExplorer:Strike","RobotSpaceExplorer:Strike","RobotSpaceExplorer:Strike","RobotSpaceExplorer:Defend","RobotSpaceExplorer:Defend","RobotSpaceExplorer:Defend","RobotSpaceExplorer:Defend","RobotSpaceExplorer:Scan","RobotSpaceExplorer:MiniLasers","RobotSpaceExplorer:DoubleFind+1","RobotSpaceExplorer:MiniDrones+1","Burn","RobotSpaceExplorer:MiniBoosters+1"],"relics":["RobotSpaceExplorer:RoboCore","NeowsBlessing","Whetstone","hubris:SlimyHat","hubris:EvacipatedBox","Golden Idol"],"acts_visited":["Exordium"],"potions_floor_usage":[7],"damage_taken":[{"damage":0,"enemies":"Small Slimes","floor":1,"turns":1},{"damage":0,"enemies":"Cultist","floor":3,"turns":1},{"damage":0,"enemies":"2 Louse","floor":5,"turns":1},{"damage":47,"enemies":"Gremlin Nob","floor":7,"turns":5},{"damage":65,"enemies":"Slime Boss","floor":16,"turns":12}],"seed_played":"-8927134415223432303","potions_obtained":[{"floor":1,"key":"Regen Potion"}],"is_trial":false,"path_per_floor":["M","?","M","?","M","R","E","R","T","R","$","$","R","?","R","B"],"character_chosen":"RobotSpaceExplorer","items_purchased":["hubris:EvacipatedBox","RobotSpaceExplorer:MiniBoosters"],"campfire_rested":2,"item_purchase_floors":[11,12],"current_hp_per_floor":[75,75,75,75,75,75,37,37,37,59,40,40,62,62,62,0,0],"gold":121,"neow_bonus":"THREE_ENEMY_KILL","is_daily":false,"chose_seed":false,"campfire_upgraded":3,"win_rate":0.0,"timestamp":1609865246,"path_taken":["M","?","?","?","M","R","E","R","T","R","?","$","R","?","R","BOSS"],"items_purchased_type":["Relic","Card"],"build_version":"2020-12-22","purchased_purges":0,"victory":false,"max_hp_per_floor":[75,75,75,75,75,75,75,75,75,75,75,75,75,69,69,69,69],"relic_stats":{"counters":[5,20],"Golden Idol":0,"Whetstone":["RobotSpaceExplorer:Strike","RobotSpaceExplorer:MiniDrones"],"obtain_stats":[{"NeowsBlessing":0,"Golden Idol":14,"RobotSpaceExplorer:RoboCore":0,"hubris:SlimyHat":9,"Whetstone":7,"hubris:EvacipatedBox":11},{"NeowsBlessing":0,"Golden Idol":4,"RobotSpaceExplorer:RoboCore":0,"hubris:SlimyHat":4,"Whetstone":4,"hubris:EvacipatedBox":4},{"NeowsBlessing":0,"Golden Idol":8,"RobotSpaceExplorer:RoboCore":0,"hubris:SlimyHat":8,"Whetstone":8,"hubris:EvacipatedBox":8}]},"card_choices":[{"not_picked":["RobotSpaceExplorer:ShovelStrike","RobotSpaceExplorer:JunkDive"],"picked":"RobotSpaceExplorer:DoubleFind","floor":1},{"not_picked":["RobotSpaceExplorer:Electroshield","RobotSpaceExplorer:PlasmaMissile"],"picked":"RobotSpaceExplorer:MiniDrones","floor":3},{"not_picked":["RobotSpaceExplorer:Counterblock","RobotSpaceExplorer:SwiftStep","RobotSpaceExplorer:MetalStrike"],"picked":"SKIP","floor":5},{"not_picked":["RobotSpaceExplorer:Calculate","RobotSpaceExplorer:Ammunition"],"picked":"RobotSpaceExplorer:Exploration","floor":7}],"player_experience":686745,"relics_obtained":[{"floor":7,"key":"Whetstone"},{"floor":9,"key":"hubris:SlimyHat"}],"event_choices":[{"damage_healed":0,"gold_gain":0,"player_choice":"Bought 0 Potions","damage_taken":0,"max_hp_gain":0,"max_hp_loss":0,"event_name":"The Woman in Blue","floor":2,"gold_loss":0},{"damage_healed":75,"gold_gain":0,"player_choice":"Embrace Burn","damage_taken":0,"max_hp_gain":0,"max_hp_loss":75,"event_name":"betterThird:BetterShining","floor":4,"gold_loss":0},{"damage_healed":0,"gold_gain":0,"player_choice":"Lose Max HP","damage_taken":0,"relics_obtained":["Golden Idol"],"max_hp_gain":0,"max_hp_loss":6,"event_name":"Golden Idol","floor":14,"gold_loss":0}],"is_beta":false,"boss_relics":[],"items_purged_floors":[],"is_endless":false,"potions_floor_spawned":[1],"killed_by":"Slime Boss","ascension_level":0}}