{"host":"r6jigiblrojhp6xe","time":1609875968,"event":{"mods":["AchievementEnabler","BaseMod","DeckTracker","Minty Spire (QoL Compilation)","Quick Restart","Rare Cards Sparkle","Relic Stats","StSLib","SuperFastMode","The Cursed","everything is the same but u backflip on backflip"],"gold_per_floor":[17,17,17,35,49,49,62,93,93,18,43,66,66,66,66,164,164,184,208,227,152,152,152,183,183,206,242,275,307,131,149,149,242,242,261,261,53,53,69,69,108,108,108,127,127,146,146,0,0,0,0,0,0,0,35,35,35],"floor_reached":56,"playtime":1552,"items_purged":["Strike_B","Decay","Defend_B"],"score":2084,"play_id":"f3f3162d-2b52-4f4a-8c0a-3e6a5c5c4cbc","local_time":"20210106044608","is_ascension_mode":true,"campfire_choices":[{"data":"Biased Cognition","floor":6.0,"key":"SMITH"},{"data":"Zap","floor":13.0,"key":"SMITH"},{"data":"Zap","floor":15.0,"key":"SMITH"},{"data":"Coolheaded","floor":23.0,"key":"SMITH"},{"floor":25.0,"key":"REST"},{"data":"Defragment","floor":32.0,"key":"SMITH"},{"data":"Seek","floor":40.0,"key":"SMITH"},{"floor":45.0,"key":"RECALL"},{"data":"Defragment","floor":49.0,"key":"SMITH"},{"data":"Capacitor","floor":53.0,"key":"SMITH"}],"circlet_count":0,"master_deck":["AscendersBane","Defend_B","Zap+1","Dualcast+1","Coolheaded+1","Biased Cognition+1","Zap+1","Glacier","FTL","Electrodynamics","Hologram","Core Surge","Coolheaded+1","Turbo","Skim+1","Chill","Defragment+1","Seek+1","Capacitor+1","Defragment+1"],"relics":["Cracked Core","Golden Idol","Dream Catcher","War Paint","Empty Cage","Pear","PreservedInsect","MawBank","Sozu","DataDisk","Symbiotic Virus","Red Mask","Kunai"],"acts_visited":["Exordium","TheCity","TheBeyond","TheEnding"],"potions_floor_usage":[55,56],"damage_taken":[{"damage":10.0,"enemies":"Small Slimes","floor":1.0,"turns":4.0},{"damage":1.0,"enemies":"Jaw Worm","floor":4.0,"turns":3.0},{"damage":0.0,"enemies":"Cultist","floor":5.0,"turns":3.0},{"damage":2.0,"enemies":"Red Slaver","floor":7.0,"turns":3.0},{"damage":6.0,"enemies":"Lagavulin","floor":8.0,"turns":10.0},{"damage":4.0,"enemies":"Gremlin Gang","floor":11.0,"turns":4.0},{"damage":0.0,"enemies":"Lots of Slimes","floor":12.0,"turns":2.0},{"damage":21.0,"enemies":"The Guardian","floor":16.0,"turns":11.0},{"damage":0.0,"enemies":"2 Thieves","floor":18.0,"turns":1.0},{"damage":9.0,"enemies":"Shell Parasite","floor":19.0,"turns":5.0},{"damage":2.0,"enemies":"Centurion and Healer","floor":20.0,"turns":5.0},{"damage":19.0,"enemies":"Slavers","floor":24.0,"turns":3.0},{"damage":0.0,"enemies":"Book of Stabbing","floor":27.0,"turns":3.0},{"damage":0.0,"enemies":"3 Cultists","floor":28.0,"turns":3.0},{"damage":0.0,"enemies":"Sentry and Sphere","floor":29.0,"turns":5.0},{"damage":0.0,"enemies":"Snecko","floor":31.0,"turns":3.0},{"damage":0.0,"enemies":"Collector","floor":33.0,"turns":8.0},{"damage":0.0,"enemies":"Orb Walker","floor":35.0,"turns":3.0},{"damage":7.0,"enemies":"3 Shapes","floor":39.0,"turns":3.0},{"damage":0.0,"enemies":"Giant Head","floor":41.0,"turns":8.0},{"damage":0.0,"enemies":"Transient","floor":44.0,"turns":6.0},{"damage":0.0,"enemies":"4 Shapes","floor":46.0,"turns":3.0},{"damage":0.0,"enemies":"Time Eater","floor":50.0,"turns":12.0},{"damage":24.0,"enemies":"Donu and Deca","floor":51.0,"turns":7.0},{"damage":61,"enemies":"Shield and Spear","floor":55,"turns":4},{"damage":5,"enemies":"The Heart","floor":56,"turns":2}],"seed_played":"1565993486545271097","potions_obtained":[{"floor":4.0,"key":"FearPotion"},{"floor":5.0,"key":"Ancient Potion"},{"floor":7.0,"key":"DistilledChaos"},{"floor":18.0,"key":"Explosive Potion"},{"floor":19.0,"key":"PowerPotion"},{"floor":20.0,"key":"GamblersBrew"},{"floor":24.0,"key":"Ancient Potion"}],"is_trial":false,"path_per_floor":["M","?","?","M","M","R","M","E","T","$","M","M","R","$","R","B",null,"M","M","M","?","?","R","E","R","T","E","M","M","$","M","R","B",null,"M","T","$","?","M","R","E","$","T","M","R","M","?","?","R","B","B",null,"R","$","E","B"],"character_chosen":"DEFECT","items_purchased":["Defragment","Defragment"],"campfire_rested":1,"item_purchase_floors":[30,37],"current_hp_per_floor":[54,54,54,53,53,53,51,45,45,45,41,41,41,41,41,20,53,53,44,42,42,42,42,33,55,55,55,55,55,55,55,55,55,69,69,69,69,69,62,62,62,62,62,62,62,62,62,62,62,62,38,65,65,65,4,0,0],"gold":35,"neow_bonus":"REMOVE_TWO","is_daily":false,"chose_seed":false,"campfire_upgraded":8,"win_rate":0.0,"timestamp":1609875968,"path_taken":["M","?","?","M","?","R","M","E","T","?","?","M","R","$","R","BOSS","M","?","?","?","?","R","E","R","T","E","M","M","$","M","R","BOSS","M","?","$","?","M","R","E","$","T","?","R","M","?","?","R","BOSS","BOSS","R","$","E","BOSS"],"items_purchased_type":["Card","Card"],"build_version":"2020-12-22","purchased_purges":3,"victory":false,"max_hp_per_floor":[71,64,64,64,64,64,64,64,64,64,64,64,64,64,64,64,64,64,64,64,64,64,64,74,74,74,74,74,74,74,74,74,74,74,74,74,74,74,74,74,74,74,74,74,74,74,74,74,74,74,74,74,74,74,74,74,74],"relic_stats":{"Sozu":1,"Dream Catcher":1,"counters":[26,124],"Golden Idol":171,"PreservedInsect":250,"Kunai":[0],"War Paint":["Dualcast","Coolheaded"],"MawBank":36,"obtain_stats":[{"Pear":24,"Golden Idol":2,"PreservedInsect":26,"War Paint":9,"Empty Cage":17,"MawBank":27,"Sozu":34,"Dream Catcher":8,"DataDisk":41,"Red Mask":48,"Kunai":55,"Cracked Core":0,"Symbiotic Virus":43},{"Pear":12,"Golden Idol":1,"PreservedInsect":12,"War Paint":5,"Empty Cage":8,"MawBank":13,"Sozu":17,"Dream Catcher":5,"DataDisk":20,"Red Mask":22,"Kunai":25,"Cracked Core":0,"Symbiotic Virus":20},{"Pear":54,"Golden Idol":4,"PreservedInsect":54,"War Paint":23,"Empty Cage":40,"MawBank":57,"Sozu":76,"Dream Catcher":23,"DataDisk":90,"Red Mask":99,"Kunai":122,"Cracked Core":0,"Symbiotic Virus":90}]},"card_choices":[{"not_picked":["Rebound","Darkness"],"picked":"Coolheaded","floor":1.0},{"not_picked":["Force Field","Barrage","Redo"],"picked":"SKIP","floor":4.0},{"not_picked":["Leap","Sweeping Beam","Gash"],"picked":"SKIP","floor":5.0},{"not_picked":["Auto Shields","Storm"],"picked":"Glacier","floor":7.0},{"not_picked":["Stack","Turbo"],"picked":"FTL","floor":8.0},{"not_picked":["Auto Shields","Loop"],"picked":"Electrodynamics","floor":11.0},{"not_picked":["Steam Power","Stack"],"picked":"Hologram","floor":12.0},{"not_picked":["Reboot","Buffer"],"picked":"Core Surge","floor":16.0},{"not_picked":["Rebound","Tempest+1"],"picked":"Coolheaded","floor":18.0},{"not_picked":["Ball Lightning","Storm","Consume"],"picked":"SKIP","floor":19.0},{"not_picked":["Rebound","Steam+1"],"picked":"Turbo","floor":20.0},{"not_picked":["Melter","Loop"],"picked":"Skim+1","floor":24.0},{"not_picked":["Steam","Steam Power"],"picked":"Chill","floor":27.0},{"not_picked":["Redo","Barrage","Compile Driver"],"picked":"SKIP","floor":28.0},{"not_picked":["Gash","Conserve Battery","Meteor Strike"],"picked":"SKIP","floor":29.0},{"not_picked":["Go for the Eyes","Beam Cell","Redo"],"picked":"SKIP","floor":31.0},{"not_picked":["Creative AI","All For One"],"picked":"Seek","floor":33.0},{"not_picked":["Streamline","Steam"],"picked":"Capacitor","floor":35.0},{"not_picked":["Stack","Storm","Gash"],"picked":"SKIP","floor":39.0},{"not_picked":["Capacitor","Static Discharge","Gash"],"picked":"SKIP","floor":41.0},{"not_picked":["Conserve Battery","Coolheaded","Sweeping Beam"],"picked":"SKIP","floor":44.0},{"not_picked":["Coolheaded","Self Repair+1","Go for the Eyes"],"picked":"SKIP","floor":46.0},{"not_picked":["Beam Cell","Stack","Melter"],"picked":"SKIP","floor":55}],"player_experience":569395,"relics_obtained":[{"floor":8.0,"key":"Dream Catcher"},{"floor":9.0,"key":"War Paint"},{"floor":24.0,"key":"Pear"},{"floor":26.0,"key":"PreservedInsect"},{"floor":27.0,"key":"MawBank"},{"floor":41.0,"key":"DataDisk"},{"floor":43.0,"key":"Symbiotic Virus"},{"floor":55,"key":"Kunai"}],"event_choices":[{"damage_healed":0.0,"max_hp_gain":0.0,"max_hp_loss":7.0,"gold_gain":0.0,"event_name":"Golden Idol","player_choice":"Lose Max HP","floor":2.0,"gold_loss":0.0,"damage_taken":0.0,"relics_obtained":["Golden Idol"]},{"damage_healed":0.0,"max_hp_gain":0.0,"max_hp_loss":0.0,"gold_gain":0.0,"event_name":"Match and Keep!","player_choice":"2 cards matched","floor":3.0,"gold_loss":0.0,"damage_taken":0.0,"cards_obtained":["Biased Cognition","Zap"]},{"cards_removed":["Defend_B"],"damage_healed":0.0,"max_hp_gain":0.0,"max_hp_loss":0.0,"gold_gain":0.0,"event_name":"Beggar","player_choice":"Gave Gold","floor":21.0,"gold_loss":75.0,"damage_taken":0.0},{"damage_healed":0.0,"max_hp_gain":0.0,"max_hp_loss":0.0,"gold_gain":0.0,"event_name":"Wheel of Change","player_choice":"Cursed","floor":22.0,"gold_loss":0.0,"damage_taken":0.0,"cards_obtained":["Decay"]},{"damage_healed":0.0,"max_hp_gain":0.0,"max_hp_loss":0.0,"gold_gain":0.0,"event_name":"SensoryStone","player_choice":"Memory 1","floor":38.0,"gold_loss":0.0,"damage_taken":0.0},{"damage_healed":0.0,"max_hp_gain":0.0,"max_hp_loss":0.0,"gold_gain":0.0,"event_name":"Mysterious Sphere","player_choice":"Ignored","floor":47.0,"gold_loss":0.0,"damage_taken":0.0},{"damage_healed":0.0,"max_hp_gain":0.0,"max_hp_loss":0.0,"gold_gain":0.0,"event_name":"Tomb of Lord Red Mask","player_choice":"Paid","floor":48.0,"gold_loss":146.0,"damage_taken":0.0,"relics_obtained":["Red Mask"]}],"is_beta":false,"boss_relics":[{"not_picked":["Fusion Hammer","SlaversCollar"],"picked":"Empty Cage"},{"not_picked":["Runic Pyramid","Inserter"],"picked":"Sozu"}],"items_purged_floors":[10,30,37],"is_endless":false,"potions_floor_spawned":[4,5,7,8,18,19,20,24,29,46],"killed_by":"The Heart","ascension_level":20}}