{"host":"c3lc60y5x60jlt1y","time":1609847120,"event":{"mods":["AchievementEnabler","BaseMod","Bestiary","Colored Map","Minty Spire (QoL Compilation)","Quick Restart","StSLib","ojb\u0027s Info Mod"],"gold_per_floor":[417,417,433,433,79,79,96,127,206,206,16,16,46,59,59,135,135,147,162,162,162,177,177,208,222,222,222,5,30,42,54,54],"floor_reached":31,"playtime":7470,"items_purged":["Strike_G","Strike_G"],"score":562,"play_id":"ad4ad557-ea60-42e1-a6f3-5de7a4548d95","local_time":"20210105134520","is_ascension_mode":true,"campfire_choices":[{"data":"Neutralize","floor":6,"key":"SMITH"},{"data":"Blade Dance","floor":12,"key":"SMITH"},{"floor":15,"key":"REST"},{"data":"Ghostly","floor":23,"key":"SMITH"},{"floor":27,"key":"REST"},{"data":"Catalyst","floor":30,"key":"SMITH"}],"circlet_count":0,"master_deck":["AscendersBane","Strike_G","Defend_G","Defend_G","Defend_G","Defend_G","Defend_G","Survivor","Neutralize+1","Dagger Throw","All Out Attack","Heel Hook","Flechettes","Flying Knee","Blade Dance+1","All Out Attack","Crippling Poison","Corpse Explosion","Dagger Throw+1","Cloak And Dagger","Ghostly+1","Ghostly","Ghostly","Catalyst+1","Phantasmal Killer","Blade Dance","Backflip","PiercingWail+1"],"relics":["Ring of the Snake","Old Coin","Boot","Mercury Hourglass","Vajra","Letter Opener","Membership Card","PreservedInsect","HoveringKite","Question Card","Regal Pillow","Pear","MawBank"],"acts_visited":["Exordium","TheCity"],"potions_floor_usage":[8,8,16,25,25,31],"damage_taken":[{"damage":7,"enemies":"Small Slimes","floor":1,"turns":6},{"damage":1,"enemies":"Jaw Worm","floor":3,"turns":4},{"damage":0,"enemies":"Cultist","floor":7,"turns":3},{"damage":11,"enemies":"Lagavulin","floor":8,"turns":7},{"damage":5,"enemies":"3 Sentries","floor":13,"turns":5},{"damage":1,"enemies":"Looter","floor":14,"turns":2},{"damage":31,"enemies":"The Guardian","floor":16,"turns":14},{"damage":14,"enemies":"2 Thieves","floor":18,"turns":3},{"damage":0,"enemies":"Chosen","floor":19,"turns":3},{"damage":0,"enemies":"3 Cultists","floor":22,"turns":2},{"damage":4,"enemies":"Slavers","floor":24,"turns":3},{"damage":8,"enemies":"Shelled Parasite and Fungi","floor":25,"turns":6},{"damage":24,"enemies":"Book of Stabbing","floor":29,"turns":5},{"damage":35,"enemies":"Snecko","floor":31,"turns":4}],"seed_played":"-3467698989913844273","potions_obtained":[{"floor":3,"key":"SpeedPotion"},{"floor":7,"key":"Block Potion"},{"floor":14,"key":"SpeedPotion"},{"floor":16,"key":"ColorlessPotion"},{"floor":22,"key":"Energy Potion"},{"floor":24,"key":"PowerPotion"},{"floor":29,"key":"LiquidMemories"}],"is_trial":false,"path_per_floor":["M","?","M","?","$","R","M","E","T","?","$","R","E","M","R","B",null,"M","M","?","?","M","R","E","M","T","R","$","E","R","M"],"character_chosen":"THE_SILENT","items_purchased":["Mercury Hourglass","Membership Card","Blade Dance","Pear","Backflip"],"campfire_rested":2,"item_purchase_floors":[5,11,11,28,28],"current_hp_per_floor":[52,41,40,40,40,40,40,29,29,22,22,22,17,16,34,3,46,32,32,30,24,24,24,20,12,12,35,45,21,21,0,0],"gold":54,"neow_bonus":"ONE_RARE_RELIC","is_daily":false,"chose_seed":false,"campfire_upgraded":4,"win_rate":0.0,"timestamp":1609847120,"path_taken":["M","?","M","?","$","R","?","E","T","?","$","R","E","M","R","BOSS","M","M","?","?","M","R","E","M","T","R","$","E","R","M"],"items_purchased_type":["Relic","Relic","Card","Relic","Card"],"build_version":"2020-12-22","purchased_purges":2,"victory":false,"max_hp_per_floor":[60,60,60,60,60,60,60,60,60,60,60,60,60,60,60,60,60,60,60,30,35,35,35,35,35,35,35,45,45,45,45,45],"card_choices":[{"not_picked":["Deadly Poison","Heel Hook"],"picked":"Dagger Throw","floor":1},{"not_picked":["Masterful Stab","Bane"],"picked":"All Out Attack","floor":3},{"not_picked":["Concentrate","Deflect"],"picked":"Flechettes","floor":7},{"not_picked":["Well Laid Plans","Envenom"],"picked":"Flying Knee","floor":8},{"not_picked":["Poisoned Stab","Bane"],"picked":"All Out Attack","floor":13},{"not_picked":["Flying Knee","Dodge and Roll"],"picked":"Crippling Poison","floor":14},{"not_picked":["A Thousand Cuts","Envenom"],"picked":"Corpse Explosion","floor":16},{"not_picked":["Accuracy","Flying Knee"],"picked":"Dagger Throw+1","floor":18},{"not_picked":["Deadly Poison","Choke"],"picked":"Cloak And Dagger","floor":19},{"not_picked":["Setup","Flying Knee"],"picked":"Catalyst","floor":22},{"not_picked":["Footwork","Sucker Punch"],"picked":"Phantasmal Killer","floor":24},{"not_picked":["Bane","Poisoned Stab","Slice+1"],"picked":"Blade Dance","floor":25},{"not_picked":["Slice","Flying Knee","Quick Slash"],"picked":"PiercingWail+1","floor":29}],"player_experience":7513935,"relics_obtained":[{"floor":8,"key":"Vajra"},{"floor":9,"key":"Letter Opener"},{"floor":13,"key":"PreservedInsect"},{"floor":24,"key":"Question Card"},{"floor":26,"key":"Regal Pillow"},{"floor":29,"key":"MawBank"}],"event_choices":[{"damage_healed":0,"gold_gain":0,"player_choice":"Success","damage_taken":11,"relics_obtained":["Boot"],"max_hp_gain":0,"max_hp_loss":0,"event_name":"Scrap Ooze","floor":2,"gold_loss":0},{"damage_healed":0,"gold_gain":0,"cards_transformed":["Strike_G"],"player_choice":"Transformed","damage_taken":0,"max_hp_gain":0,"max_hp_loss":0,"event_name":"Transmorgrifier","floor":4,"gold_loss":0,"cards_obtained":["Heel Hook"]},{"cards_removed":["Strike_G"],"damage_healed":0,"gold_gain":0,"player_choice":"Card Removal","damage_taken":7,"max_hp_gain":0,"max_hp_loss":0,"event_name":"Golden Wing","floor":10,"gold_loss":0},{"damage_healed":0,"gold_gain":0,"player_choice":"Became a Ghost","damage_taken":0,"max_hp_gain":0,"max_hp_loss":30,"event_name":"Ghosts","floor":20,"gold_loss":0,"cards_obtained":["Ghostly","Ghostly","Ghostly"]},{"damage_healed":0,"gold_gain":0,"player_choice":"Shed Blood","damage_taken":11,"max_hp_gain":5,"max_hp_loss":0,"event_name":"Forgotten Altar","floor":21,"gold_loss":0}],"is_beta":false,"boss_relics":[{"not_picked":["Calling Bell","Sozu"],"picked":"HoveringKite"}],"items_purged_floors":[5,28],"is_endless":false,"potions_floor_spawned":[3,7,14,16,22,24,29],"killed_by":"Snecko","ascension_level":20}}