{"host":"yknvfbbdiwou5sqc","time":1609832964,"event":{"mods":["AchievementEnabler","BaseMod","Colored Map","Colored Powertips","DeckTracker","Minty Spire (QoL Compilation)","Relic Sorter","SuperFastMode"],"gold_per_floor":[112,122,133,133,153,153,164,164,187,187,206,219,236,250,250,250,250],"floor_reached":16,"playtime":1074,"items_purged":[],"score":98,"play_id":"10fad8ed-7eb3-4b1d-904f-d9a9223864e4","local_time":"20210105094924","is_ascension_mode":false,"campfire_choices":[{"data":"PathToVictory","floor":6,"key":"SMITH"},{"data":"Defend_P","floor":8,"key":"SMITH"},{"data":"Defend_P","floor":10,"key":"SMITH"},{"floor":15,"key":"REST"}],"circlet_count":0,"master_deck":["Strike_P","Strike_P","Strike_P","Strike_P","Defend_P+1","Defend_P+1","Defend_P","Defend_P","Eruption","Vigilance","PathToVictory+1","Swivel"],"relics":["PureWater"],"acts_visited":["Exordium"],"potions_floor_usage":[16,16,16],"damage_taken":[{"damage":0,"enemies":"Cultist","floor":1,"turns":3},{"damage":3,"enemies":"2 Louse","floor":2,"turns":3},{"damage":15,"enemies":"Jaw Worm","floor":3,"turns":5},{"damage":0,"enemies":"Looter","floor":5,"turns":4},{"damage":5,"enemies":"2 Fungi Beasts","floor":7,"turns":4},{"damage":5,"enemies":"Lots of Slimes","floor":11,"turns":6},{"damage":3,"enemies":"3 Louse","floor":12,"turns":4},{"damage":5,"enemies":"2 Fungi Beasts","floor":13,"turns":4},{"damage":24,"enemies":"Gremlin Gang","floor":14,"turns":9},{"damage":45,"enemies":"Hexaghost","floor":16,"turns":7}],"seed_played":"802696860301507664","potions_obtained":[{"floor":5,"key":"Swift Potion"},{"floor":11,"key":"SpeedPotion"},{"floor":12,"key":"DistilledChaos"}],"is_trial":false,"path_per_floor":["M","M","M","?","M","R","M","R","T","R","M","M","M","M","R","B"],"character_chosen":"WATCHER","items_purchased":[],"campfire_rested":1,"item_purchase_floors":[],"current_hp_per_floor":[79,76,61,61,61,61,56,56,56,56,51,48,43,19,42,0,0],"gold":250,"neow_bonus":"TEN_PERCENT_HP_BONUS","is_daily":false,"chose_seed":false,"campfire_upgraded":3,"win_rate":0.0,"timestamp":1609832964,"path_taken":["M","M","M","?","M","R","M","R","T","R","M","M","M","M","R","BOSS"],"items_purchased_type":[],"build_version":"2020-12-22","purchased_purges":0,"victory":false,"max_hp_per_floor":[79,79,79,79,79,79,79,79,79,79,79,79,79,79,79,79,79],"card_choices":[{"not_picked":["FlyingSleeves","EmptyFist","Vengeance"],"picked":"SKIP","floor":1},{"not_picked":["ThirdEye","CrushJoints"],"picked":"PathToVictory","floor":2},{"not_picked":["Pray","CutThroughFate","EmptyFist"],"picked":"SKIP","floor":3},{"not_picked":["SignatureMove","Protect","WindmillStrike"],"picked":"SKIP","floor":5},{"not_picked":["BowlingBash","FlyingSleeves","Indignation"],"picked":"SKIP","floor":7},{"not_picked":["Protect","ThirdEye"],"picked":"Swivel","floor":11},{"not_picked":["ReachHeaven","Crescendo","CrushJoints"],"picked":"SKIP","floor":12},{"not_picked":["Perseverance","LessonLearned","Prostrate"],"picked":"SKIP","floor":13},{"not_picked":["CutThroughFate","LikeWater","FlurryOfBlows"],"picked":"SKIP","floor":14}],"player_experience":149556,"relics_obtained":[],"event_choices":[{"damage_healed":0,"gold_gain":0,"player_choice":"Fled","damage_taken":0,"max_hp_gain":0,"max_hp_loss":0,"event_name":"Scrap Ooze","floor":4,"gold_loss":0}],"is_beta":false,"boss_relics":[],"items_purged_floors":[],"is_endless":false,"potions_floor_spawned":[5,11,12,14],"killed_by":"Hexaghost","ascension_level":0}}