{"host":"Qube","time":1609887007,"event":{"mods":["AchievementEnabler","BaseMod","Colored Map","Colored Powertips","Minty Spire (QoL Compilation)","Quick Restart","Random Character Button","StSLib"],"gold_per_floor":[209,284,302,14,14,14,33,44,69,99,99,121,121,133,133,207,257,270,241,22,41,41,72,72,72],"floor_reached":24,"playtime":1134,"items_purged":[],"score":421,"play_id":"48ad29f8-6b48-47c9-b91e-ffd6efa6c056","local_time":"20210105145007","is_ascension_mode":true,"campfire_choices":[{"floor":6.0,"key":"REST"},{"floor":11.0,"key":"REST"},{"floor":13.0,"key":"REST"},{"data":"Streamline","floor":15.0,"key":"SMITH"}],"circlet_count":0,"master_deck":["AscendersBane","Strike_B","Strike_B+1","Strike_B","Strike_B+1","Defend_B","Defend_B","Defend_B","Defend_B","Zap","Dualcast","Blizzard","Ball Lightning+1","Barrage","Streamline+1","Reinforced Body","Loop","Conserve Battery","Seek","Conserve Battery","Coolheaded+1","Hologram","Coolheaded","Writhe","Genetic Algorithm+1"],"relics":["Cracked Core","Eternal Feather","DataDisk","Boot","Odd Mushroom","Tiny House","Lee\u0027s Waffle","Toxic Egg 2","Bottled Tornado"],"acts_visited":["Exordium","TheCity"],"potions_floor_usage":[23,23],"damage_taken":[{"damage":5.0,"enemies":"2 Louse","floor":1.0,"turns":3.0},{"damage":8.0,"enemies":"Small Slimes","floor":3.0,"turns":3.0},{"damage":2.0,"enemies":"Jaw Worm","floor":7.0,"turns":3.0},{"damage":11.0,"enemies":"2 Fungi Beasts","floor":8.0,"turns":3.0},{"damage":30.0,"enemies":"3 Sentries","floor":10.0,"turns":5.0},{"damage":22.0,"enemies":"The Mushroom Lair","floor":12.0,"turns":4.0},{"damage":8.0,"enemies":"Large Slime","floor":14.0,"turns":5.0},{"damage":17.0,"enemies":"Hexaghost","floor":16.0,"turns":8.0},{"damage":16.0,"enemies":"3 Byrds","floor":18.0,"turns":4.0},{"damage":15.0,"enemies":"2 Thieves","floor":19.0,"turns":4.0},{"damage":17,"enemies":"Sentry and Sphere","floor":21,"turns":8},{"damage":50,"enemies":"Slavers","floor":23,"turns":6}],"seed_played":"-849519851575131829","potions_obtained":[{"floor":10.0,"key":"CultistPotion"},{"floor":12.0,"key":"Dexterity Potion"},{"floor":14.0,"key":"PowerPotion"},{"floor":16.0,"key":"EssenceOfDarkness"},{"floor":17.0,"key":"LiquidMemories"},{"floor":21,"key":"PowerPotion"}],"is_trial":false,"path_per_floor":["M","?","M","$","?","R","M","M","T","E","R","?","R","M","R","B",null,"M","M","$","M","?","E","?"],"character_chosen":"DEFECT","items_purchased":["Eternal Feather","Coolheaded","Lee\u0027s Waffle"],"campfire_rested":3,"item_purchase_floors":[4,20,20],"current_hp_per_floor":[59,48,40,40,19,46,44,33,33,3,33,11,41,33,42,25,65,49,34,83,66,66,16,0,0],"gold":72,"neow_bonus":"HUNDRED_GOLD","is_daily":false,"chose_seed":false,"campfire_upgraded":1,"win_rate":0.0,"timestamp":1609887007,"path_taken":["M","?","M","$","?","R","M","M","T","E","R","?","R","M","R","BOSS","M","M","$","M","?","E","?"],"items_purchased_type":["Relic","Card","Relic"],"build_version":"2020-12-18","purchased_purges":0,"victory":false,"max_hp_per_floor":[71,71,71,71,71,71,71,71,71,71,71,71,71,71,71,71,76,76,76,83,83,83,83,83,83],"card_choices":[{"not_picked":["Ball Lightning","Gash"],"picked":"Blizzard","floor":1.0},{"not_picked":["Beam Cell","Chaos"],"picked":"Ball Lightning","floor":3.0},{"not_picked":["Doom and Gloom","FTL"],"picked":"Barrage","floor":7.0},{"not_picked":["Capacitor","Barrage"],"picked":"Streamline","floor":8.0},{"not_picked":["Reprogram","Creative AI"],"picked":"Reinforced Body","floor":10.0},{"not_picked":["Barrage","Hello World"],"picked":"Loop","floor":12.0},{"not_picked":["Gash","BootSequence"],"picked":"Conserve Battery","floor":14.0},{"not_picked":["All For One","Multi-Cast"],"picked":"Seek","floor":16.0},{"not_picked":["Turbo","Barrage"],"picked":"Conserve Battery","floor":17.0},{"not_picked":["Turbo","Beam Cell"],"picked":"Coolheaded+1","floor":18.0},{"not_picked":["Sunder","Fission"],"picked":"Hologram","floor":19.0},{"not_picked":["Stack","Gash","Streamline"],"picked":"SKIP","floor":21},{"not_picked":["Leap+1","Scrape"],"picked":"Genetic Algorithm+1","floor":23}],"player_experience":789516,"relics_obtained":[{"floor":9.0,"key":"DataDisk"},{"floor":10.0,"key":"Boot"},{"floor":12.0,"key":"Odd Mushroom"},{"floor":23,"key":"Bottled Tornado"}],"event_choices":[{"damage_healed":0.0,"max_hp_gain":0.0,"max_hp_loss":0.0,"gold_gain":75.0,"event_name":"World of Goop","player_choice":"Gather Gold","floor":2.0,"gold_loss":0.0,"damage_taken":11.0},{"damage_healed":0.0,"max_hp_gain":0.0,"max_hp_loss":0.0,"gold_gain":0.0,"event_name":"Shining Light","player_choice":"Entered Light","floor":5.0,"gold_loss":0.0,"damage_taken":21.0,"cards_upgraded":["Strike_B","Strike_B"]},{"damage_healed":0.0,"max_hp_gain":0.0,"max_hp_loss":0.0,"gold_gain":0.0,"event_name":"Mushrooms","player_choice":"Fought Mushrooms","floor":12.0,"gold_loss":0.0,"damage_taken":0.0},{"damage_healed":0,"gold_gain":0,"player_choice":"Opened","damage_taken":0,"relics_obtained":["Toxic Egg 2"],"max_hp_gain":0,"max_hp_loss":0,"event_name":"The Mausoleum","floor":22,"gold_loss":0,"cards_obtained":["Writhe"]}],"is_beta":true,"boss_relics":[{"not_picked":["Runic Dome","SlaversCollar"],"picked":"Tiny House"}],"items_purged_floors":[],"is_endless":false,"potions_floor_spawned":[10,12,14,16,21],"ascension_level":19}}