{"host":"soyfmymeou4emntr","time":1609813920,"event":{"mods":["BaseMod","Minty Spire (QoL Compilation)","Relic Sorter","Relic Stats","StSLib"],"gold_per_floor":[217,14,14,14,33,33,33],"floor_reached":6,"playtime":198,"items_purged":[],"score":68,"play_id":"9c44d065-1f58-451d-b01d-d9455dd043ca","local_time":"20210104193200","is_ascension_mode":true,"campfire_choices":[],"circlet_count":0,"master_deck":["AscendersBane","Strike_R","Strike_R","Strike_R","Strike_R","Strike_R","Defend_R","Defend_R","Defend_R","Defend_R","Bash","Feel No Pain","Reckless Charge","Infernal Blade","Sword Boomerang"],"relics":["Burning Blood","Golden Idol","The Courier"],"acts_visited":["Exordium"],"potions_floor_usage":[],"damage_taken":[{"damage":7,"enemies":"Small Slimes","floor":1,"turns":4},{"damage":10,"enemies":"2 Louse","floor":5,"turns":4},{"damage":52,"enemies":"Gremlin Nob","floor":6,"turns":4}],"seed_played":"726043396404060514","potions_obtained":[],"is_trial":false,"path_per_floor":["M","$","?","?","M","E"],"character_chosen":"IRONCLAD","items_purchased":["Feel No Pain","Reckless Charge","Infernal Blade"],"campfire_rested":0,"item_purchase_floors":[2,2,2],"current_hp_per_floor":[67,67,67,56,52,0,0],"gold":33,"neow_bonus":"HUNDRED_GOLD","is_daily":false,"chose_seed":false,"campfire_upgraded":0,"win_rate":0.0,"timestamp":1609813920,"path_taken":["M","$","?","?","M","E"],"items_purchased_type":["Card","Card","Card"],"build_version":"2020-12-22","purchased_purges":0,"victory":false,"max_hp_per_floor":[75,75,68,68,68,68,68],"relic_stats":{"counters":[3,12],"Golden Idol":4,"obtain_stats":[{"Golden Idol":3,"The Courier":4,"Burning Blood":0},{"Golden Idol":1,"The Courier":1,"Burning Blood":0},{"Golden Idol":4,"The Courier":4,"Burning Blood":0}],"Burning Blood":12},"card_choices":[{"not_picked":["Havoc","Wild Strike","Heavy Blade"],"picked":"SKIP","floor":1},{"not_picked":["Clash","Ghostly Armor"],"picked":"Sword Boomerang","floor":5}],"player_experience":2795872,"relics_obtained":[],"event_choices":[{"damage_healed":0,"gold_gain":0,"player_choice":"Lose Max HP","damage_taken":0,"relics_obtained":["Golden Idol"],"max_hp_gain":0,"max_hp_loss":7,"event_name":"Golden Idol","floor":3,"gold_loss":0},{"damage_healed":0,"gold_gain":0,"player_choice":"Success","damage_taken":11,"relics_obtained":["The Courier"],"max_hp_gain":0,"max_hp_loss":0,"event_name":"Scrap Ooze","floor":4,"gold_loss":0}],"is_beta":false,"boss_relics":[],"items_purged_floors":[],"is_endless":false,"potions_floor_spawned":[],"killed_by":"Gremlin Nob","ascension_level":20}}