{"host":"y7sd46uq4xlni546","time":1609873161,"event":{"mods":["AchievementEnabler","BaseMod","Colored Map","Colored Powertips","Curses Come First","Filter the Spire","Minty Spire (QoL Compilation)","Quick Restart","Random Character Button","Rare Cards Sparkle","StSLib"],"gold_per_floor":[111,130,142,142,158,158,186,186,186,216,226,226,226,244,244,368,368,392,392,294,294,310,350,350,400,400,443,443,467,500,518,518,649,649,667,682,705,1038,1051,1051,1077,1077,1102,1135,1135,1035,1035,1035,1035,1035],"floor_reached":51,"playtime":1991,"items_purged":["Defend_R","Bash"],"score":873,"play_id":"ea2ba393-2fcc-4986-92b6-c5b48f5cb3f3","local_time":"20210105195921","is_ascension_mode":false,"campfire_choices":[{"data":"Flex","floor":6.0,"key":"SMITH"},{"data":"Armaments","floor":8.0,"key":"SMITH"},{"floor":12.0,"key":"REST"},{"data":"Shrug It Off","floor":15.0,"key":"SMITH"},{"floor":24.0,"key":"REST"},{"floor":28,"key":"REST"},{"floor":32,"key":"REST"},{"floor":40,"key":"REST"},{"floor":42,"key":"REST"},{"floor":45,"key":"REST"},{"data":"Chrysalis","floor":49,"key":"SMITH"}],"circlet_count":0,"master_deck":["Strike_R","Strike_R","Strike_R","Defend_R","Defend_R+1","Immolate+1","Demon Form+1","Barricade+1","Flex+1","Shrug It Off+1","Armaments+1","Thunderclap","Injury","Cleave","Impervious","Body Slam","Shrug It Off+1","Body Slam","Juggernaut","Shrug It Off","Chrysalis+1"],"relics":["Astrolabe","Paper Frog","Blue Candle","Lantern","Sozu","MutagenicStrength","War Paint","Omamori","Dead Branch","CaptainsWheel","Black Star","Mummified Hand","Thread and Needle","Red Skull","Letter Opener","Bag of Marbles"],"acts_visited":["Exordium","TheCity","TheBeyond"],"potions_floor_usage":[27,50],"damage_taken":[{"damage":0.0,"enemies":"Small Slimes","floor":1.0,"turns":3.0},{"damage":0.0,"enemies":"Cultist","floor":2.0,"turns":2.0},{"damage":6.0,"enemies":"Jaw Worm","floor":3.0,"turns":2.0},{"damage":20.0,"enemies":"Exordium Thugs","floor":5.0,"turns":4.0},{"damage":8.0,"enemies":"Gremlin Nob","floor":7.0,"turns":3.0},{"damage":18.0,"enemies":"3 Sentries","floor":10.0,"turns":4.0},{"damage":0.0,"enemies":"Exordium Wildlife","floor":11.0,"turns":1.0},{"damage":0.0,"enemies":"2 Fungi Beasts","floor":14.0,"turns":1.0},{"damage":25.0,"enemies":"Hexaghost","floor":16.0,"turns":9.0},{"damage":23.0,"enemies":"Shell Parasite","floor":18.0,"turns":3.0},{"damage":16.0,"enemies":"2 Thieves","floor":22.0,"turns":2.0},{"damage":0.0,"enemies":"Slavers","floor":23.0,"turns":2.0},{"damage":28,"enemies":"Book of Stabbing","floor":27,"turns":5},{"damage":5,"enemies":"Cultist and Chosen","floor":29,"turns":4},{"damage":0,"enemies":"Slavers","floor":30,"turns":1},{"damage":0,"enemies":"Chosen and Byrds","floor":31,"turns":3},{"damage":32,"enemies":"Collector","floor":33,"turns":10},{"damage":1,"enemies":"3 Darklings","floor":35,"turns":3},{"damage":10,"enemies":"3 Shapes","floor":36,"turns":4},{"damage":26,"enemies":"Sphere and 2 Shapes","floor":37,"turns":3},{"damage":9,"enemies":"Writhing Mass","floor":39,"turns":9},{"damage":18,"enemies":"Reptomancer","floor":41,"turns":6},{"damage":10,"enemies":"Nemesis","floor":44,"turns":5},{"damage":13,"enemies":"Donu and Deca","floor":50,"turns":9}],"seed_played":"564227520299641531","potions_obtained":[{"floor":3.0,"key":"EssenceOfSteel"},{"floor":4.0,"key":"Energy Potion"},{"floor":4.0,"key":"FearPotion"},{"floor":10.0,"key":"SkillPotion"},{"floor":11.0,"key":"AttackPotion"}],"is_trial":false,"path_per_floor":["M","M","M","?","M","R","E","R","T","E","M","R","?","M","R","B",null,"M","?","$","?","M","E","R","?","T","E","R","M","E","M","R","B",null,"M","M","M","?","M","R","E","R","T","E","R","$","?","?","R","B",null],"character_chosen":"IRONCLAD","items_purchased":["Body Slam"],"campfire_rested":7,"item_purchase_floors":[20],"current_hp_per_floor":[80,80,74,74,54,54,46,46,46,28,28,52,52,52,52,27,80,57,57,57,57,41,41,65,65,65,37,61,56,56,56,80,48,80,79,69,43,43,34,58,40,64,64,54,78,78,78,78,78,65],"gold":1035,"neow_bonus":"BOSS_RELIC","is_daily":false,"chose_seed":false,"campfire_upgraded":4,"win_rate":0.0,"timestamp":1609873161,"path_taken":["M","M","M","?","?","R","E","R","T","E","M","R","?","M","R","BOSS","M","?","$","?","?","E","R","?","T","E","R","M","E","M","R","BOSS","M","M","M","?","M","R","E","R","T","E","R","$","?","?","R","BOSS"],"items_purchased_type":["Card"],"build_version":"2020-12-22","purchased_purges":2,"victory":true,"max_hp_per_floor":[80,80,80,80,80,80,80,80,80,80,80,80,80,80,80,80,80,80,80,80,80,80,80,80,80,80,80,80,80,80,80,80,80,80,80,80,80,80,80,80,80,80,80,80,80,80,80,80,80,80],"card_choices":[{"not_picked":["Havoc","Rupture"],"picked":"Flex","floor":1.0},{"not_picked":["Havoc","Perfected Strike","Shockwave"],"picked":"SKIP","floor":2.0},{"not_picked":["Perfected Strike","Anger","Wild Strike"],"picked":"SKIP","floor":3.0},{"not_picked":["Pummel","Corruption"],"picked":"Shrug It Off","floor":5.0},{"not_picked":["Ghostly Armor","Flex"],"picked":"Armaments","floor":7.0},{"not_picked":["Anger","Pommel Strike","Disarm"],"picked":"SKIP","floor":10.0},{"not_picked":["Perfected Strike","Clash"],"picked":"Thunderclap","floor":11.0},{"not_picked":["Rampage","Dropkick"],"picked":"Cleave","floor":14.0},{"not_picked":["Corruption","Bludgeon"],"picked":"Impervious","floor":16.0},{"not_picked":["Evolve","Disarm+1","Entrench"],"picked":"SKIP","floor":18.0},{"not_picked":["Flame Barrier","True Grit"],"picked":"Shrug It Off","floor":22.0},{"not_picked":["Twin Strike","Perfected Strike"],"picked":"Body Slam","floor":23.0},{"not_picked":["Clash+1","Armaments"],"picked":"Juggernaut","floor":27},{"not_picked":["Inflame","Combust+1"],"picked":"Shrug It Off","floor":29},{"not_picked":["Metallicize","Battle Trance","Wild Strike"],"picked":"SKIP","floor":30},{"not_picked":["Fire Breathing+1","Warcry","Iron Wave"],"picked":"SKIP","floor":31},{"not_picked":["Burning Pact+1","Sentinel","Armaments"],"picked":"SKIP","floor":35},{"not_picked":["Iron Wave+1","Flex","Entrench"],"picked":"SKIP","floor":36},{"not_picked":["Heavy Blade","Perfected Strike+1","Sever Soul+1"],"picked":"SKIP","floor":37},{"not_picked":["Havoc","Warcry+1","Clothesline+1"],"picked":"SKIP","floor":39},{"not_picked":["Spot Weakness","Seeing Red+1","Pommel Strike+1"],"picked":"SKIP","floor":41},{"not_picked":["Sentinel","Hemokinesis+1","Sever Soul"],"picked":"SKIP","floor":44},{"not_picked":["HandOfGreed","Madness"],"picked":"Chrysalis","floor":48}],"player_experience":607380,"relics_obtained":[{"floor":7.0,"key":"Paper Frog"},{"floor":9.0,"key":"Blue Candle"},{"floor":10.0,"key":"Lantern"},{"floor":23.0,"key":"War Paint"},{"floor":26,"key":"Omamori"},{"floor":27,"key":"Dead Branch"},{"floor":30,"key":"CaptainsWheel"},{"floor":41,"key":"Mummified Hand"},{"floor":41,"key":"Thread and Needle"},{"floor":43,"key":"Red Skull"},{"floor":44,"key":"Letter Opener"},{"floor":44,"key":"Bag of Marbles"}],"event_choices":[{"damage_healed":0.0,"max_hp_gain":0.0,"max_hp_loss":0.0,"gold_gain":0.0,"event_name":"Lab","player_choice":"Got Potions","floor":4.0,"gold_loss":0.0,"damage_taken":0.0},{"damage_healed":0.0,"max_hp_gain":0.0,"max_hp_loss":0.0,"gold_gain":0.0,"event_name":"Golden Idol","player_choice":"Take Wound","floor":13.0,"gold_loss":0.0,"damage_taken":0.0,"relics_obtained":["Golden Idol"],"cards_obtained":["Injury"]},{"damage_healed":0.0,"max_hp_gain":0.0,"max_hp_loss":0.0,"gold_gain":0.0,"event_name":"Drug Dealer","player_choice":"Inject Mutagens","floor":19.0,"gold_loss":0.0,"damage_taken":0.0,"relics_obtained":["MutagenicStrength"]},{"damage_healed":0.0,"max_hp_gain":0.0,"max_hp_loss":0.0,"gold_gain":0.0,"event_name":"The Woman in Blue","player_choice":"Bought 0 Potions","floor":21.0,"gold_loss":0.0,"damage_taken":0.0},{"damage_healed":0,"gold_gain":100,"player_choice":"Bet on Murderer","damage_taken":0,"max_hp_gain":0,"max_hp_loss":0,"event_name":"The Joust","floor":25,"gold_loss":50},{"damage_healed":0,"gold_gain":333,"player_choice":"Gave Idol","damage_taken":0,"max_hp_gain":0,"max_hp_loss":0,"event_name":"The Moai Head","floor":38,"relics_lost":["Golden Idol"],"gold_loss":0},{"damage_healed":0,"gold_gain":0,"player_choice":"Ignored","damage_taken":0,"max_hp_gain":0,"max_hp_loss":0,"event_name":"Mysterious Sphere","floor":47,"gold_loss":0},{"damage_healed":0,"gold_gain":0,"player_choice":"Memory 1","damage_taken":0,"max_hp_gain":0,"max_hp_loss":0,"event_name":"SensoryStone","floor":48,"gold_loss":0}],"is_beta":false,"boss_relics":[{"not_picked":["Runic Dome","Runic Pyramid"],"picked":"Sozu"},{"not_picked":["SlaversCollar","Cursed Key"],"picked":"Black Star"}],"items_purged_floors":[20,46],"is_endless":false,"potions_floor_spawned":[3,10,11,27,33,37,44],"ascension_level":0}}