{"host":"w9yruvs4bqht6bhw","time":1609815046,"event":{"mods":["BaseMod","Colored Powertips","Minty Spire (QoL Compilation)"],"gold_per_floor":[112,125,125,125,148,148,182,216,216,166,166,187,202,28,28,163,163,141,141,141],"floor_reached":19,"playtime":682,"items_purged":["Strike_R"],"score":225,"play_id":"5d44c773-0fad-4320-9b29-1bf83a397502","local_time":"20210104215046","is_ascension_mode":true,"campfire_choices":[{"data":"Cleave","floor":6,"key":"SMITH"},{"data":"Bash","floor":15,"key":"SMITH"}],"circlet_count":0,"master_deck":["Strike_R","Strike_R","Strike_R","Defend_R","Defend_R","Defend_R","Bash+1","Impervious","Cleave+1","Shrug It Off","Disarm","Battle Trance","Reaper"],"relics":["Black Blood","Golden Idol","CeramicFish","Tiny Chest"],"acts_visited":["Exordium","TheCity"],"potions_floor_usage":[16,16,16],"damage_taken":[{"damage":0,"enemies":"2 Louse","floor":1,"turns":3},{"damage":5,"enemies":"Cultist","floor":2,"turns":5},{"damage":12,"enemies":"Jaw Worm","floor":5,"turns":3},{"damage":1,"enemies":"3 Louse","floor":7,"turns":3},{"damage":33,"enemies":"Exordium Wildlife","floor":8,"turns":6},{"damage":8,"enemies":"Blue Slaver","floor":12,"turns":5},{"damage":0,"enemies":"3 Louse","floor":13,"turns":3},{"damage":30,"enemies":"The Guardian","floor":16,"turns":17},{"damage":35,"enemies":"2 Thieves","floor":18,"turns":5},{"damage":43,"enemies":"Spheric Guardian","floor":19,"turns":6}],"seed_played":"-1006628294216078819","potions_obtained":[{"floor":1,"key":"Strength Potion"},{"floor":7,"key":"Regen Potion"},{"floor":16,"key":"LiquidBronze"}],"is_trial":false,"path_per_floor":["M","M","?","?","M","R","M","M","T","?","?","M","M","$","R","B",null,"M","M"],"character_chosen":"IRONCLAD","items_purchased":["SkillPotion","Energy Potion"],"campfire_rested":0,"item_purchase_floors":[14,14],"current_hp_per_floor":[78,79,59,59,53,53,58,31,31,31,31,29,35,35,35,26,67,44,1,1],"gold":141,"neow_bonus":"TRANSFORM_CARD","is_daily":false,"chose_seed":false,"campfire_upgraded":2,"win_rate":0.0,"timestamp":1609815046,"path_taken":["M","M","?","?","?","R","M","M","T","?","?","M","M","$","R","BOSS","M","M"],"items_purchased_type":["Potion","Potion"],"build_version":"2020-12-22","purchased_purges":1,"victory":false,"max_hp_per_floor":[80,80,80,80,80,80,80,80,80,80,80,80,80,80,80,80,80,80,80,80],"card_choices":[{"not_picked":["Evolve","True Grit"],"picked":"Cleave","floor":1},{"not_picked":["Heavy Blade","Rupture"],"picked":"Shrug It Off","floor":2},{"not_picked":["Power Through","Heavy Blade","Warcry"],"picked":"SKIP","floor":5},{"not_picked":["Seeing Red","Perfected Strike"],"picked":"Disarm","floor":7},{"not_picked":["Pommel Strike","Ghostly Armor"],"picked":"Battle Trance","floor":8},{"not_picked":["Iron Wave","Fire Breathing","Wild Strike"],"picked":"SKIP","floor":12},{"not_picked":["Warcry","Hemokinesis","Disarm"],"picked":"SKIP","floor":13},{"not_picked":["Impervious","Fiend Fire"],"picked":"Reaper","floor":16},{"not_picked":["Rupture","Fire Breathing","Armaments+1"],"picked":"SKIP","floor":18}],"player_experience":331071,"relics_obtained":[{"floor":9,"key":"Tiny Chest"}],"event_choices":[{"damage_healed":0,"gold_gain":0,"player_choice":"Take Damage","damage_taken":20,"relics_obtained":["Golden Idol"],"max_hp_gain":0,"max_hp_loss":0,"event_name":"Golden Idol","floor":3,"gold_loss":0},{"damage_healed":0,"gold_gain":0,"player_choice":"Gave Potion","damage_taken":0,"relics_obtained":["CeramicFish"],"max_hp_gain":0,"max_hp_loss":0,"event_name":"WeMeetAgain","floor":4,"gold_loss":0},{"cards_removed":["Strike_R"],"damage_healed":0,"gold_gain":0,"player_choice":"Card Removal","damage_taken":0,"max_hp_gain":0,"max_hp_loss":0,"event_name":"The Cleric","floor":10,"gold_loss":50},{"damage_healed":0,"gold_gain":0,"player_choice":"Ignored","damage_taken":0,"max_hp_gain":0,"max_hp_loss":0,"event_name":"Liars Game","floor":11,"gold_loss":0}],"is_beta":false,"boss_relics":[{"not_picked":["Busted Crown","Runic Pyramid"],"picked":"Black Blood"}],"items_purged_floors":[14],"is_endless":false,"potions_floor_spawned":[1,7,16],"killed_by":"Spheric Guardian","ascension_level":8}}