{"host":"zjxcc3u4aqpoowwq","time":1609881445,"event":{"mods":["100% Spire Juice","2.2 Compatiblity","AchievementEnabler","BaseMod","Better Third Choice","CapriCore","Colored Map","Keyboard Shortcuts","Minty Spire (QoL Compilation)","StSLib"],"gold_per_floor":[110,110,7,17,192,222,51,51,51,76,76,107,125,125,5,5,5],"floor_reached":16,"playtime":546,"items_purged":[],"score":155,"play_id":"7da7e852-dd1f-43fd-82f2-2656af2fe51e","local_time":"20210106061725","is_ascension_mode":true,"campfire_choices":[{"floor":8,"key":"REST"},{"floor":15,"key":"RECALL"}],"circlet_count":0,"master_deck":["Moonworks:Strike","Moonworks:Strike","Moonworks:Strike","Moonworks:Strike","Moonworks:Defend","Moonworks:Defend","Moonworks:Defend","Moonworks:Defend","Moonworks:Ambush","Moonworks:LongDistanceShot","Decay","Moonworks:GoAway","Moonworks:LulusLuckyEgg","Moonworks:DeployBits","Moonworks:CloudOfSeagulls","Doubt","Moonworks:BindingChains","Moonworks:JonathanRush","Moonworks:CloudOfSeagulls","Moonworks:CloudOfSeagulls","Parasite"],"relics":["Moonworks:BrokenBomb","Moonworks:Homemark","White Beast Statue","Mango","Oddly Smooth Stone","Bag of Preparation"],"acts_visited":["Exordium"],"potions_floor_usage":[6,12,16,16,16],"damage_taken":[{"damage":5.0,"enemies":"2 Louse","floor":1.0,"turns":3.0},{"damage":0.0,"enemies":"Cultist","floor":3.0,"turns":3.0},{"damage":6.0,"enemies":"Jaw Worm","floor":4.0,"turns":4.0},{"damage":32,"enemies":"Gremlin Nob","floor":6,"turns":5},{"damage":13,"enemies":"3 Sentries","floor":10,"turns":7},{"damage":15,"enemies":"Gremlin Nob","floor":12,"turns":5},{"damage":18,"enemies":"Large Slime","floor":13,"turns":5},{"damage":46,"enemies":"The Guardian","floor":16,"turns":10}],"seed_played":"4890033493283481986","potions_obtained":[{"floor":1.0,"key":"Regen Potion"},{"floor":2.0,"key":"Energy Potion"},{"floor":2.0,"key":"FearPotion"},{"floor":2.0,"key":"Block Potion"},{"floor":10,"key":"FearPotion"},{"floor":12,"key":"ColorlessPotion"}],"is_trial":false,"path_per_floor":["M","?","M","M","?","E","$","R","T","E","?","E","M","?","R","B"],"character_chosen":"THE_STARBREAKER","items_purchased":["Moonworks:JonathanRush"],"campfire_rested":1,"item_purchase_floors":[7],"current_hp_per_floor":[55,55,55,49,49,17,17,35,49,36,41,26,8,27,27,0,0],"gold":5,"neow_bonus":"THREE_RARE_CARDS","is_daily":false,"chose_seed":false,"campfire_upgraded":0,"win_rate":0.0,"timestamp":1609881445,"path_taken":["M","?","?","M","?","E","$","R","T","E","?","E","M","?","R","BOSS"],"items_purchased_type":["Card"],"build_version":"2020-12-22","purchased_purges":0,"victory":false,"max_hp_per_floor":[60,60,60,60,60,60,60,60,74,74,79,79,79,79,79,79,79],"card_choices":[{"not_picked":["Moonworks:ReflectiveShell","Moonworks:ShieldCounter"],"picked":"Moonworks:GoAway","floor":0.0},{"not_picked":["Moonworks:IndiscriminateFireSupport","Moonworks:Assault"],"picked":"Moonworks:LulusLuckyEgg","floor":1.0},{"not_picked":["Moonworks:SakisCookie","Moonworks:EvilSpyWorkPreparation"],"picked":"Moonworks:DeployBits","floor":3.0},{"not_picked":["Moonworks:NicePresent","Moonworks:EvilSpyWorkPreparation"],"picked":"Moonworks:CloudOfSeagulls","floor":4.0},{"not_picked":["Moonworks:CloudOfSeagulls","Moonworks:BigMagnum"],"picked":"Moonworks:BindingChains","floor":6},{"not_picked":["Moonworks:SinkOrSwim","Moonworks:Assault","Moonworks:CastOff"],"picked":"SKIP","floor":10},{"not_picked":["Moonworks:NicePresent","Moonworks:SinkOrSwim"],"picked":"Moonworks:CloudOfSeagulls","floor":12},{"not_picked":["Moonworks:EvilSpyWorkPreparation","Moonworks:CastOff"],"picked":"Moonworks:CloudOfSeagulls","floor":13}],"player_experience":819571,"relics_obtained":[{"floor":6,"key":"White Beast Statue"},{"floor":9,"key":"Mango"},{"floor":10,"key":"Oddly Smooth Stone"},{"floor":12,"key":"Bag of Preparation"}],"event_choices":[{"damage_healed":0.0,"max_hp_gain":0.0,"max_hp_loss":0.0,"gold_gain":0.0,"event_name":"Lab","player_choice":"Got Potions","floor":2.0,"gold_loss":0.0,"damage_taken":0.0},{"damage_healed":0.0,"max_hp_gain":0.0,"max_hp_loss":0.0,"gold_gain":175.0,"event_name":"betterThird:BetterSerpent","player_choice":"AGREE","floor":5.0,"gold_loss":0.0,"damage_taken":17.0},{"damage_healed":0,"gold_gain":0,"player_choice":"Donut","damage_taken":0,"max_hp_gain":5,"max_hp_loss":0,"event_name":"Big Fish","floor":11,"gold_loss":0},{"damage_healed":19,"gold_gain":0,"player_choice":"Healed and dodged fight","damage_taken":0,"max_hp_gain":0,"max_hp_loss":0,"event_name":"Mushrooms","floor":14,"gold_loss":0,"cards_obtained":["Parasite"]}],"is_beta":false,"boss_relics":[],"items_purged_floors":[],"is_endless":false,"potions_floor_spawned":[1,10,12,13],"killed_by":"The Guardian","ascension_level":2}}