{"host":"4q6g5wn1adpnm0z5","time":1609807802,"event":{"mods":["2.2 Compatiblity","Aspiration","Astrologer","BaseMod","Hermit","Hubris","Minty Spire (QoL Compilation)","Replay The Spire","StSLib","The Cursed","The Hierophant","The Jungle"],"gold_per_floor":[115,40,54,54,69,69,98,116,140,157,157,176,176,211,211,285,285,302,202,220,220,230,271,271,271,271],"floor_reached":25,"playtime":1123,"items_purged":["Zap","Eruption"],"score":439,"play_id":"e83e8a8d-cb36-464c-83d4-31e6e27de5db","local_time":"20210105015002","daily_mods":["Chimera","Uncertain Future","Terminal"],"is_ascension_mode":true,"campfire_choices":[{"data":"Bash","floor":6.0,"key":"SMITH"},{"data":"Flame Barrier","floor":11.0,"key":"SMITH"},{"data":"Whirlwind","floor":15.0,"key":"SMITH"},{"data":"Replay:Undeath\u0027s Touch","floor":24,"key":"SMITH"}],"circlet_count":0,"master_deck":["AscendersBane","Bash+1","Survivor","Strike_R","Strike_G","Strike_B","Defend_R","Defend_G","Defend_P","Shrug It Off","Flame Barrier+1","Run Through","Iron Wave","Ghostly Armor","Whirlwind+1","Replay:Undeath\u0027s Touch+1","Headbutt"],"relics":["Burning Blood","Meat on the Bone","Blue Doll","aspiration:DSix","Painkiller Herb","CeramicFish"],"acts_visited":["Exordium","TheCity"],"potions_floor_usage":[25],"damage_taken":[{"damage":0.0,"enemies":"Cultist","floor":1.0,"turns":3.0},{"damage":1.0,"enemies":"Jaw Worm","floor":3.0,"turns":5.0},{"damage":0.0,"enemies":"2 Louse","floor":5.0,"turns":4.0},{"damage":33.0,"enemies":"Lagavulin","floor":7.0,"turns":12.0},{"damage":0.0,"enemies":"Red Slaver","floor":8.0,"turns":4.0},{"damage":1.0,"enemies":"Looter","floor":10.0,"turns":4.0},{"damage":14.0,"enemies":"Large Slime","floor":12.0,"turns":4.0},{"damage":0.0,"enemies":"3 Sentries","floor":14.0,"turns":12.0},{"damage":22.0,"enemies":"Fading Forest","floor":16.0,"turns":11.0},{"damage":0.0,"enemies":"Shell Parasite","floor":18.0,"turns":5.0},{"damage":13.0,"enemies":"Chosen","floor":20.0,"turns":5.0},{"damage":28.0,"enemies":"Shelled Parasite and Fungi","floor":22.0,"turns":8.0},{"damage":32.0,"enemies":"Book of Stabbing","floor":23.0,"turns":8.0},{"damage":28,"enemies":"Slavers","floor":25,"turns":4}],"seed_played":"6898505174959472229","potions_obtained":[{"floor":7.0,"key":"Dexterity Potion"},{"floor":8.0,"key":"DuplicationPotion"},{"floor":18.0,"key":"GamblersBrew"},{"floor":22.0,"key":"SteroidPotion"},{"floor":23.0,"key":"Strength Potion"}],"is_trial":true,"path_per_floor":["M","$","M","$","M","R","E","M","T","M","R","M","?","E","R","B",null,"?","T","?","?","?","E","T","E"],"character_chosen":"IRONCLAD","items_purchased":[],"campfire_rested":0,"item_purchase_floors":[],"current_hp_per_floor":[73,72,71,70,69,68,41,47,47,52,52,44,47,53,53,51,59,59,58,51,51,41,27,27,0,0],"gold":271,"neow_bonus":"","is_daily":false,"chose_seed":false,"campfire_upgraded":4,"win_rate":0.0,"timestamp":1609807802,"path_taken":["M","?","M","$","M","R","E","M","T","?","R","M","?","E","R","BOSS","?","T","?","?","?","E","T","E"],"items_purchased_type":[],"build_version":"2020-12-22","purchased_purges":2,"victory":false,"max_hp_per_floor":[73,72,71,70,69,68,67,66,65,64,63,62,64,63,62,61,60,59,58,57,56,55,54,53,53,53],"card_choices":[{"not_picked":["Rampage","Pommel Strike"],"picked":"Shrug It Off","floor":1.0},{"not_picked":["Sever Soul","Blood for Blood"],"picked":"Flame Barrier","floor":3.0},{"not_picked":["Havoc","Sword Boomerang","Anger"],"picked":"SKIP","floor":5.0},{"not_picked":["Warcry","Perfected Strike","Wild Strike"],"picked":"SKIP","floor":7.0},{"not_picked":["Headbutt","Combust"],"picked":"Run Through","floor":8.0},{"not_picked":["Second Wind","Demon Form"],"picked":"Iron Wave","floor":10.0},{"not_picked":["Heavy Blade","Evolve"],"picked":"Ghostly Armor","floor":12.0},{"not_picked":["Sword Boomerang","Flex"],"picked":"Whirlwind","floor":14.0},{"not_picked":["Seeing Red+1","Burning Pact","Flex"],"picked":"SKIP","floor":18.0},{"not_picked":["Carnage","ReplayTheSpireMod:Stacked","Fire Breathing"],"picked":"SKIP","floor":20.0},{"not_picked":["Anger","Clothesline+1"],"picked":"Replay:Undeath\u0027s Touch","floor":22.0},{"not_picked":["Anger","Armaments"],"picked":"Headbutt","floor":23.0}],"player_experience":2377865,"relics_obtained":[{"floor":7.0,"key":"Meat on the Bone"},{"floor":9.0,"key":"Blue Doll"},{"floor":14.0,"key":"aspiration:DSix"},{"floor":23.0,"key":"CeramicFish"}],"event_choices":[{"damage_healed":0.0,"max_hp_gain":0.0,"max_hp_loss":0.0,"gold_gain":0.0,"event_name":"Vampires","player_choice":"Ignored","floor":21.0,"gold_loss":0.0,"damage_taken":0.0}],"is_beta":false,"boss_relics":[{"not_picked":["Replay:Drink Me","Tiny House"],"picked":"Painkiller Herb"}],"items_purged_floors":[2,19],"is_endless":false,"potions_floor_spawned":[7,8,10,18,22,23],"killed_by":"Slavers","ascension_level":14}}