{"host":"9ndbo4kgsfoemf7y","time":1609845096,"event":{"mods":["AchievementEnabler","BaseMod","Colored Map","DeckTracker","Keyboard Shortcuts","Minty Spire (QoL Compilation)","Permanent Neow","Quick Restart","Relic Stats","StSLib","SuperFastMode"],"gold_per_floor":[110,121,141,66,78,78,78],"floor_reached":6,"playtime":249,"items_purged":[],"score":76,"play_id":"115de5c2-0c2f-41b3-842f-e7f80c1939b1","local_time":"20210105201136","is_ascension_mode":true,"campfire_choices":[],"circlet_count":0,"master_deck":["AscendersBane","Strike_R","Strike_R","Strike_R","Strike_R","Defend_R","Defend_R","Defend_R","Defend_R","Bash","Pummel","Shockwave","Feed","Evolve"],"relics":["Burning Blood","Champion Belt"],"acts_visited":["Exordium"],"potions_floor_usage":[6,6],"damage_taken":[{"damage":9.0,"enemies":"2 Louse","floor":1.0,"turns":3.0},{"damage":4.0,"enemies":"Small Slimes","floor":2.0,"turns":3.0},{"damage":9.0,"enemies":"Jaw Worm","floor":3.0,"turns":3.0},{"damage":14.0,"enemies":"Blue Slaver","floor":5.0,"turns":5.0},{"damage":60,"enemies":"Lagavulin","floor":6,"turns":11}],"seed_played":"-7683369068952137914","potions_obtained":[{"floor":1.0,"key":"DuplicationPotion"},{"floor":3.0,"key":"Block Potion"}],"is_trial":false,"path_per_floor":["M","M","M","?","M","E"],"character_chosen":"IRONCLAD","items_purchased":[],"campfire_rested":0,"item_purchase_floors":[],"current_hp_per_floor":[65,67,64,64,59,0,0],"gold":78,"neow_bonus":"ONE_RARE_RELIC","is_daily":false,"chose_seed":false,"campfire_upgraded":0,"win_rate":0.0,"timestamp":1609845096,"path_taken":["M","M","M","?","M","E"],"items_purchased_type":[],"build_version":"2020-12-22","purchased_purges":0,"victory":false,"max_hp_per_floor":[68,68,68,68,71,71,71],"relic_stats":{"counters":[5,25],"Champion Belt":[8],"obtain_stats":[{"Champion Belt":0,"Burning Blood":0},{"Champion Belt":0,"Burning Blood":0},{"Champion Belt":0,"Burning Blood":0}],"Burning Blood":24},"card_choices":[{"not_picked":["True Grit","Warcry"],"picked":"Pummel","floor":1.0},{"not_picked":["Metallicize","Wild Strike"],"picked":"Shockwave","floor":2.0},{"not_picked":["Battle Trance","Reckless Charge"],"picked":"Feed","floor":3.0},{"not_picked":["Sentinel","Clothesline"],"picked":"Evolve","floor":5.0}],"player_experience":779443,"relics_obtained":[],"event_choices":[{"cards_removed":["Strike_R"],"damage_healed":0.0,"max_hp_gain":0.0,"max_hp_loss":0.0,"gold_gain":0.0,"event_name":"The Cleric","player_choice":"Card Removal","floor":4.0,"gold_loss":75.0,"damage_taken":0.0}],"is_beta":false,"boss_relics":[],"items_purged_floors":[],"is_endless":false,"potions_floor_spawned":[1,3],"killed_by":"Lagavulin","ascension_level":20}}