{"host":"51mqhfpmwwd4kxyt","time":1609834843,"event":{"mods":["BaseMod","Downfall","Googly Eyes","Highlight Path","Minty Spire (QoL Compilation)","READ ME - Guardian Mod","StSLib","The Cursed","The Servant 0.9.4"],"gold_per_floor":[99,99,99,99,99,99,99,99,99,99,99,99,99,99,99,99,99,99,99,51,51,51,51,51,51,51],"floor_reached":25,"playtime":1022,"items_purged":[],"score":250,"play_id":"67d7117f-4a23-4e43-a352-1a24eb18ec96","local_time":"20210105032043","is_ascension_mode":true,"campfire_choices":[{"floor":10,"key":"REST"},{"floor":12,"key":"REST"},{"floor":15,"key":"REST"},{"floor":23,"key":"REST"}],"circlet_count":0,"master_deck":["Strike_G","Strike_G","Strike_G","Strike_G","Strike_G","Defend_G","Defend_G","Defend_G","Defend_G","Defend_G","Survivor","Neutralize","Tactician","Caltrops","Tactician","Predator","Acrobatics","Expertise","Quick Slash","Doubt","Doppelganger","Terror","Blur","Glass Knife","Footwork","Envenom","Infinite Blades","Acrobatics","Backflip","Eviscerate+1"],"relics":["Ectoplasm","Bottled Tornado","Mango","Blood Vial","Sozu"],"acts_visited":["Exordium","TheCity"],"potions_floor_usage":[6,6,11,16,25],"damage_taken":[{"damage":5,"enemies":"Cultist","floor":1,"turns":4},{"damage":1,"enemies":"Jaw Worm","floor":2,"turns":5},{"damage":0,"enemies":"Small Slimes","floor":3,"turns":4},{"damage":4,"enemies":"Blue Slaver","floor":4,"turns":5},{"damage":8,"enemies":"Exordium Wildlife","floor":5,"turns":3},{"damage":29,"enemies":"Lagavulin","floor":6,"turns":8},{"damage":7,"enemies":"2 Fungi Beasts","floor":7,"turns":4},{"damage":23,"enemies":"Gremlin Nob","floor":11,"turns":4},{"damage":20,"enemies":"Large Slime","floor":13,"turns":6},{"damage":11,"enemies":"Exordium Wildlife","floor":14,"turns":5},{"damage":63,"enemies":"The Guardian","floor":16,"turns":12},{"damage":7,"enemies":"Chosen","floor":18,"turns":3},{"damage":23,"enemies":"Shell Parasite","floor":21,"turns":6},{"damage":19,"enemies":"3 Cultists","floor":22,"turns":6},{"damage":66,"enemies":"Slavers","floor":25,"turns":4}],"seed_played":"7669636356129401828","potions_obtained":[{"floor":1,"key":"PowerPotion"},{"floor":4,"key":"GamblersBrew"},{"floor":5,"key":"SkillPotion"},{"floor":11,"key":"Regen Potion"},{"floor":13,"key":"Fire Potion"},{"floor":16,"key":"sneckomod:MuddlingPotion"}],"is_trial":false,"path_per_floor":["M","M","M","M","M","E","M","?","T","R","E","R","M","M","R","B",null,"M","?","$","M","M","R","?","E"],"character_chosen":"THE_SILENT","items_purchased":["Acrobatics"],"campfire_rested":4,"item_purchase_floors":[20],"current_hp_per_floor":[65,64,64,60,52,23,16,16,30,55,32,57,39,30,55,9,84,77,77,77,56,39,64,64,0,0],"gold":51,"neow_bonus":"BOSS_RELIC","is_daily":false,"chose_seed":false,"campfire_upgraded":0,"win_rate":0.0,"timestamp":1609834843,"path_taken":["M","?","?","M","M","E","M","?","T","R","E","R","M","M","R","BOSS","M","?","$","?","M","R","?","E"],"items_purchased_type":["Card"],"build_version":"2020-12-22","purchased_purges":0,"victory":false,"max_hp_per_floor":[70,70,70,70,70,70,70,70,84,84,84,84,84,84,84,84,84,84,84,84,84,84,84,84,84,84],"card_choices":[{"not_picked":["Deflect","Dodge and Roll"],"picked":"Tactician","floor":1},{"not_picked":["Deflect","Predator"],"picked":"Caltrops","floor":2},{"not_picked":["Flying Knee","Skewer"],"picked":"Tactician","floor":3},{"not_picked":["Bouncing Flask","Choke"],"picked":"Predator","floor":4},{"not_picked":["Crippling Poison","Blade Dance"],"picked":"Acrobatics","floor":5},{"not_picked":["Underhanded Strike","Deadly Poison"],"picked":"Expertise","floor":6},{"not_picked":["Outmaneuver","Dodge and Roll"],"picked":"Quick Slash","floor":7},{"not_picked":["Bane","Blade Dance"],"picked":"Doppelganger","floor":11},{"not_picked":["Endless Agony","Calculated Gamble"],"picked":"Terror","floor":13},{"not_picked":["Dagger Spray","Deflect"],"picked":"Blur","floor":14},{"not_picked":["Wraith Form v2","Grand Finale"],"picked":"Glass Knife","floor":16},{"not_picked":["Acrobatics","Slice"],"picked":"Footwork","floor":18},{"not_picked":["Underhanded Strike","Slice"],"picked":"Backflip","floor":21},{"not_picked":["Tactician","Riddle With Holes"],"picked":"Eviscerate+1","floor":22}],"player_experience":314334,"relics_obtained":[{"floor":6,"key":"Bottled Tornado"},{"floor":9,"key":"Mango"},{"floor":11,"key":"Blood Vial"}],"event_choices":[{"damage_healed":0,"gold_gain":175,"player_choice":"AGREE","damage_taken":0,"max_hp_gain":0,"max_hp_loss":0,"event_name":"Liars Game","floor":8,"gold_loss":0,"cards_obtained":["Doubt"]},{"damage_healed":0,"gold_gain":0,"player_choice":"2 cards matched","damage_taken":0,"max_hp_gain":0,"max_hp_loss":0,"event_name":"Match and Keep!","floor":19,"gold_loss":0,"cards_obtained":["Envenom","Infinite Blades"]},{"damage_healed":0,"gold_gain":99,"player_choice":"Stole From Cult","damage_taken":0,"max_hp_gain":0,"max_hp_loss":0,"event_name":"Nest","floor":24,"gold_loss":0}],"is_beta":false,"boss_relics":[{"not_picked":["Snecko Eye","Fusion Hammer"],"picked":"Sozu"}],"items_purged_floors":[],"is_endless":false,"potions_floor_spawned":[1,4,5,11,13,16,18,21],"killed_by":"Slavers","ascension_level":3}}