{"host":"j356dfgkwbkgh9zu","time":1609832560,"event":{"mods":["2.2 Compatiblity","ATMod(阿瑾Mod)","Act Like it!","BaseMod","Colored Map","Colored Powertips","Hermit","Lobotomy","Luminous","Minty Spire (QoL Compilation)","Quick Restart","RumiaBox-露米娅的神秘盒子","Shop Mod","Spicy Shops","StSLib","The Marked","The Mystic","【功能Mod】混沌之环修复补丁","篝火指南"],"gold_per_floor":[150,150,61,61,97,97,204,204,228,2,2,57,164,249,249,493,493,573,44,94,94,111,111,111,111,111,20,193,9,9,99,99,358,358,519,303,312,23,23,23,23,173,173,398,398,398,398],"floor_reached":46,"playtime":3645,"items_purged":["Injury"],"score":1188,"play_id":"6d894454-25d1-4e0b-936f-6940f07de361","local_time":"20210105154240","daily_mods":["Vintage","Heirloom","Time Dilation","Flight","DeadlyEvents","Elite Swarm","Midas"],"is_ascension_mode":true,"campfire_choices":[{"floor":6.0,"key":"REST"},{"floor":8.0,"key":"REST"},{"floor":11.0,"key":"REST"},{"floor":15.0,"key":"REST"},{"floor":23.0,"key":"REST"},{"floor":24.0,"key":"REST"},{"floor":25.0,"key":"REST"},{"floor":30.0,"key":"REST"},{"floor":32.0,"key":"REST"},{"floor":40.0,"key":"REST"},{"floor":41.0,"key":"REST"},{"floor":45,"key":"REST"}],"circlet_count":0,"master_deck":["AscendersBane","hermit:Strike_Hermit","hermit:Strike_Hermit","hermit:Strike_Hermit","hermit:Strike_Hermit","hermit:Defend_Hermit","hermit:Defend_Hermit","hermit:Defend_Hermit","hermit:Defend_Hermit","hermit:Snapshot","hermit:Covet","AT_IchimonjiDouble+1","hermit:Determination","hermit:HighNoon","hermit:Snipe","hermit:OverwhelmingPower","hermit:GhostlyPresence","hermit:DeadOrAlive","hermit:TakeAim+1","hermit:RoundhouseKick","Writhe","hermit:Determination+1","hermit:Glare+1","hermit:TakeAim+1","Metamorphosis+1","AT_TearsDenial+1","hermit:HoleUp+1","hermit:Desperado","hermit:Dissolve+1","hermit:FatalDesire+1"],"relics":["hermit:ClaspedLocket","AT_ATBox","Golden Idol","Pen Nib","MerchantsRug","Smiling Mask","GodSword4","Odd Mushroom","Runic Pyramid","Toxic Egg 2","Frozen Egg 2","AT_ArchangelStaff","AT_MibuBalloonWealth","Mummified Hand","Membership Card","AT_ChloranthyRing","Thread and Needle","CeramicFish","GodSword6","hermit:RyeStalk","Pantograph","AT_BladeRuinedKing","Eternal Feather","Ginger"],"acts_visited":["Exordium","TheCity","TheBeyond"],"potions_floor_usage":[],"damage_taken":[{"damage":11.0,"enemies":"Cultist","floor":1.0,"turns":4.0},{"damage":3.0,"enemies":"2 Louse","floor":5.0,"turns":2.0},{"damage":40.0,"enemies":"3 Sentries","floor":7.0,"turns":10.0},{"damage":10.0,"enemies":"Small Slimes","floor":12.0,"turns":3.0},{"damage":15.0,"enemies":"Lagavulin","floor":13.0,"turns":4.0},{"damage":8.0,"enemies":"The Mushroom Lair","floor":14.0,"turns":4.0},{"damage":0.0,"enemies":"Slime Boss","floor":16.0,"turns":3.0},{"damage":34.0,"enemies":"Shell Parasite","floor":18.0,"turns":4.0},{"damage":31.0,"enemies":"2 Thieves","floor":22.0,"turns":5.0},{"damage":21.0,"enemies":"Gremlin Leader","floor":28.0,"turns":4.0},{"damage":18.0,"enemies":"Snake Plant","floor":31.0,"turns":3.0},{"damage":22.0,"enemies":"Champ","floor":33.0,"turns":6.0},{"damage":28.0,"enemies":"3 Darklings","floor":35.0,"turns":5.0},{"damage":109.0,"enemies":"Giant Head","floor":42.0,"turns":9.0},{"damage":12,"enemies":"Reptomancer","floor":44,"turns":3},{"damage":49,"enemies":"Orb Walker","floor":46,"turns":5}],"seed_played":"-2714618438672905431","potions_obtained":[{"floor":12.0,"key":"hermit:Tonic"},{"floor":16.0,"key":"GamblersBrew"},{"floor":31.0,"key":"Dexterity Potion"},{"floor":33.0,"key":"LiquidMemories"},{"floor":42.0,"key":"DuplicationPotion"}],"is_trial":true,"path_per_floor":["M","?","$","?","M","R","E","R","T","R","R","M","E","?","R","B",null,"M","$","?","?","M","R","R","R","T","R","E","$","R","M","R","B",null,"M","$","?","$","?","R","R","E","T","E","R","M"],"character_chosen":"HERMIT","items_purchased":["hermit:Determination","MerchantsRug","Smiling Mask","hermit:Snipe","Frozen Egg 2","hermit:TakeAim+1","AT_ArchangelStaff","AT_MibuBalloonWealth","Mummified Hand","Membership Card","AT_ChloranthyRing","hermit:Determination+1","hermit:Glare+1","GodSword6","hermit:TakeAim+1","hermit:RyeStalk","AT_TearsDenial+1","Pantograph","hermit:HoleUp+1","hermit:Desperado"],"campfire_rested":12,"item_purchase_floors":[3,10,10,10,19,19,19,27,27,29,29,29,36,36,36,38,38,38,38,38],"current_hp_per_floor":[53,53,53,53,50,71,31,52,52,52,71,61,46,38,59,59,68,34,34,34,34,3,24,45,66,66,66,45,45,66,48,69,47,65,37,37,37,37,37,58,71,6,6,4,43,0,0],"gold":398,"neow_bonus":"","is_daily":false,"chose_seed":false,"campfire_upgraded":0,"win_rate":0.0,"timestamp":1609832560,"path_taken":["M","?","$","?","M","R","E","R","T","R","R","?","?","?","R","BOSS","M","$","?","?","?","R","R","R","T","R","?","?","R","M","R","BOSS","M","$","?","$","?","R","R","E","T","E","R","M"],"items_purchased_type":["Card","Relic","Relic","Card","Relic","Card","Relic","Relic","Relic","Relic","Relic","Card","Card","Relic","Card","Relic","Card","Relic","Card","Card"],"build_version":"2020-12-22","purchased_purges":1,"victory":false,"max_hp_per_floor":[71,71,71,71,71,71,71,71,71,71,71,71,71,71,71,71,71,71,71,71,71,71,71,71,71,71,71,71,71,71,71,71,71,71,71,71,71,71,71,71,71,71,71,71,71,71,71],"card_choices":[{"not_picked":["hermit:FatalDesire","hermit:Dissolve"],"picked":"hermit:HighNoon","floor":7.0},{"not_picked":["hermit:EternalForm","hermit:FinalCanter"],"picked":"hermit:OverwhelmingPower","floor":13.0},{"not_picked":["hermit:Snipe","hermit:Roulette"],"picked":"hermit:GhostlyPresence","floor":14.0},{"not_picked":["hermit:FinalCanter","hermit:Magnum"],"picked":"hermit:DeadOrAlive","floor":16.0},{"not_picked":["hermit:Gambit+1","hermit:EternalForm+1"],"picked":"hermit:RoundhouseKick","floor":28.0},{"not_picked":["hermit:Purgatory","hermit:Roughhouse"],"picked":"hermit:FinalCanter","floor":33.0},{"not_picked":["Violence+1","Mind Blast"],"picked":"Metamorphosis+1","floor":37.0},{"not_picked":["hermit:RoundhouseKick","hermit:Reprieve+1"],"picked":"hermit:Dissolve+1","floor":42.0},{"not_picked":["hermit:HeroicBravado+1","hermit:FinalCanter"],"picked":"hermit:FatalDesire+1","floor":44}],"player_experience":249585,"relics_obtained":[{"floor":1.0,"key":"Happy Flower"},{"floor":5.0,"key":"Bronze Scales"},{"floor":7.0,"key":"Pen Nib"},{"floor":9.0,"key":"Centennial Puzzle"},{"floor":12.0,"key":"GodSword4"},{"floor":13.0,"key":"Omamori"},{"floor":14.0,"key":"Odd Mushroom"},{"floor":18.0,"key":"Toxic Egg 2"},{"floor":22.0,"key":"Bottled Lightning"},{"floor":26.0,"key":"Blue Candle"},{"floor":28.0,"key":"MagicDraw2"},{"floor":31.0,"key":"Thread and Needle"},{"floor":35.0,"key":"CeramicFish"},{"floor":42.0,"key":"AT_BladeRuinedKing"},{"floor":43.0,"key":"Eternal Feather"},{"floor":44,"key":"Ginger"}],"event_choices":[{"damage_healed":0.0,"max_hp_gain":0.0,"max_hp_loss":0.0,"gold_gain":0.0,"event_name":"Living Wall","player_choice":"Grow","floor":2.0,"gold_loss":0.0,"damage_taken":0.0,"cards_upgraded":["AT_IchimonjiDouble"]},{"damage_healed":0.0,"max_hp_gain":0.0,"max_hp_loss":0.0,"gold_gain":0.0,"event_name":"Golden Idol","player_choice":"Take Wound","floor":4.0,"gold_loss":0.0,"damage_taken":0.0,"relics_obtained":["Golden Idol"],"cards_obtained":["Injury"]},{"damage_healed":0.0,"max_hp_gain":0.0,"max_hp_loss":0.0,"gold_gain":0.0,"event_name":"Mushrooms","player_choice":"Fought Mushrooms","floor":14.0,"gold_loss":0.0,"damage_taken":0.0},{"damage_healed":0.0,"max_hp_gain":0.0,"max_hp_loss":0.0,"gold_gain":50.0,"event_name":"Nest","player_choice":"Stole From Cult","floor":20.0,"gold_loss":0.0,"damage_taken":0.0},{"damage_healed":0.0,"max_hp_gain":0.0,"max_hp_loss":0.0,"gold_gain":0.0,"event_name":"Ghosts","player_choice":"Ignored","floor":21.0,"gold_loss":0.0,"damage_taken":0.0},{"damage_healed":0.0,"max_hp_gain":0.0,"max_hp_loss":0.0,"gold_gain":0.0,"event_name":"SensoryStone","player_choice":"Memory 1","floor":37.0,"gold_loss":0.0,"damage_taken":0.0},{"cards_removed":["hermit:FinalCanter"],"damage_healed":0.0,"max_hp_gain":0.0,"max_hp_loss":0.0,"gold_gain":0.0,"event_name":"Falling","player_choice":"Removed Attack","floor":39.0,"gold_loss":0.0,"damage_taken":0.0}],"is_beta":false,"boss_relics":[{"not_picked":["Snecko Eye","hermit:DentedPlate"],"picked":"Runic Pyramid"},{"not_picked":["Tiny House","Pandora\u0027s Box"],"picked":"hermit:ClaspedLocket"}],"items_purged_floors":[19],"is_endless":true,"potions_floor_spawned":[12,16,31,33,42],"killed_by":"Orb Walker","ascension_level":20}}