{"host":"Noah","time":1609880075,"event":{"mods":["BaseMod","Colored Map","Custom Start","Hermit","Jorbs\u0027s Wanderer Trilogy","Minty Spire (QoL Compilation)","Replay The Spire","StSLib","The Blue Laboratory"],"gold_per_floor":[116,166,241,252,12,12,25,54,54,68,68,80,95,125,125,196,196,216,46,46,61,73,104,104,138,138,209,237,477,576,576,576,452,452,469,25,45,70,83,109,109,142,222,241,268,284,319,368,368,368],"floor_reached":51,"playtime":3412,"items_purged":["Looming Evil","Strike_R","Writhe"],"score":1583,"play_id":"8a13e429-7eb4-42d1-bb69-2977c22f56d7","local_time":"20210105155435","is_ascension_mode":true,"campfire_choices":[{"data":"Cleave","floor":6,"key":"SMITH"},{"data":"Disarm","floor":11,"key":"SMITH"},{"data":"True Grit","floor":15,"key":"SMITH"},{"data":"Limit Break","floor":24,"key":"SMITH"},{"data":"Limit Break","floor":32,"key":"SMITH"},{"floor":49,"key":"REST"}],"circlet_count":0,"master_deck":["AscendersBane","Defend_R+1","Defend_R","Defend_R","Bash+1","Evolve","Cleave+1","Anger","Disarm+1","Reaper","Parasite","Sever Soul","True Grit+1","Limit Break+1","Fire Breathing","Twin Strike+1","Clumsy","Midas Touch","Inflame+1","Battle Trance","Decay","ReplayTheSpireMod:Splinters","Languid","Parasite","Headbutt","Limit Break+1","Impervious+1","stsjorbsmod:Withering","stsjorbsmod:PollutedStrike","ReplayTheSpireMod:Strike From Hell","Shrug It Off","Fiend Fire+1","Languid","Pommel Strike+1","Dark Embrace","Whirlwind","Fire Breathing","Headbutt","Spreading Infection","Clothesline","Power Through","ReplayTheSpireMod:Limb From Limb","Flame Barrier+1","ReplayTheSpireMod:Doomed"],"relics":["Burning Blood","Ring of Greed","Replay:Wax Seal","Blue Doll","Ring of Fury","Membership Card","Counterbalance","Meat on the Bone","Divine Protection","Replay:Multitool","Ooze Armor","Matryoshka","Bag of Marbles","ReplayTheSpireMod:Spearhead","Regal Pillow","Lantern","Art of War","Red Skull","Kintsugi","War Paint","Lizard Tail","Brimstone","Replay:Arrowhead","Replay:Ringing Soul","Mirror","Blue Candle","Pondfish Scales","Smiling Mask","Thread and Needle"],"acts_visited":["Exordium","TheCity","TheBeyond"],"potions_floor_usage":[8,16,25,25,33,33,40,42,50,50],"damage_taken":[{"damage":12,"enemies":"Jaw Worm","floor":1,"turns":3},{"damage":0,"enemies":"Small Slimes","floor":4,"turns":3},{"damage":6,"enemies":"2 Louse","floor":7,"turns":4},{"damage":26,"enemies":"3 Sentries","floor":8,"turns":7},{"damage":0,"enemies":"2 Fungi Beasts","floor":10,"turns":2},{"damage":14,"enemies":"Lots of Slimes","floor":12,"turns":3},{"damage":0,"enemies":"Looter","floor":13,"turns":3},{"damage":12,"enemies":"Replay:BlueRogue","floor":14,"turns":6},{"damage":28,"enemies":"Hexaghost","floor":16,"turns":8},{"damage":13,"enemies":"3 Byrds","floor":18,"turns":5},{"damage":0,"enemies":"Chosen","floor":21,"turns":4},{"damage":42,"enemies":"Centurion and Healer","floor":22,"turns":8},{"damage":18,"enemies":"Replay:Snechameleon","floor":23,"turns":7},{"damage":9,"enemies":"Book of Stabbing","floor":25,"turns":4},{"damage":16,"enemies":"Gremlin Leader","floor":28,"turns":6},{"damage":84,"enemies":"Collector","floor":33,"turns":7},{"damage":6,"enemies":"3 Shapes","floor":35,"turns":4},{"damage":62,"enemies":"3 Darklings","floor":37,"turns":5},{"damage":18,"enemies":"Mind Bloom Boss Battle","floor":38,"turns":4},{"damage":39,"enemies":"Maw","floor":39,"turns":5},{"damage":3,"enemies":"Reptomancer","floor":40,"turns":4},{"damage":50,"enemies":"Nemesis","floor":42,"turns":7},{"damage":29,"enemies":"Jaw Worm Horde","floor":44,"turns":4},{"damage":52,"enemies":"Reptomancer","floor":45,"turns":5},{"damage":0,"enemies":"3 Darklings","floor":46,"turns":2},{"damage":7,"enemies":"R_Hoarder","floor":47,"turns":4},{"damage":48,"enemies":"2 Orb Walkers","floor":48,"turns":5},{"damage":81,"enemies":"Time Eater","floor":50,"turns":7}],"seed_played":"3008014523506981988","potions_obtained":[{"floor":1,"key":"blueLaboratory:EmptyBottle"},{"floor":14,"key":"DistilledChaos"},{"floor":18,"key":"Strength Potion"},{"floor":21,"key":"blueLaboratory:BottleOfVodka"},{"floor":23,"key":"LiquidMemories"},{"floor":29,"key":"blueLaboratory:AbyssPotion"},{"floor":29,"key":"blueLaboratory:EnragingPotion"},{"floor":33,"key":"blueLaboratory:BottleOfRum"},{"floor":38,"key":"LiquidMemories"},{"floor":40,"key":"Regen Potion"},{"floor":42,"key":"blueLaboratory:TrueEctoplasm"}],"is_trial":false,"path_per_floor":["M","?","?","M","$","R","M","E","T","M","R","M","M","E","R","B",null,"M","$","?","M","M","E","R","E","T","R","E","?","?","?","R","B",null,"M","$","M","?","M","E","R","E","T","M","E","M","E","?","R","B",null],"character_chosen":"IRONCLAD","items_purchased":["Membership Card","Counterbalance","Matryoshka","Twin Strike+1","Midas Touch","Shrug It Off","War Paint","Lizard Tail","Brimstone","Fiend Fire+1"],"campfire_rested":1,"item_purchase_floors":[5,5,19,19,19,36,36,36,36,36],"current_hp_per_floor":[66,66,55,61,61,61,61,41,41,47,47,69,75,69,69,47,72,73,73,73,80,57,54,54,63,63,63,65,65,65,65,65,21,65,80,80,40,67,53,59,62,48,51,61,44,65,67,67,107,107],"gold":368,"neow_bonus":"RANDOM_EVENT","is_daily":false,"chose_seed":false,"campfire_upgraded":5,"win_rate":0.0,"timestamp":1609880075,"path_taken":["M","?","?","M","$","R","M","E","T","M","R","M","M","E","R","BOSS","M","$","?","?","M","E","R","E","T","R","E","?","?","?","R","BOSS","M","$","M","?","M","E","R","E","T","M","E","M","E","?","R","BOSS"],"items_purchased_type":["Relic","Relic","Relic","Card","Card","Card","Relic","Relic","Relic","Card"],"build_version":"2020-12-18","purchased_purges":3,"victory":true,"max_hp_per_floor":[80,80,80,80,80,80,80,80,80,80,80,80,80,80,80,80,80,80,80,80,80,80,80,80,80,80,80,80,80,80,80,80,80,80,80,80,80,80,80,83,86,89,92,95,98,101,104,107,107,107],"card_choices":[{"not_picked":["Perfected Strike","ReplayTheSpireMod:Corrosion Curse"],"picked":"Evolve","floor":1},{"not_picked":["True Grit","Body Slam"],"picked":"Cleave","floor":4},{"not_picked":["ReplayTheSpireMod:Strike From Hell","Life Link"],"picked":"Anger","floor":7},{"not_picked":["Dark Embrace","Body Slam"],"picked":"Disarm","floor":8},{"not_picked":["Perfected Strike","ReplayTheSpireMod:LeadingStrike"],"picked":"Reaper","floor":10},{"not_picked":["Clash","ReplayTheSpireMod:Stacked"],"picked":"Sever Soul","floor":12},{"not_picked":["Reckless Charge","Flex"],"picked":"True Grit","floor":13},{"not_picked":["Clash","Reckless Charge"],"picked":"Twin Strike","floor":14},{"not_picked":["Fiend Fire","Brutality"],"picked":"Limit Break","floor":16},{"not_picked":["Sever Soul","Pommel Strike"],"picked":"Fire Breathing","floor":18},{"not_picked":["Havoc","Body Slam","Clash"],"picked":"SKIP","floor":21},{"not_picked":["Perfected Strike","Thunderclap+1","Warcry"],"picked":"SKIP","floor":22},{"not_picked":["Clash","ReplayTheSpireMod:Strike From Hell"],"picked":"Inflame+1","floor":23},{"not_picked":["Blood for Blood","Pummel"],"picked":"Battle Trance","floor":25},{"not_picked":["Run Through","Blood for Blood","Iron Wave+1"],"picked":"SKIP","floor":28},{"not_picked":["Thunderclap","Cleave"],"picked":"Headbutt","floor":29},{"not_picked":["Juggernaut","Barricade"],"picked":"Impervious","floor":33},{"not_picked":["Sever Soul","Run Through"],"picked":"ReplayTheSpireMod:Strike From Hell","floor":35},{"not_picked":["Sword Boomerang+1","Wild Strike+1"],"picked":"Pommel Strike+1","floor":37},{"not_picked":["Battle Trance","Headbutt"],"picked":"Dark Embrace","floor":39},{"not_picked":["Wild Strike","Dual Wield"],"picked":"Whirlwind","floor":40},{"not_picked":["Seeing Red","ReplayTheSpireMod:Corrosion Curse"],"picked":"Headbutt","floor":42},{"not_picked":["Thunderclap","Pommel Strike"],"picked":"Clothesline","floor":44},{"not_picked":["Replay:Many Hands","Clothesline"],"picked":"Power Through","floor":45},{"not_picked":["Body Slam+1","Replay:Undeath\u0027s Touch"],"picked":"ReplayTheSpireMod:Limb From Limb","floor":46},{"not_picked":["Corruption","True Grit"],"picked":"Flame Barrier+1","floor":47}],"player_experience":859788,"relics_obtained":[{"floor":2,"key":"Ring of Greed"},{"floor":2,"key":"Replay:Wax Seal"},{"floor":2,"key":"Blue Doll"},{"floor":2,"key":"Ring of Fury"},{"floor":8,"key":"Meat on the Bone"},{"floor":9,"key":"Divine Protection"},{"floor":14,"key":"Replay:Multitool"},{"floor":23,"key":"ReplayTheSpireMod:Spearhead"},{"floor":25,"key":"Regal Pillow"},{"floor":26,"key":"Lantern"},{"floor":26,"key":"Art of War"},{"floor":28,"key":"Red Skull"},{"floor":38,"key":"Replay:Arrowhead"},{"floor":40,"key":"Replay:Ringing Soul"},{"floor":42,"key":"Mirror"},{"floor":43,"key":"Blue Candle"},{"floor":45,"key":"Pondfish Scales"},{"floor":47,"key":"Smiling Mask"},{"floor":48,"key":"Thread and Needle"}],"event_choices":[{"damage_healed":0,"gold_gain":0,"player_choice":"Grow","damage_taken":0,"max_hp_gain":0,"max_hp_loss":0,"event_name":"Living Wall","floor":0,"gold_loss":0,"cards_upgraded":["Bash"]},{"damage_healed":0,"gold_gain":75,"player_choice":"Gather Gold","damage_taken":11,"max_hp_gain":0,"max_hp_loss":0,"event_name":"World of Goop","floor":3,"gold_loss":0},{"damage_healed":0,"gold_gain":0,"player_choice":"Opened","damage_taken":0,"relics_obtained":["Bag of Marbles"],"max_hp_gain":0,"max_hp_loss":0,"event_name":"The Mausoleum","floor":20,"gold_loss":0,"cards_obtained":["Writhe"]},{"damage_healed":0,"gold_gain":99,"player_choice":"Stole From Cult","damage_taken":0,"max_hp_gain":0,"max_hp_loss":0,"event_name":"Nest","floor":30,"gold_loss":0},{"damage_healed":0,"gold_gain":0,"player_choice":"Read","damage_taken":0,"max_hp_gain":0,"max_hp_loss":0,"event_name":"The Library","floor":31,"gold_loss":0,"cards_obtained":["Limit Break"]},{"damage_healed":0,"gold_gain":0,"player_choice":"Fight","damage_taken":0,"max_hp_gain":0,"max_hp_loss":0,"event_name":"MindBloom","floor":38,"gold_loss":0},{"damage_healed":0,"gold_gain":0,"player_choice":"Fight","damage_taken":0,"max_hp_gain":0,"max_hp_loss":0,"event_name":"Mysterious Sphere","floor":48,"gold_loss":0}],"is_beta":true,"boss_relics":[{"not_picked":["Sozu","Calling Bell"],"picked":"Ooze Armor"},{"not_picked":["Ring of Chaos","SlaversCollar"],"picked":"Kintsugi"}],"items_purged_floors":[5,19,36],"is_endless":false,"potions_floor_spawned":[1,14,18,21,23,33,38,40,42,45],"ascension_level":13}}