{"host":"ttx8tv95o5vka1nm","time":1609852870,"event":{"mods":["AchievementEnabler","BaseMod","Colored Map","Downfall","Infinite Spire","Minty Spire (QoL Compilation)","Replay The Spire","Shop Mod","StSLib","The Jungle"],"gold_per_floor":[117,137,154,172,63,96,109,144,144,144,177,194,219,239,239,336,336,348,358,358,371,371,396,413,413,493,493,503,503,519,535,535,675,775,845,914,445,494,494,494,494,494],"floor_reached":41,"playtime":5364,"items_purged":["Strike_G","Strike_G","Defend_G"],"score":899,"play_id":"a618e5b4-72fa-4d23-98e4-670f18ca8668","local_time":"20210105232110","is_ascension_mode":true,"campfire_choices":[{"data":"Neutralize","floor":10,"key":"SMITH"},{"data":"Accuracy","floor":15,"key":"SMITH"},{"floor":25,"key":"REST"},{"data":"Tools of the Trade","floor":32,"key":"SMITH"}],"circlet_count":0,"master_deck":["Survivor","Neutralize+1","Cloak And Dagger","ReplayTheSpireMod:Scrap Shanks","Dash","Dagger Throw","Prepared","Prepared","Dagger Spray","Calculated Gamble","ReplayTheSpireMod:Speed Training","Backstab","Accuracy+1","Adrenaline","Backflip+1","Calculated Gamble+1","Skewer+1","Tactician+1","Underhanded Strike+1","Adrenaline","infinitespire:Execution","Eviscerate+1","infinitespire:SealOfDarkness+","infinitespire:SealOfDarkness+","ReplayTheSpireMod:Shiv Toss","infinitespire:Starlight","Tools of the Trade+1","Storm of Steel","Backflip+1","Cloak And Dagger+1"],"relics":["Ring of the Snake","PreservedInsect","Smiling Mask","Pen Nib","infinitespire:PuzzleCube","Eternal Feather","Nilry\u0027s Codex","infinitespire:Lucky Rock","Sundial","Replay:Drink Me","Counterbalance","infinitespire:EvilPickle","Replay:Wanted Poster","ChewingGum","WristBlade","MerchantsRug","Kunai","Medical Kit"],"acts_visited":["Exordium","TheCity","TheBeyond"],"potions_floor_usage":[6,6,6,14,16,24,36],"damage_taken":[{"damage":0,"enemies":"Cultist","floor":1,"turns":3},{"damage":0,"enemies":"2 Louse","floor":2,"turns":4},{"damage":7,"enemies":"Small Slimes","floor":3,"turns":4},{"damage":9,"enemies":"3 Louse","floor":4,"turns":5},{"damage":1,"enemies":"Gremlin Nob","floor":6,"turns":3},{"damage":0,"enemies":"2 Fungi Beasts","floor":7,"turns":3},{"damage":2,"enemies":"3 Sentries","floor":8,"turns":7},{"damage":7,"enemies":"Lagavulin","floor":11,"turns":5},{"damage":13,"enemies":"Large Slime","floor":12,"turns":5},{"damage":4,"enemies":"3 Sentries","floor":13,"turns":6},{"damage":1,"enemies":"Red Slaver","floor":14,"turns":3},{"damage":1,"enemies":"The Guardian","floor":16,"turns":8},{"damage":0,"enemies":"Shell Parasite","floor":18,"turns":4},{"damage":0,"enemies":"3 Byrds","floor":19,"turns":3},{"damage":8,"enemies":"Shelled Parasite and Fungi","floor":21,"turns":4},{"damage":11,"enemies":"Nightmare","floor":23,"turns":5},{"damage":11,"enemies":"Snake Plant","floor":24,"turns":3},{"damage":0,"enemies":"Snecko","floor":28,"turns":1},{"damage":0,"enemies":"Sentry and Sphere","floor":30,"turns":3},{"damage":0,"enemies":"Cultist and Chosen","floor":31,"turns":2},{"damage":0,"enemies":"Pondfish","floor":33,"turns":4},{"damage":0,"enemies":"Orb Walker","floor":35,"turns":1},{"damage":0,"enemies":"3 Darklings","floor":36,"turns":2},{"damage":15,"enemies":"Jaw Worm Horde","floor":38,"turns":2},{"damage":5,"enemies":"infinitespire:Three Voidlings","floor":41,"turns":3},{"damage":62,"enemies":"Nightmare_Alpha","floor":41,"turns":4}],"seed_played":"8466627941287365778","potions_obtained":[{"floor":2,"key":"FearPotion"},{"floor":3,"key":"SpeedPotion"},{"floor":4,"key":"Strength Potion"},{"floor":6,"key":"Energy Potion"},{"floor":14,"key":"Fruit Juice"},{"floor":16,"key":"SkillPotion"},{"floor":19,"key":"Explosive Potion"},{"floor":24,"key":"sneckomod:MuddlingPotion"},{"floor":33,"key":"AttackPotion"},{"floor":38,"key":"Venom Potion"}],"is_trial":false,"path_per_floor":["M","M","M","M","$","E","M","E","T","R","E","M","E","M","R","B",null,"M","M","?","M","?","NM","M","R","T","AVR","M","?","M","M","R","B",null,"M","M","$","M","PTL","PTL","?"],"character_chosen":"THE_SILENT","items_purchased":["Prepared","MerchantsRug","Kunai","Medical Kit"],"campfire_rested":1,"item_purchase_floors":[5,37,37,37],"current_hp_per_floor":[70,70,63,54,54,53,53,51,51,51,44,31,27,31,43,42,67,67,67,67,59,43,32,21,58,58,57,57,44,54,57,57,57,57,57,57,57,52,52,52,0,0],"gold":494,"neow_bonus":"REMOVE_CARD","is_daily":false,"chose_seed":false,"campfire_upgraded":3,"win_rate":0.0,"timestamp":1609852870,"path_taken":["M","M","M","M","$","E","M","E","T","R","E","M","E","M","R","BOSS","M","?","?","?","?","NM","M","R","T","AVR","M","?","M","M","R","BOSS","M","M","$","M","PTL","PTL","?"],"items_purchased_type":["Card","Relic","Relic","Relic"],"build_version":"2020-12-22","purchased_purges":3,"victory":false,"max_hp_per_floor":[70,70,70,70,70,70,70,70,70,70,70,70,70,75,75,75,75,75,75,75,75,75,75,75,75,75,57,57,57,57,57,57,57,57,57,57,57,57,57,57,57,57],"card_choices":[{"not_picked":["Blade Dance","Slice"],"picked":"Cloak And Dagger","floor":1},{"not_picked":["Slice","Poisoned Stab"],"picked":"ReplayTheSpireMod:Scrap Shanks","floor":2},{"not_picked":["Outmaneuver","Prepared"],"picked":"Dash","floor":3},{"not_picked":["Deadly Poison","Atom Bomb"],"picked":"Dagger Throw","floor":4},{"not_picked":["ReplayTheSpireMod:Scrap Shanks","Quick Slash","Dodge and Roll"],"picked":"SKIP","floor":6},{"not_picked":["Deadly Poison","Infinite Blades"],"picked":"Dagger Spray","floor":7},{"not_picked":["Slice","Riddle With Holes"],"picked":"Calculated Gamble","floor":8},{"not_picked":["PiercingWail","Flying Knee","Dagger Spray"],"picked":"SKIP","floor":11},{"not_picked":["ReplayTheSpireMod:Scrap Shanks","Bane"],"picked":"ReplayTheSpireMod:Speed Training","floor":12},{"not_picked":["Deadly Poison","Replay:Poison Smokescreen"],"picked":"Backstab","floor":13},{"not_picked":["PiercingWail","Sucker Punch"],"picked":"Accuracy","floor":14},{"not_picked":["Die Die Die","A Thousand Cuts"],"picked":"Adrenaline","floor":16},{"not_picked":["Caltrops+1","Backstab+1"],"picked":"Tactician+1","floor":18},{"not_picked":["Quick Slash","Caltrops"],"picked":"Underhanded Strike+1","floor":19},{"not_picked":["Noxious Fumes","Flying Knee","Underhanded Strike"],"picked":"SKIP","floor":21},{"not_picked":["infinitespire:FinalStrike","infinitespire:Oblivion"],"picked":"infinitespire:Execution","floor":23},{"not_picked":["ReplayTheSpireMod:Exploit Weakness","Dodge and Roll","Endless Agony"],"picked":"SKIP","floor":23},{"not_picked":["Underhanded Strike+1","Dagger Spray+1"],"picked":"Eviscerate+1","floor":24},{"not_picked":["Dash+1","Slice"],"picked":"ReplayTheSpireMod:Shiv Toss","floor":28},{"not_picked":["infinitespire:FinalStrike","infinitespire:Execution"],"picked":"infinitespire:Starlight","floor":29},{"not_picked":["Deflect","Sneak Up"],"picked":"Tools of the Trade","floor":30},{"not_picked":["Dagger Spray","Blur","All Out Attack"],"picked":"SKIP","floor":31},{"not_picked":["Burst","Grand Finale"],"picked":"Storm of Steel","floor":33},{"not_picked":["Slice+1","Distraction","Underhanded Strike"],"picked":"SKIP","floor":35},{"not_picked":["Deflect+1","Heel Hook"],"picked":"Backflip+1","floor":36},{"not_picked":["Underhanded Strike+1","Blur+1"],"picked":"Cloak And Dagger+1","floor":38}],"player_experience":597914,"relics_obtained":[{"floor":6,"key":"PreservedInsect"},{"floor":8,"key":"Smiling Mask"},{"floor":9,"key":"Pen Nib"},{"floor":11,"key":"infinitespire:PuzzleCube"},{"floor":13,"key":"Eternal Feather"},{"floor":22,"key":"Nilry\u0027s Codex"},{"floor":23,"key":"infinitespire:Lucky Rock"},{"floor":26,"key":"Sundial"}],"event_choices":[{"damage_healed":0,"gold_gain":0,"player_choice":"Copied","damage_taken":0,"max_hp_gain":0,"max_hp_loss":0,"event_name":"Duplicator","floor":20,"gold_loss":0,"cards_obtained":["Adrenaline"]},{"damage_healed":0,"gold_gain":0,"player_choice":"Obtained Book","damage_taken":16,"max_hp_gain":0,"max_hp_loss":0,"event_name":"Cursed Tome","floor":22,"gold_loss":0}],"is_beta":false,"boss_relics":[{"not_picked":["Velvet Choker","Painkiller Herb"],"picked":"Astrolabe"},{"not_picked":["HoveringKite","Ring of Chaos"],"picked":"Replay:Grab Bag"},{"not_picked":["Sozu","Replay:Fungal Core"],"picked":"Replay:Wanted Poster"},{"not_picked":["ReplayTheSpireMod:DimensionalGlitch","ReplayTheSpireMod:Onyx Gauntlets"],"picked":"ChewingGum"},{"not_picked":["Ring of the Serpent","Empty Cage"],"picked":"WristBlade"}],"items_purged_floors":[5,27,37],"is_endless":true,"potions_floor_spawned":[2,3,4,6,14,16,19,24,33,38,41],"killed_by":"Nightmare_Alpha","ascension_level":5}}