{"host":"1hv1kueuvc4r3rdp","time":1609870858,"event":{"mods":["AchievementEnabler","BaseMod","DeckTracker","Highlight Path","Minty Spire (QoL Compilation)","Permanent Neow","StSLib"],"gold_per_floor":[111,127,144,144,18,43,62,62,62,94,111,111,125,140,140,140,140],"floor_reached":16,"playtime":799,"items_purged":[],"score":177,"play_id":"1e583fd2-c0b1-4f0c-b2e5-5ee402a36cbd","local_time":"20210105122058","is_ascension_mode":true,"campfire_choices":[{"floor":8,"key":"REST"},{"data":"Dagger Spray","floor":12,"key":"SMITH"},{"data":"Backflip","floor":15,"key":"SMITH"}],"circlet_count":0,"master_deck":["AscendersBane","Strike_G","Strike_G","Strike_G","Strike_G","Strike_G","Defend_G","Defend_G","Defend_G","Defend_G","Defend_G","Survivor","Neutralize+1","Cloak And Dagger","Dagger Spray+1","Terror","Caltrops","Quick Slash","Predator","Backflip+1"],"relics":["Ring of the Snake","Letter Opener","Mercury Hourglass","Matryoshka"],"acts_visited":["Exordium"],"potions_floor_usage":[10],"damage_taken":[{"damage":0,"enemies":"Cultist","floor":1,"turns":5},{"damage":0,"enemies":"2 Louse","floor":2,"turns":4},{"damage":8,"enemies":"Small Slimes","floor":3,"turns":5},{"damage":26,"enemies":"Lagavulin","floor":6,"turns":8},{"damage":6,"enemies":"2 Fungi Beasts","floor":7,"turns":3},{"damage":2,"enemies":"3 Sentries","floor":10,"turns":4},{"damage":4,"enemies":"Red Slaver","floor":11,"turns":4},{"damage":0,"enemies":"Gremlin Gang","floor":13,"turns":3},{"damage":0,"enemies":"Lots of Slimes","floor":14,"turns":1},{"damage":38,"enemies":"Slime Boss","floor":16,"turns":6}],"seed_played":"1160874364714105303","potions_obtained":[{"floor":1,"key":"DistilledChaos"},{"floor":6,"key":"GamblersBrew"},{"floor":7,"key":"BlessingOfTheForge"},{"floor":14,"key":"PowerPotion"}],"is_trial":false,"path_per_floor":["M","M","M","?","$","E","M","R","T","E","M","R","M","M","R","B"],"character_chosen":"THE_SILENT","items_purchased":["Caltrops","Quick Slash"],"campfire_rested":1,"item_purchase_floors":[5,5],"current_hp_per_floor":[63,63,55,55,55,29,23,44,44,42,38,38,38,38,38,0,0],"gold":140,"neow_bonus":"UPGRADE_CARD","is_daily":false,"chose_seed":false,"campfire_upgraded":2,"win_rate":0.0,"timestamp":1609870858,"path_taken":["M","M","M","?","$","E","M","R","T","E","M","R","M","M","R","BOSS"],"items_purchased_type":["Card","Card"],"build_version":"2020-12-22","purchased_purges":0,"victory":false,"max_hp_per_floor":[70,70,70,70,70,70,70,70,70,70,70,70,70,70,70,70,70],"card_choices":[{"not_picked":["Accuracy","Dodge and Roll"],"picked":"Cloak And Dagger","floor":1},{"not_picked":["Slice","Flying Knee"],"picked":"Dagger Spray","floor":2},{"not_picked":["Underhanded Strike","Concentrate"],"picked":"Terror","floor":3},{"not_picked":["Quick Slash","Unload","Accuracy"],"picked":"SKIP","floor":6},{"not_picked":["Setup","PiercingWail"],"picked":"Predator","floor":7},{"not_picked":["Acrobatics","Prepared","Outmaneuver"],"picked":"SKIP","floor":10},{"not_picked":["Outmaneuver","Tactician","Dodge and Roll"],"picked":"SKIP","floor":11},{"not_picked":["Slice","Underhanded Strike"],"picked":"Backflip","floor":13},{"not_picked":["Malaise","Riddle With Holes","Dodge and Roll"],"picked":"SKIP","floor":14}],"player_experience":1141739,"relics_obtained":[{"floor":6,"key":"Letter Opener"},{"floor":9,"key":"Mercury Hourglass"},{"floor":10,"key":"Matryoshka"}],"event_choices":[{"damage_healed":0,"gold_gain":0,"player_choice":"Bought 0 Potions","damage_taken":0,"max_hp_gain":0,"max_hp_loss":0,"event_name":"The Woman in Blue","floor":4,"gold_loss":0}],"is_beta":false,"boss_relics":[],"items_purged_floors":[],"is_endless":false,"potions_floor_spawned":[1,6,7,14],"killed_by":"Slime Boss","ascension_level":11}}