{"host":"0dvp4uxbao5ucv2j","time":1609856042,"event":{"mods":["AchievementEnabler","Act Like it!","Aspiration","BaseMod","Beaked The Cultist","BetterRewards","DNKmod","DNKmod Update","Downfall","Friendly Minions","GifTheSpireLib","Hallownest","Hubris","Infinite Spire","Minty Spire (QoL Compilation)","Replay The Spire","StSLib","???Mod??????Boss"],"gold_per_floor":[10011,9484,9484,9494,9012,9012,9047,9047,9047,9074,9090,9090,9101,8450,8450,8548,8548,8567,8567,8583,8593,8611,8611,8611,8611,8611,8011,8011,8011,8039,8059,8059,8158,8158,8174,8194,8207,8207,8223,8223,8255,7356,7356,7388,6544,6544,6544,6557,6557,6557],"floor_reached":51,"playtime":3301,"items_purged":["Regret","Defend_P","Replay:Hysterical Blindness","Strike_P","Pain"],"score":1083,"play_id":"0a1b647a-d72d-4585-af65-bf8ebac58f3e","local_time":"20210105151402","is_ascension_mode":true,"campfire_choices":[{"data":"Adaptation","floor":6,"key":"SMITH"},{"data":"Eruption","floor":8,"key":"SMITH"},{"data":"Meditate","floor":15,"key":"SMITH"},{"data":"DevaForm","floor":25,"key":"SMITH"},{"data":"InnerPeace","floor":28,"key":"SMITH"},{"data":"ClearTheMind","floor":32,"key":"SMITH"},{"data":"EmptyFist","floor":40,"key":"SMITH"},{"floor":47,"key":"REST"}],"circlet_count":0,"master_deck":["Strike_P","Strike_P","Strike_P+1","Defend_P+1","Defend_P","Defend_P+1","Eruption+1","Vigilance+1","FlurryOfBlows+1","Dramatic Entrance+1","Adaptation+1","Replay:Fractal Strike+1","MentalFortress+1","Meditate+1","EmptyFist+1","LessonLearned","FollowUp","ClearTheMind+1","Adaptation+1","DevaForm+1","FlurryOfBlows","InnerPeace+1","Fasting2+1","Crescendo+1","Devotion","EmptyFist+1","Vengeance+1","Adaptation","Replay:SS_hec_2+1","WheelKick+1"],"relics":["PureWater","infinitespire:PuzzleCube","aspiration:Nostalgia","Cracked Core","Replay:Wax Seal","hubris:SlimyHat","Gambling Chip","aspiration:FrozenJewel","Snack Pack","Blue Doll","Strawberry","Guide Book","aspiration:PoetsPen_weak","Ring of Fury","hubris:Towel","hubris:64BitClover","aspiration:Lifesprig","Vajra","Nloth\u0027s Gift","Tiny Chest","VioletLotus","WarpedTongs","Centennial Puzzle","ClockworkSouvenir","infinitespire:Broken Mirror","infinitespire:Bottled Soul","infinitespire:Lucky Rock","War Paint","Chemical X","Garlic","Omamori","Incense Burner","Chameleon Ring"],"acts_visited":["Exordium","TheCity","TheBeyond"],"potions_floor_usage":[7,50,50,50],"damage_taken":[{"damage":2,"enemies":"2 Louse","floor":1,"turns":3},{"damage":7,"enemies":"Jaw Worm","floor":4,"turns":2},{"damage":12,"enemies":"Lagavulin","floor":7,"turns":2},{"damage":0,"enemies":"Gremlin Nob","floor":10,"turns":2},{"damage":0,"enemies":"Cultist","floor":11,"turns":1},{"damage":0,"enemies":"3 Louse","floor":13,"turns":1},{"damage":39,"enemies":"Slime Boss","floor":16,"turns":8},{"damage":5,"enemies":"Shell Parasite","floor":18,"turns":2},{"damage":0,"enemies":"2 Thieves","floor":20,"turns":1},{"damage":8,"enemies":"Shelled Parasite and Fungi","floor":21,"turns":2},{"damage":0,"enemies":"Sentry and Sphere","floor":22,"turns":2},{"damage":14,"enemies":"Slavers","floor":30,"turns":2},{"damage":22,"enemies":"Snake Plant","floor":31,"turns":3},{"damage":18,"enemies":"Automaton","floor":33,"turns":4},{"damage":0,"enemies":"3 Darklings","floor":35,"turns":1},{"damage":0,"enemies":"3 Shapes","floor":36,"turns":1},{"damage":0,"enemies":"Jaw Worm Horde","floor":37,"turns":1},{"damage":27,"enemies":"Maw","floor":39,"turns":3},{"damage":76,"enemies":"Nemesis","floor":41,"turns":5},{"damage":14,"enemies":"Reptomancer","floor":44,"turns":2},{"damage":10,"enemies":"Sphere and 2 Shapes","floor":48,"turns":1},{"damage":0,"enemies":"Awakened One","floor":50,"turns":3}],"seed_played":"8115044264142474376","potions_obtained":[{"floor":1,"key":"Death Potion"},{"floor":11,"key":"Adrenaline Potion"},{"floor":18,"key":"LiquidMemories"},{"floor":20,"key":"DistilledChaos"}],"is_trial":false,"path_per_floor":["M","$","?","M","?","R","E","R","T","E","M","?","M","$","R","B",null,"M","?","M","M","M","?","?","R","T","$","R","?","E","M","R","B",null,"M","M","M","?","M","R","E","$","T","E","$","T","R","M","R","B",null],"character_chosen":"WATCHER","items_purchased":["aspiration:Nostalgia","Replay:Wax Seal","hubris:SlimyHat","Dramatic Entrance","Blue Doll","Strawberry","Meditate","EmptyFist","Guide Book","aspiration:Lifesprig","Vajra","FlurryOfBlows","InnerPeace","Fasting2+1","ClockworkSouvenir","infinitespire:Broken Mirror","EmptyFist+1","Vengeance","infinitespire:Bottled Soul","Chemical X","Garlic","Omamori","Adaptation","Replay:SS_hec_2+1"],"campfire_rested":1,"item_purchase_floors":[2,2,2,2,14,14,14,14,14,27,27,27,27,27,42,42,42,42,42,45,45,45,45,45],"current_hp_per_floor":[118,118,118,111,111,111,99,99,99,99,101,101,101,108,108,89,127,126,120,126,123,127,127,127,127,127,127,127,127,119,103,103,95,127,127,127,127,127,116,116,60,60,60,52,52,52,90,86,124,127],"gold":6557,"neow_bonus":"RANDOM_EVENT","is_daily":false,"chose_seed":false,"campfire_upgraded":7,"win_rate":0.0,"timestamp":1609856042,"path_taken":["M","$","?","M","?","R","E","R","T","E","M","?","?","$","R","BOSS","M","?","M","?","M","?","?","R","T","$","R","?","E","M","R","BOSS","M","M","?","?","?","R","E","$","T","E","$","?","R","M","R","BOSS"],"items_purchased_type":["Relic","Relic","Relic","Card","Relic","Relic","Card","Card","Relic","Relic","Relic","Card","Card","Card","Relic","Relic","Card","Card","Relic","Relic","Relic","Relic","Card","Card"],"build_version":"2020-12-22","purchased_purges":5,"victory":true,"max_hp_per_floor":[120,120,120,120,120,120,120,120,120,120,120,120,120,127,127,127,127,127,127,127,127,127,127,127,127,127,127,127,127,127,127,127,127,127,127,127,127,127,127,127,127,127,127,127,127,127,127,127,127,127],"card_choices":[{"not_picked":["Conclude","FearNoEvil"],"picked":"FlurryOfBlows","floor":1},{"not_picked":["Prostrate","Halt"],"picked":"Adaptation","floor":4},{"not_picked":["infinitespire:SevenWalls","infinitespire:FinalStrike"],"picked":"Replay:Fractal Strike","floor":5},{"not_picked":["Prostrate","MasterReality","JustLucky"],"picked":"SKIP","floor":7},{"not_picked":["Crescendo","Meditate"],"picked":"MentalFortress","floor":10},{"not_picked":["Pray","Study","WheelKick"],"picked":"SKIP","floor":11},{"not_picked":["ConjureBlade","BattleHymn","Replay:DivineShield"],"picked":"SKIP","floor":13},{"not_picked":["Judgement","Ragnarok"],"picked":"LessonLearned","floor":16},{"not_picked":["CutThroughFate","Replay:ManipulateFuture"],"picked":"FollowUp","floor":18},{"not_picked":["LikeWater","InnerPeace"],"picked":"ClearTheMind","floor":20},{"not_picked":["Replay:Battleflow","FollowUp+1"],"picked":"Adaptation+1","floor":21},{"not_picked":["Halt","PathToVictory+1"],"picked":"DevaForm","floor":22},{"not_picked":["Wireheading","Brilliance","WaveOfTheHand"],"picked":"SKIP","floor":30},{"not_picked":["Brilliance","Replay:Vibes"],"picked":"Crescendo+1","floor":31},{"not_picked":["Halt+1","Replay:Vibes","Pray"],"picked":"SKIP","floor":35},{"not_picked":["CrushJoints","SignatureMove+1","Prostrate+1"],"picked":"SKIP","floor":36},{"not_picked":["Alpha","PathToVictory","Blasphemy"],"picked":"SKIP","floor":37},{"not_picked":["Weave+1","CrushJoints","DeceiveReality+1"],"picked":"SKIP","floor":39},{"not_picked":["SignatureMove","Brilliance"],"picked":"Devotion","floor":41},{"not_picked":["ThirdEye+1","Replay:ManipulateFuture","Replay:LoomingThreat"],"picked":"SKIP","floor":44},{"not_picked":["CrushJoints+1","Conclude+1"],"picked":"WheelKick+1","floor":48}],"player_experience":139003,"relics_obtained":[{"floor":7,"key":"Gambling Chip"},{"floor":9,"key":"aspiration:FrozenJewel"},{"floor":10,"key":"Snack Pack"},{"floor":23,"key":"Ring of Fury"},{"floor":23,"key":"Ring of Hypnosis"},{"floor":26,"key":"hubris:64BitClover"},{"floor":30,"key":"Tiny Chest"},{"floor":41,"key":"Centennial Puzzle"},{"floor":43,"key":"infinitespire:Lucky Rock"},{"floor":44,"key":"War Paint"},{"floor":46,"key":"Incense Burner"},{"floor":48,"key":"Chameleon Ring"}],"event_choices":[{"damage_healed":0,"gold_gain":0,"player_choice":"Box","damage_taken":0,"relics_obtained":["infinitespire:PuzzleCube"],"max_hp_gain":0,"max_hp_loss":0,"event_name":"Big Fish","floor":0,"gold_loss":0,"cards_obtained":["Regret"]},{"damage_healed":0,"gold_gain":0,"player_choice":"Ignored","damage_taken":0,"max_hp_gain":0,"max_hp_loss":0,"event_name":"Liars Game","floor":12,"gold_loss":0},{"damage_healed":0,"gold_gain":0,"player_choice":"","damage_taken":6,"max_hp_gain":0,"max_hp_loss":0,"event_name":"Knowing Skull","floor":19,"potions_obtained":[],"gold_loss":0,"cards_obtained":[]},{"damage_healed":0,"gold_gain":0,"player_choice":"Traded Relic","damage_taken":0,"relics_obtained":["Nloth\u0027s Gift"],"max_hp_gain":0,"max_hp_loss":0,"event_name":"N\u0027loth","floor":29,"relics_lost":["Ring of Hypnosis"],"gold_loss":0},{"damage_healed":0,"gold_gain":0,"player_choice":"Rummage","damage_taken":0,"relics_obtained":["WarpedTongs"],"max_hp_gain":0,"max_hp_loss":0,"event_name":"Accursed Blacksmith","floor":38,"gold_loss":0,"cards_obtained":["Pain"]}],"is_beta":false,"boss_relics":[{"not_picked":["aspiration:RunicSpoon","Astrolabe"],"picked":"aspiration:PoetsPen_weak"},{"not_picked":["hubris:RunicObelisk","hubris:VirtuousBlindfold"],"picked":"VioletLotus"}],"items_purged_floors":[2,14,27,42,45],"is_endless":false,"potions_floor_spawned":[1,11,18,20,30,33,37,44,48],"ascension_level":3}}