{"host":"i1h39d0gfh5c6uxl","time":1609818856,"event":{"mods":["AchievementEnabler","BaseMod","Colored Map","Colored Powertips","Highlight Path","Minty Spire (QoL Compilation)"],"gold_per_floor":[109,127,42,52,70,96,96,127,150,150,150,150,150,167,167,241,241,260,273,1,15,0,32,32,47,74,87,115,115,135,161,161,161,161],"floor_reached":33,"playtime":2437,"items_purged":["Strike_R"],"score":659,"play_id":"7913c391-deac-4de0-985a-4cd0ed202ccd","local_time":"20210105115416","is_ascension_mode":true,"campfire_choices":[{"data":"Clothesline","floor":7.0,"key":"SMITH"},{"data":"Bash","floor":12.0,"key":"SMITH"},{"data":"Evolve","floor":15.0,"key":"SMITH"},{"data":"Double Tap","floor":24.0,"key":"SMITH"},{"floor":29.0,"key":"REST"},{"floor":32,"key":"REST"}],"circlet_count":0,"master_deck":["AscendersBane","Strike_R","Strike_R","Strike_R","Defend_R","Defend_R","Defend_R+1","Defend_R+1","Bash+1","Clothesline+1","Twin Strike","Feed","Corruption","Evolve+1","Double Tap+1","Uppercut","Shrug It Off","Fire Breathing","Ghostly Armor","Pommel Strike","True Grit"],"relics":["Burning Blood","Art of War","Bronze Scales","War Paint","Snecko Eye","Lee\u0027s Waffle","Orichalcum","Bag of Preparation","Happy Flower","White Beast Statue"],"acts_visited":["Exordium","TheCity"],"potions_floor_usage":[33],"damage_taken":[{"damage":2.0,"enemies":"2 Louse","floor":1.0,"turns":3.0},{"damage":6.0,"enemies":"Cultist","floor":2.0,"turns":4.0},{"damage":4.0,"enemies":"Jaw Worm","floor":4.0,"turns":3.0},{"damage":7.0,"enemies":"Large Slime","floor":5.0,"turns":5.0},{"damage":40.0,"enemies":"Lagavulin","floor":6.0,"turns":8.0},{"damage":22.0,"enemies":"Gremlin Nob","floor":8.0,"turns":4.0},{"damage":14.0,"enemies":"Looter","floor":14.0,"turns":2.0},{"damage":37.0,"enemies":"Slime Boss","floor":16.0,"turns":9.0},{"damage":33.0,"enemies":"3 Byrds","floor":18.0,"turns":4.0},{"damage":13.0,"enemies":"Chosen","floor":19.0,"turns":4.0},{"damage":0.0,"enemies":"Snecko","floor":21.0,"turns":3.0},{"damage":41.0,"enemies":"Book of Stabbing","floor":23.0,"turns":5.0},{"damage":5.0,"enemies":"Snake Plant","floor":25.0,"turns":2.0},{"damage":7.0,"enemies":"Cultist and Chosen","floor":27.0,"turns":4.0},{"damage":22.0,"enemies":"Gremlin Leader","floor":28.0,"turns":5.0},{"damage":0.0,"enemies":"Snecko","floor":30.0,"turns":4.0},{"damage":22.0,"enemies":"Book of Stabbing","floor":31.0,"turns":5.0},{"damage":109,"enemies":"Automaton","floor":33,"turns":10}],"seed_played":"-6540705894755989862","potions_obtained":[{"floor":2.0,"key":"SpeedPotion"},{"floor":6.0,"key":"Strength Potion"},{"floor":14.0,"key":"AttackPotion"},{"floor":18.0,"key":"LiquidBronze"},{"floor":21.0,"key":"Explosive Potion"},{"floor":27.0,"key":"Strength Potion"},{"floor":28.0,"key":"ColorlessPotion"},{"floor":31.0,"key":"Ancient Potion"}],"is_trial":false,"path_per_floor":["M","M","$","M","M","E","R","E","T","?","?","R","?","M","R","B",null,"M","M","$","M","?","E","R","M","T","M","E","R","M","E","R","B"],"character_chosen":"IRONCLAD","items_purchased":["Feed","Lee\u0027s Waffle","Fire Breathing"],"campfire_rested":2,"item_purchase_floors":[3,20,20],"current_hp_per_floor":[79,79,79,84,83,49,49,36,36,65,65,65,65,57,57,29,76,52,48,104,104,104,69,69,70,70,69,53,84,90,74,104,0,0],"gold":161,"neow_bonus":"TEN_PERCENT_HP_BONUS","is_daily":false,"chose_seed":false,"campfire_upgraded":4,"win_rate":0.0,"timestamp":1609818856,"path_taken":["M","M","$","M","M","E","R","E","T","?","?","R","?","M","R","BOSS","M","M","$","?","?","E","R","M","T","M","E","R","M","E","R","BOSS"],"items_purchased_type":["Card","Relic","Card"],"build_version":"2020-12-22","purchased_purges":1,"victory":false,"max_hp_per_floor":[82,82,82,85,85,85,85,88,88,88,88,88,88,88,88,91,91,94,97,104,104,104,104,104,104,104,104,104,104,104,104,104,104,104],"card_choices":[{"not_picked":["Dropkick","Disarm"],"picked":"Clothesline","floor":1.0},{"not_picked":["Thunderclap","Sword Boomerang"],"picked":"Twin Strike","floor":2.0},{"not_picked":["Perfected Strike","Exhume","Clothesline"],"picked":"SKIP","floor":4.0},{"not_picked":["Hemokinesis","Spot Weakness","Intimidate"],"picked":"SKIP","floor":5.0},{"not_picked":["Perfected Strike","Blood for Blood","Thunderclap"],"picked":"SKIP","floor":6.0},{"not_picked":["Perfected Strike","Warcry","Clash"],"picked":"SKIP","floor":8.0},{"not_picked":["Thunderclap","Evolve","Perfected Strike"],"picked":"SKIP","floor":14.0},{"not_picked":["Thunderclap","Perfected Strike"],"picked":"Evolve","floor":14.0},{"not_picked":["Corruption","Berserk"],"picked":"Double Tap","floor":16.0},{"not_picked":["Heavy Blade","Cleave"],"picked":"Uppercut","floor":18.0},{"not_picked":["Twin Strike","Cleave"],"picked":"Shrug It Off","floor":19.0},{"not_picked":["Burning Pact","Second Wind"],"picked":"Ghostly Armor","floor":21.0},{"not_picked":["Evolve","Sever Soul+1","Perfected Strike+1"],"picked":"SKIP","floor":23.0},{"not_picked":["Seeing Red","Carnage","Havoc"],"picked":"SKIP","floor":25.0},{"not_picked":["Second Wind","Havoc","Clothesline"],"picked":"SKIP","floor":27.0},{"not_picked":["Feel No Pain+1","Twin Strike","Perfected Strike"],"picked":"SKIP","floor":28.0},{"not_picked":["Barricade","Combust+1"],"picked":"Pommel Strike","floor":30.0},{"not_picked":["Warcry","Clothesline"],"picked":"True Grit","floor":31.0}],"player_experience":1291335,"relics_obtained":[{"floor":6.0,"key":"Art of War"},{"floor":8.0,"key":"Bronze Scales"},{"floor":9.0,"key":"War Paint"},{"floor":23.0,"key":"Orichalcum"},{"floor":26.0,"key":"Bag of Preparation"},{"floor":28.0,"key":"Happy Flower"},{"floor":31.0,"key":"White Beast Statue"}],"event_choices":[{"damage_healed":29.0,"max_hp_gain":0.0,"max_hp_loss":0.0,"gold_gain":0.0,"event_name":"Big Fish","player_choice":"Banana","floor":10.0,"gold_loss":0.0,"damage_taken":0.0},{"damage_healed":0.0,"max_hp_gain":0.0,"max_hp_loss":0.0,"gold_gain":0.0,"event_name":"Shining Light","player_choice":"Ignored","floor":11.0,"gold_loss":0.0,"damage_taken":0.0},{"damage_healed":0.0,"max_hp_gain":0.0,"max_hp_loss":0.0,"gold_gain":0.0,"cards_transformed":["Strike_R"],"event_name":"Transmorgrifier","player_choice":"Transformed","floor":13.0,"gold_loss":0.0,"damage_taken":0.0,"cards_obtained":["Corruption"]},{"damage_healed":0.0,"max_hp_gain":0.0,"max_hp_loss":0.0,"gold_gain":0.0,"event_name":"Masked Bandits","player_choice":"Paid Fearfully","floor":22.0,"gold_loss":15.0,"damage_taken":0.0}],"is_beta":false,"boss_relics":[{"not_picked":["Black Star","Mark of Pain"],"picked":"Snecko Eye"}],"items_purged_floors":[20],"is_endless":false,"potions_floor_spawned":[2,6,14,18,21,27,28,31],"killed_by":"Automaton","ascension_level":20}}