{"host":"p4v0hquynnreu717","time":1609867394,"event":{"mods":["BaseMod","Better Vampires","DeckTracker","Googly Eyes","Minty Spire (QoL Compilation)","Quick Restart","StSLib","SuperFastMode"],"gold_per_floor":[113,113,38,38,38,81,81,117,117,133,146,146,167,167,167,261,261,284,199,225,245,295,295,318,364,364,402,204,204,235,235,235,235,235],"floor_reached":33,"playtime":823,"items_purged":["Strike_G","Strike_G"],"score":637,"play_id":"22dd9bc6-17d5-422e-93ca-6163a83a4cdc","local_time":"20210106012314","is_ascension_mode":true,"campfire_choices":[{"data":"Neutralize","floor":7.0,"key":"SMITH"},{"data":"Bouncing Flask","floor":12.0,"key":"SMITH"},{"data":"Acrobatics","floor":15.0,"key":"SMITH"},{"data":"Calculated Gamble","floor":23.0,"key":"SMITH"},{"floor":29.0,"key":"REST"},{"data":"Corpse Explosion","floor":32.0,"key":"SMITH"}],"circlet_count":0,"master_deck":["AscendersBane","Strike_G","Strike_G","Defend_G","Defend_G","Defend_G","Defend_G","Survivor","Neutralize+1","Acrobatics+1","After Image","Calculated Gamble+1","Bouncing Flask+1","Calculated Gamble","Corpse Explosion+1","Footwork","Noxious Fumes+1","After Image"],"relics":["Ring of the Snake","NeowsBlessing","Golden Idol","InkBottle","Tiny Chest","Matryoshka","Runic Pyramid","Bag of Preparation","Bag of Marbles","Boot","Shuriken","Smiling Mask","Question Card","Bronze Scales","Medical Kit","Toxic Egg 2"],"acts_visited":["Exordium","TheCity"],"potions_floor_usage":[],"damage_taken":[{"damage":0.0,"enemies":"2 Louse","floor":1.0,"turns":1.0},{"damage":0.0,"enemies":"3 Sentries","floor":6.0,"turns":1.0},{"damage":0.0,"enemies":"Lagavulin","floor":8.0,"turns":1.0},{"damage":1.0,"enemies":"Jaw Worm","floor":10.0,"turns":4.0},{"damage":0.0,"enemies":"Cultist","floor":11.0,"turns":3.0},{"damage":5.0,"enemies":"Blue Slaver","floor":13.0,"turns":3.0},{"damage":8.0,"enemies":"The Guardian","floor":16.0,"turns":9.0},{"damage":5.0,"enemies":"Spheric Guardian","floor":18.0,"turns":3.0},{"damage":6.0,"enemies":"3 Byrds","floor":21.0,"turns":3.0},{"damage":5.0,"enemies":"Centurion and Healer","floor":24.0,"turns":7.0},{"damage":50.0,"enemies":"Slavers","floor":27.0,"turns":4.0},{"damage":13.0,"enemies":"Gremlin Leader","floor":30.0,"turns":8.0},{"damage":16,"enemies":"Collector","floor":33,"turns":6}],"seed_played":"-5670446191963791206","potions_obtained":[{"floor":10.0,"key":"Poison Potion"},{"floor":11.0,"key":"ColorlessPotion"},{"floor":13.0,"key":"FairyPotion"},{"floor":27.0,"key":"ColorlessPotion"}],"is_trial":false,"path_per_floor":["M","?","$","?","?","E","R","E","T","M","M","R","M","?","R","B",null,"M","?","T","M","?","R","M","T","T","E","$","R","E","?","R","B"],"character_chosen":"THE_SILENT","items_purchased":["Medical Kit"],"campfire_rested":1,"item_purchase_floors":[28],"current_hp_per_floor":[59,59,59,52,52,52,52,52,52,51,51,51,46,51,51,43,60,55,55,55,49,49,49,44,44,44,19,19,38,25,25,25,9,9],"gold":235,"neow_bonus":"THREE_ENEMY_KILL","is_daily":false,"chose_seed":false,"campfire_upgraded":5,"win_rate":0.0,"timestamp":1609867394,"path_taken":["M","?","$","?","?","E","R","E","T","M","M","R","?","?","R","BOSS","M","?","?","M","?","R","M","?","T","E","$","R","E","?","R","BOSS"],"items_purchased_type":["Relic"],"build_version":"2020-12-22","purchased_purges":2,"victory":false,"max_hp_per_floor":[66,60,60,60,60,60,60,60,60,60,60,60,60,65,65,65,65,65,65,65,65,65,65,65,65,65,65,65,65,65,65,65,65,65],"card_choices":[{"not_picked":["Blade Dance","Cloak And Dagger"],"picked":"Acrobatics","floor":1.0},{"not_picked":["Concentrate","Bouncing Flask"],"picked":"Calculated Gamble","floor":6.0},{"not_picked":["Bullet Time","Prepared"],"picked":"Bouncing Flask","floor":8.0},{"not_picked":["Deflect","Distraction","Dagger Throw"],"picked":"SKIP","floor":10.0},{"not_picked":["Backflip","Slice","Envenom"],"picked":"SKIP","floor":11.0},{"not_picked":["Dagger Spray","Bane"],"picked":"Calculated Gamble","floor":13.0},{"not_picked":["Storm of Steel","Doppelganger"],"picked":"Corpse Explosion","floor":16.0},{"not_picked":["Dagger Throw","Cloak And Dagger+1"],"picked":"Footwork","floor":18.0},{"not_picked":["Deadly Poison","Flying Knee","Slice"],"picked":"SKIP","floor":21.0},{"not_picked":["Poisoned Stab","Footwork"],"picked":"Noxious Fumes+1","floor":24.0},{"not_picked":["Backflip","Dagger Throw","Accuracy","Outmaneuver"],"picked":"SKIP","floor":27.0},{"not_picked":["Backstab","Leg Sweep+1","Underhanded Strike","Caltrops"],"picked":"SKIP","floor":30.0}],"player_experience":756594,"relics_obtained":[{"floor":6.0,"key":"InkBottle"},{"floor":8.0,"key":"Tiny Chest"},{"floor":9.0,"key":"Matryoshka"},{"floor":20.0,"key":"Bag of Marbles"},{"floor":20.0,"key":"Boot"},{"floor":25.0,"key":"Shuriken"},{"floor":25.0,"key":"Smiling Mask"},{"floor":26.0,"key":"Question Card"},{"floor":27.0,"key":"Bronze Scales"},{"floor":30.0,"key":"Toxic Egg 2"}],"event_choices":[{"damage_healed":0.0,"max_hp_gain":0.0,"max_hp_loss":6.0,"gold_gain":0.0,"event_name":"Golden Idol","player_choice":"Lose Max HP","floor":2.0,"gold_loss":0.0,"damage_taken":0.0,"relics_obtained":["Golden Idol"]},{"cards_removed":["Defend_G"],"damage_healed":0.0,"max_hp_gain":0.0,"max_hp_loss":0.0,"gold_gain":0.0,"event_name":"Golden Wing","player_choice":"Card Removal","floor":4.0,"gold_loss":0.0,"damage_taken":7.0},{"damage_healed":0.0,"max_hp_gain":0.0,"max_hp_loss":0.0,"gold_gain":0.0,"cards_transformed":["Strike_G"],"event_name":"Transmorgrifier","player_choice":"Transformed","floor":5.0,"gold_loss":0.0,"damage_taken":0.0,"cards_obtained":["After Image"]},{"damage_healed":0.0,"max_hp_gain":5.0,"max_hp_loss":0.0,"gold_gain":0.0,"event_name":"Big Fish","player_choice":"Donut","floor":14.0,"gold_loss":0.0,"damage_taken":0.0},{"damage_healed":0.0,"max_hp_gain":0.0,"max_hp_loss":0.0,"gold_gain":0.0,"event_name":"Addict","player_choice":"Obtained Relic","floor":19.0,"gold_loss":85.0,"damage_taken":0.0,"relics_obtained":["Bag of Preparation"]},{"damage_healed":0.0,"max_hp_gain":0.0,"max_hp_loss":0.0,"gold_gain":50.0,"event_name":"Nest","player_choice":"Stole From Cult","floor":22.0,"gold_loss":0.0,"damage_taken":0.0},{"damage_healed":0.0,"max_hp_gain":0.0,"max_hp_loss":0.0,"gold_gain":0.0,"event_name":"Duplicator","player_choice":"Copied","floor":31.0,"gold_loss":0.0,"damage_taken":0.0,"cards_obtained":["After Image"]}],"is_beta":false,"boss_relics":[{"not_picked":["SacredBark","Ring of the Serpent"],"picked":"Runic Pyramid"}],"items_purged_floors":[3,28],"is_endless":false,"potions_floor_spawned":[10,11,13,21,24,27],"killed_by":"Collector","ascension_level":15}}