{"host":"aeidq2c3auzxo1yh","time":1609860445,"event":{"mods":["AchievementEnabler","BaseMod","Colored Map","Colored Powertips","Minty Spire (QoL Compilation)","Relic Stats","StSLib"],"gold_per_floor":[112,123,134,134,209,209,209,209],"floor_reached":7,"playtime":373,"items_purged":[],"score":82,"play_id":"4e182b77-0870-4201-a55c-f4c89ce9c8ca","local_time":"20210105202725","is_ascension_mode":true,"campfire_choices":[{"data":"Neutralize","floor":6,"key":"SMITH"}],"circlet_count":0,"master_deck":["AscendersBane","Strike_G","Strike_G","Strike_G","Strike_G","Strike_G","Defend_G","Defend_G","Defend_G","Defend_G","Defend_G","Survivor","Neutralize+1","Burst","Caltrops","Dodge and Roll","Blade Dance"],"relics":["Ring of the Snake","Blue Candle"],"acts_visited":["Exordium"],"potions_floor_usage":[],"damage_taken":[{"damage":7,"enemies":"Cultist","floor":1,"turns":5},{"damage":7,"enemies":"Small Slimes","floor":2,"turns":5},{"damage":0,"enemies":"Jaw Worm","floor":3,"turns":6},{"damage":52,"enemies":"Gremlin Nob","floor":7,"turns":4}],"seed_played":"-1538800072831849778","potions_obtained":[{"floor":2,"key":"Explosive Potion"}],"is_trial":false,"path_per_floor":["M","M","M","T","?","R","E"],"character_chosen":"THE_SILENT","items_purchased":[],"campfire_rested":0,"item_purchase_floors":[],"current_hp_per_floor":[52,45,45,45,34,34,0,0],"gold":209,"neow_bonus":"THREE_RARE_CARDS","is_daily":false,"chose_seed":false,"campfire_upgraded":1,"win_rate":0.0,"timestamp":1609860445,"path_taken":["M","?","?","?","?","R","E"],"items_purchased_type":[],"build_version":"2020-12-22","purchased_purges":0,"victory":false,"max_hp_per_floor":[60,60,60,60,60,60,60,60],"relic_stats":{"counters":[4,20],"Blue Candle":[0],"obtain_stats":[{"Blue Candle":4,"Ring of the Snake":0},{"Blue Candle":3,"Ring of the Snake":0},{"Blue Candle":16,"Ring of the Snake":0}],"Ring of the Snake":[8]},"card_choices":[{"not_picked":["Doppelganger","Wraith Form v2"],"picked":"Burst","floor":0},{"not_picked":["Underhanded Strike","Bane"],"picked":"Caltrops","floor":1},{"not_picked":["Well Laid Plans","Bane"],"picked":"Dodge and Roll","floor":2},{"not_picked":["Distraction","Blur"],"picked":"Blade Dance","floor":3}],"player_experience":885476,"relics_obtained":[{"floor":4,"key":"Blue Candle"}],"event_choices":[{"damage_healed":0,"gold_gain":75,"player_choice":"Gather Gold","damage_taken":11,"max_hp_gain":0,"max_hp_loss":0,"event_name":"World of Goop","floor":5,"gold_loss":0}],"is_beta":false,"boss_relics":[],"items_purged_floors":[],"is_endless":false,"potions_floor_spawned":[2],"killed_by":"Gremlin Nob","ascension_level":20}}