{"host":"aibqmozag2xz7y1n","time":1609859009,"event":{"mods":["AchievementEnabler","BaseMod","BetterRewards","Colored Map","Colored Powertips","Marisa????????","Minty Spire (QoL Compilation)","Quick Restart","Rare Cards Sparkle","StSLib","The Servant 0.9.4"],"gold_per_floor":[110,110,124,124,139,139,159,159,159,182,257,272,32,56,56,56,56],"floor_reached":16,"playtime":926,"items_purged":[],"score":94,"play_id":"862fc333-46fd-4114-a853-7ae8121e471b","local_time":"20210105160329","is_ascension_mode":false,"campfire_choices":[{"data":"SurpressingFire","floor":6,"key":"SMITH"},{"floor":15,"key":"REST"}],"circlet_count":0,"master_deck":["Strike_S","Strike_S","Strike_S","Strike_S","Defend_S","Defend_S","Defend_S","Defend_S","KidneyShot","Exchange","SurpressingFire+1","TimeWarp","Injury","Alleviate+1","BottledTime","Revamp","Ricochet","Apotheosis","FastForward"],"relics":["Uniform","Golden Idol","Ornamental Fan"],"acts_visited":["Exordium"],"potions_floor_usage":[10],"damage_taken":[{"damage":7,"enemies":"Jaw Worm","floor":1,"turns":6},{"damage":7,"enemies":"2 Louse","floor":3,"turns":4},{"damage":0,"enemies":"Small Slimes","floor":5,"turns":4},{"damage":4,"enemies":"Blue Slaver","floor":7,"turns":7},{"damage":0,"enemies":"3 Louse","floor":10,"turns":2},{"damage":0,"enemies":"2 Fungi Beasts","floor":12,"turns":6},{"damage":5,"enemies":"Gremlin Gang","floor":14,"turns":8},{"damage":0,"enemies":"Hexaghost","floor":16,"turns":1}],"seed_played":"-4116093411156894682","potions_obtained":[{"floor":1,"key":"SkillPotion"},{"floor":3,"key":"Explosive Potion"},{"floor":5,"key":"CultistPotion"},{"floor":14,"key":"BlessingOfTheForge"}],"is_trial":false,"path_per_floor":["M","?","M","?","M","R","M","?","T","M","?","M","$","M","R","B"],"character_chosen":"THE_SERVANT","items_purchased":["Apotheosis","FastForward"],"campfire_rested":1,"item_purchase_floors":[13,13],"current_hp_per_floor":[64,64,57,57,57,57,53,53,53,53,42,42,42,37,58,58,58],"gold":56,"neow_bonus":"TEN_PERCENT_HP_BONUS","is_daily":false,"chose_seed":false,"campfire_upgraded":1,"win_rate":0.0,"timestamp":1609859009,"path_taken":["M","?","M","?","M","R","M","?","T","?","?","M","$","M","R","BOSS"],"items_purchased_type":["Card","Card"],"build_version":"2020-12-22","purchased_purges":0,"victory":false,"max_hp_per_floor":[71,71,71,71,71,71,71,71,71,71,71,71,71,71,71,71,71],"card_choices":[{"not_picked":["DoubleEdge","MoonPhase"],"picked":"SurpressingFire","floor":1},{"not_picked":["DualDimension","Ricochet"],"picked":"TimeWarp","floor":3},{"not_picked":["FastForward","ShiftingGears"],"picked":"Alleviate","floor":5},{"not_picked":["FastForward","DoubleEdge"],"picked":"BottledTime","floor":7},{"not_picked":["Unruled","DualDimension"],"picked":"Revamp","floor":10},{"not_picked":["Replace","BottledTime"],"picked":"Ricochet","floor":12},{"not_picked":["SpecialFormula","Misdirection","Replace"],"picked":"SKIP","floor":14}],"player_experience":211255,"relics_obtained":[{"floor":9,"key":"Ornamental Fan"}],"event_choices":[{"damage_healed":0,"gold_gain":0,"player_choice":"Leave","damage_taken":0,"max_hp_gain":0,"max_hp_loss":0,"event_name":"The Cleric","floor":2,"gold_loss":0},{"damage_healed":0,"gold_gain":0,"player_choice":"Take Wound","damage_taken":0,"relics_obtained":["Golden Idol"],"max_hp_gain":0,"max_hp_loss":0,"event_name":"Golden Idol","floor":4,"gold_loss":0,"cards_obtained":["Injury"]},{"damage_healed":0,"gold_gain":0,"player_choice":"Grow","damage_taken":0,"max_hp_gain":0,"max_hp_loss":0,"event_name":"Living Wall","floor":8,"gold_loss":0,"cards_upgraded":["Alleviate"]},{"damage_healed":0,"gold_gain":75,"player_choice":"Gather Gold","damage_taken":11,"max_hp_gain":0,"max_hp_loss":0,"event_name":"World of Goop","floor":11,"gold_loss":0}],"is_beta":false,"boss_relics":[],"items_purged_floors":[],"is_endless":false,"potions_floor_spawned":[1,3,5,14],"killed_by":"Hexaghost","ascension_level":0}}