{"host":"zcz0awyw9el3eccp","time":1609882461,"event":{"mods":["AchievementEnabler","BaseMod","Colored Powertips","Minty Spire (QoL Compilation)","Quick Restart"],"gold_per_floor":[118,43,61,76,95,95,105,140,140,175,175,203,9,24,24,120,120,135,135,50,4,24,53,53,85,85,111,10,25,38,67,67,164,164,183,183,17,33,33,33],"floor_reached":39,"playtime":2945,"items_purged":["Strike_G","Strike_G"],"score":612,"play_id":"feb7a2b9-3ce5-4b02-80b5-206aa9cebeb4","local_time":"20210105223421","is_ascension_mode":true,"campfire_choices":[{"floor":6,"key":"RECALL"},{"data":"Footwork","floor":11,"key":"SMITH"},{"data":"Envenom","floor":15,"key":"SMITH"},{"data":"Bullet Time","floor":24,"key":"SMITH"},{"data":"Neutralize","floor":32,"key":"SMITH"}],"circlet_count":0,"master_deck":["Defend_G","Defend_G","Defend_G","Defend_G+1","Defend_G","Survivor+1","Neutralize+1","Caltrops","Noxious Fumes","Footwork+1","Dodge and Roll","Bullet Time+1","Dodge and Roll","Sucker Punch","Envenom+1","Footwork","Footwork","Quick Slash+1","Infinite Blades","Glass Knife+1","Cloak And Dagger+1","Bite+1","Bite+1","Bite+1","Bite+1","Bite+1","Dodge and Roll","Dagger Throw+1","Backflip+1","Footwork","Dagger Throw+1","Cloak And Dagger","Predator+1","Blade Dance","Deflect+1","Flying Knee+1","A Thousand Cuts","All Out Attack+1","Panache","Parasite","Bane+1"],"relics":["Ring of the Snake","Letter Opener","Art of War","War Paint","Molten Egg 2","SlaversCollar","Pocketwatch","Pantograph","Red Mask","Sundial","Bronze Scales","SacredBark"],"acts_visited":["Exordium","TheCity","TheBeyond"],"potions_floor_usage":[7,10,10,10,23,30,31,31,31,35,36,36],"damage_taken":[{"damage":0,"enemies":"Cultist","floor":1,"turns":5},{"damage":3,"enemies":"Jaw Worm","floor":3,"turns":6},{"damage":0,"enemies":"2 Louse","floor":4,"turns":5},{"damage":0,"enemies":"Exordium Wildlife","floor":5,"turns":6},{"damage":13,"enemies":"Large Slime","floor":7,"turns":11},{"damage":5,"enemies":"Lagavulin","floor":8,"turns":12},{"damage":18,"enemies":"Gremlin Nob","floor":10,"turns":4},{"damage":3,"enemies":"Lagavulin","floor":12,"turns":10},{"damage":0,"enemies":"Blue Slaver","floor":14,"turns":5},{"damage":0,"enemies":"Hexaghost","floor":16,"turns":9},{"damage":0,"enemies":"Chosen","floor":18,"turns":6},{"damage":10,"enemies":"Spheric Guardian","floor":22,"turns":5},{"damage":1,"enemies":"Gremlin Leader","floor":23,"turns":8},{"damage":4,"enemies":"Masked Bandits","floor":25,"turns":5},{"damage":9,"enemies":"Book of Stabbing","floor":27,"turns":6},{"damage":3,"enemies":"Centurion and Healer","floor":29,"turns":7},{"damage":17,"enemies":"Shelled Parasite and Fungi","floor":30,"turns":9},{"damage":39,"enemies":"Gremlin Leader","floor":31,"turns":7},{"damage":15,"enemies":"Automaton","floor":33,"turns":11},{"damage":38,"enemies":"3 Shapes","floor":35,"turns":5},{"damage":5,"enemies":"3 Darklings","floor":36,"turns":6},{"damage":25,"enemies":"Writhing Mass","floor":38,"turns":8},{"damage":14,"enemies":"Transient","floor":39,"turns":3}],"seed_played":"-1024718817981113339","potions_obtained":[{"floor":4,"key":"ColorlessPotion"},{"floor":7,"key":"SmokeBomb"},{"floor":8,"key":"EntropicBrew"},{"floor":22,"key":"Swift Potion"},{"floor":27,"key":"EntropicBrew"},{"floor":29,"key":"SpeedPotion"},{"floor":31,"key":"Weak Potion"},{"floor":33,"key":"GamblersBrew"},{"floor":38,"key":"Strength Potion"}],"is_trial":false,"path_per_floor":["M","$","M","M","M","R","M","E","T","E","R","E","$","M","R","B",null,"M","?","?","$","M","E","R","?","T","E","$","M","M","E","R","B",null,"M","M","$","M","M"],"character_chosen":"THE_SILENT","items_purchased":["Footwork","Quick Slash+1","Dodge and Roll","Cloak And Dagger","Predator+1","Panache"],"campfire_rested":0,"item_purchase_floors":[13,13,21,28,28,37],"current_hp_per_floor":[70,70,67,67,67,67,54,49,49,45,45,42,42,42,42,42,70,70,49,49,49,42,49,49,49,49,47,47,49,49,19,19,49,49,14,18,18,11,0,0],"gold":33,"neow_bonus":"TRANSFORM_CARD","is_daily":false,"chose_seed":false,"campfire_upgraded":4,"win_rate":0.0,"timestamp":1609882461,"path_taken":["M","$","M","?","M","R","M","E","T","E","R","E","$","M","R","BOSS","M","?","?","?","M","E","R","?","T","E","$","M","?","E","R","BOSS","M","M","$","M","M"],"items_purchased_type":["Card","Card","Card","Card","Card","Card"],"build_version":"2020-12-22","purchased_purges":2,"victory":false,"max_hp_per_floor":[70,70,70,70,70,70,70,70,70,70,70,70,70,70,70,70,70,70,49,49,49,49,49,49,49,49,49,49,49,49,49,49,49,49,49,49,49,49,49,49],"card_choices":[{"not_picked":["Bane","Poisoned Stab"],"picked":"Noxious Fumes","floor":1},{"not_picked":["Poisoned Stab","Masterful Stab"],"picked":"Footwork","floor":3},{"not_picked":["Slice","Sucker Punch"],"picked":"Dodge and Roll","floor":4},{"not_picked":["Acrobatics","Skewer"],"picked":"Bullet Time","floor":5},{"not_picked":["Heel Hook","Acrobatics"],"picked":"Dodge and Roll","floor":7},{"not_picked":["Tools of the Trade","Blur"],"picked":"Sucker Punch","floor":8},{"not_picked":["Deflect","Dagger Spray"],"picked":"Envenom","floor":10},{"not_picked":["Dodge and Roll","Heel Hook+1"],"picked":"Footwork","floor":12},{"not_picked":["Acrobatics","Accuracy"],"picked":"Infinite Blades","floor":14},{"not_picked":["Wraith Form v2","Night Terror"],"picked":"Glass Knife+1","floor":16},{"not_picked":["Dagger Spray+1","Deadly Poison"],"picked":"Cloak And Dagger+1","floor":18},{"not_picked":["Escape Plan","Prepared"],"picked":"Dagger Throw+1","floor":22},{"not_picked":["Dagger Throw+1","Envenom"],"picked":"Backflip+1","floor":23},{"not_picked":["Sucker Punch+1","PiercingWail"],"picked":"Footwork","floor":25},{"not_picked":["Expertise","Acrobatics"],"picked":"Dagger Throw+1","floor":27},{"not_picked":["Backflip","Dodge and Roll"],"picked":"Blade Dance","floor":29},{"not_picked":["Distraction+1","Wraith Form v2"],"picked":"Deflect+1","floor":30},{"not_picked":["Underhanded Strike+1","Backflip"],"picked":"Flying Knee+1","floor":31},{"not_picked":["Glass Knife+1","Wraith Form v2"],"picked":"A Thousand Cuts","floor":33},{"not_picked":["Dodge and Roll","PiercingWail+1"],"picked":"All Out Attack+1","floor":35},{"not_picked":["Prepared","Well Laid Plans+1"],"picked":"Bane+1","floor":38}],"player_experience":79803,"relics_obtained":[{"floor":8,"key":"Letter Opener"},{"floor":9,"key":"Art of War"},{"floor":10,"key":"War Paint"},{"floor":12,"key":"Molten Egg 2"},{"floor":23,"key":"Pantograph"},{"floor":25,"key":"Red Mask"},{"floor":27,"key":"Sundial"},{"floor":31,"key":"Bronze Scales"}],"event_choices":[{"damage_healed":0,"gold_gain":0,"player_choice":"Became a vampire","damage_taken":0,"max_hp_gain":0,"max_hp_loss":21,"event_name":"Vampires","floor":19,"gold_loss":0,"cards_obtained":["Bite","Bite","Bite","Bite","Bite"]},{"damage_healed":0,"gold_gain":0,"player_choice":"Obtained Relic","damage_taken":0,"relics_obtained":["Pocketwatch"],"max_hp_gain":0,"max_hp_loss":0,"event_name":"Addict","floor":20,"gold_loss":85},{"damage_healed":0,"gold_gain":0,"player_choice":"Fought Bandits","damage_taken":0,"max_hp_gain":0,"max_hp_loss":0,"event_name":"Masked Bandits","floor":25,"gold_loss":0}],"is_beta":false,"boss_relics":[{"not_picked":["Sozu","Empty Cage"],"picked":"SlaversCollar"},{"not_picked":["Runic Pyramid","Velvet Choker"],"picked":"SacredBark"}],"items_purged_floors":[2,13],"is_endless":false,"potions_floor_spawned":[4,7,8,22,27,29,31,33,36,38],"killed_by":"Transient","ascension_level":1}}