{"host":"0azimyi6n3ugndj4","time":1609864032,"event":{"mods":["2.2 Compatiblity","BaseMod","Bestiary","Conspire","Curses Come First","Defuse TimeMaze Blight","Hermit","Hubris","Hyrulean Relics","Infinite Spire","Jorbs\u0027s Wanderer Trilogy","Minty Spire (QoL Compilation)","Relic Stats","Replay The Spire","StSLib","SuperFastMode","The Cursed","The Hierophant","Uncapped","¡¼?Úª?ø«¡½REMEMod"],"gold_per_floor":[144,177,177,177,13,13,13,13],"floor_reached":7,"playtime":228,"items_purged":[],"score":253,"play_id":"8d0e390a-0c23-40fe-9410-0fa90212330a","local_time":"20210106012712","daily_mods":["SealedDeck","Hoarder","Insanity","Chimera","Specialized","Vintage","ControlledChaos","Allstar","Diverse","Colorless Cards","Heirloom","Time Dilation","Elite Swarm","Lethality","Midas","Uncertain Future","Binary"],"is_ascension_mode":true,"campfire_choices":[{"floor":6,"key":"REST"}],"circlet_count":0,"master_deck":["Demon Form","Wraith Form v2","Echo Form","DevaForm","stsjorbsmod:ArcaneForm","stsjorbsmod:WastingForm","AscendersBane","hubris:Hubris","Survivor","Zap","Eruption","Strike_R","Strike_G","Strike_B","Defend_R","Defend_G","Defend_P","Collect","stsjorbsmod:Channel","hierophant:ThreeLashes","ReplayTheSpireMod:Muscle Training","hermit:Quickdraw","Redo","REME_MagicPocketWatch","Replay:Hum","Dagger Throw","Bane","Bane","stsjorbsmod:BlackTentacles","TheCursedMod:SmokeScreen","REME_Compress","Sneak Up","TheCursedMod:CircleOfFlame","TheCursedMod:WearCloak","stsjorbsmod:BurningFlask","stsjorbsmod:Message","stsjorbsmod:WeightOfMemory","Power Through","Steam","Entrench","hermit:WideOpen","ReplayTheSpireMod:Muscle Training","Dark Embrace","TheCursedMod:TroublousMinions","stsjorbsmod:FracturedMind","Poisoned Stab","Doom and Gloom","Pommel Strike","Dagger Spray","hubris:ReadiedAction","TheCursedMod:CircleOfBlood","TheCursedMod:CursedMace","stsjorbsmod:FaerieFire","Perfected Strike","hierophant:Glossolalia","Hello World","Dodge and Roll","TalkToTheHand","Prostrate","hierophant:Empathy","hierophant:HolyVerse","TheCursedMod:FuryStrike","stsjorbsmod:FaerieFire","Dramatic Entrance","stsjorbsmod:BlackTentacles","ReplayReversal","ReplayTheSpireMod:Stacked","ReplayTheSpireMod:Necrosis","ReplayTheSpireMod:Necrosis","ReplayTheSpireMod:Necrosis","ReplayTheSpireMod:Necrosis","ReplayTheSpireMod:Necrosis","ReplayTheSpireMod:Necrosis","ReplayTheSpireMod:Necrosis","ReplayTheSpireMod:Necrosis","ReplayTheSpireMod:Necrosis","ReplayTheSpireMod:Necrosis","ReplayTheSpireMod:Necrosis","ReplayTheSpireMod:Necrosis","ReplayTheSpireMod:Necrosis","ReplayTheSpireMod:Necrosis","ReplayTheSpireMod:Necrosis","stsjorbsmod:Hibernate","stsjorbsmod:Hibernate","stsjorbsmod:Hibernate","Wild Strike","Wild Strike","Wild Strike","Flying Knee","Flying Knee","Flying Knee","hermit:HoleUp","hermit:HoleUp","hermit:HoleUp","TheCursedMod:Grudge","TheCursedMod:Grudge","TheCursedMod:Grudge","hierophant:SealAway","hierophant:SealAway","hierophant:SealAway","BattleHymn","BattleHymn","BattleHymn","stsjorbsmod:Materialize","stsjorbsmod:Materialize","stsjorbsmod:Materialize","Escape Plan","Escape Plan","Escape Plan","Anger","Anger","Anger","conspire:HitWhereItHurts","conspire:HitWhereItHurts","conspire:HitWhereItHurts","Eruption","Eruption","Eruption","Pain","Pain","Pain"],"relics":["Frozen Eye","Busted Crown","REME_ComplimentaryCards","TungstenRod","REME_PuzzleBoxRelic","Replay:Mystery Machine","Replay:M_SmolderingBlood","WarpedTongs","Toolbox"],"acts_visited":["Exordium"],"potions_floor_usage":[7],"damage_taken":[{"damage":22,"enemies":"Jaw Worm","floor":1,"turns":6},{"damage":19,"enemies":"Small Slimes","floor":2,"turns":4},{"damage":78,"enemies":"Gremlin Nob","floor":7,"turns":4}],"seed_played":"4777060876147940341","potions_obtained":[{"floor":1,"key":"LifebloodPotion"}],"is_trial":true,"path_per_floor":["M","M","?","?","$","R","E"],"character_chosen":"IRONCLAD","items_purchased":["Toolbox"],"campfire_rested":1,"item_purchase_floors":[5],"current_hp_per_floor":[52,39,39,39,39,61,0,0],"gold":13,"neow_bonus":"","is_daily":false,"chose_seed":false,"campfire_upgraded":0,"win_rate":0.0,"timestamp":1609864032,"path_taken":["M","M","?","?","$","R","E"],"items_purchased_type":["Relic"],"build_version":"2020-12-22","purchased_purges":0,"victory":false,"max_hp_per_floor":[75,75,75,75,75,75,75,75],"relic_stats":{"Busted Crown":0,"counters":[3,14],"obtain_stats":[{"Frozen Eye":0,"Busted Crown":0,"Replay:M_SmolderingBlood":3,"Toolbox":5,"REME_PuzzleBoxRelic":1,"Replay:Mystery Machine":2,"Burning Blood":0,"TungstenRod":0,"REME_ComplimentaryCards":0,"WarpedTongs":4},{"Frozen Eye":0,"Busted Crown":0,"Replay:M_SmolderingBlood":2,"Toolbox":2,"REME_PuzzleBoxRelic":1,"Replay:Mystery Machine":2,"Burning Blood":0,"TungstenRod":0,"REME_ComplimentaryCards":0,"WarpedTongs":2},{"Frozen Eye":0,"Busted Crown":0,"Replay:M_SmolderingBlood":10,"Toolbox":10,"REME_PuzzleBoxRelic":6,"Replay:Mystery Machine":10,"Burning Blood":0,"TungstenRod":0,"REME_ComplimentaryCards":0,"WarpedTongs":10}],"TungstenRod":13,"WarpedTongs":[4]},"card_choices":[],"player_experience":1549175,"relics_obtained":[{"floor":1,"key":"REME_PuzzleBoxRelic"},{"floor":2,"key":"Replay:Mystery Machine"}],"event_choices":[{"damage_healed":0,"gold_gain":0,"player_choice":"Rummage","damage_taken":0,"relics_obtained":["WarpedTongs"],"max_hp_gain":0,"max_hp_loss":0,"event_name":"Accursed Blacksmith","floor":4,"gold_loss":0,"cards_obtained":["Pain"]}],"is_beta":false,"boss_relics":[],"items_purged_floors":[],"is_endless":false,"potions_floor_spawned":[1],"killed_by":"Gremlin Nob","ascension_level":20}}