{"host":"7xbu8gt067z192g2","time":1609891048,"event":{"mods":["BaseMod","Better Note","Colored Map","Colored Powertips","Googly Eyes","Highlight Path","Minty Spire (QoL Compilation)","Rare Cards Sparkle","Replay The Spire","StSLib","The Bladedancer","The Cursed","The Hierophant","The Valiant","The Wild Card"],"gold_per_floor":[218,228,82,93,103,103,138,138,138,138,138,9,9,9,9,9,9],"floor_reached":16,"playtime":625,"items_purged":[],"score":108,"play_id":"e4d7f4ba-9fd8-4345-b99c-8dc9d379e5ec","local_time":"20210105185728","is_ascension_mode":true,"campfire_choices":[{"floor":6,"key":"REST"},{"floor":11,"key":"REST"},{"data":"Coolheaded","floor":13,"key":"SMITH"},{"data":"Reinforced Body","floor":15,"key":"SMITH"}],"circlet_count":0,"master_deck":["Strike_B","Strike_B","Strike_B","Strike_B","Defend_B","Defend_B","Defend_B","Defend_B","Zap","Dualcast","Beam Cell","Reinforced Body+1","Capacitor","Coolheaded+1","Cold Snap","Storm","Parasite"],"relics":["Replay:Wanted Poster","PreservedInsect","Turnip"],"acts_visited":["Exordium"],"potions_floor_usage":[7,7],"damage_taken":[{"damage":7,"enemies":"Cultist","floor":1,"turns":4},{"damage":8,"enemies":"2 Louse","floor":2,"turns":4},{"damage":6,"enemies":"Small Slimes","floor":4,"turns":3},{"damage":35,"enemies":"3 Louse","floor":5,"turns":9},{"damage":28,"enemies":"Gremlin Nob","floor":7,"turns":4},{"damage":75,"enemies":"The Guardian","floor":16,"turns":12}],"seed_played":"2042514727151637698","potions_obtained":[{"floor":2,"key":"Reflective Coating"},{"floor":5,"key":"FocusPotion"}],"is_trial":false,"path_per_floor":["M","M","$","M","M","R","E","$","T","?","R","$","R","?","R","B"],"character_chosen":"DEFECT","items_purchased":["PreservedInsect","Cold Snap","Storm"],"campfire_rested":2,"item_purchase_floors":[3,12,12],"current_hp_per_floor":[68,60,60,54,19,41,13,13,13,13,35,35,35,53,53,0,0],"gold":9,"neow_bonus":"BOSS_RELIC","is_daily":false,"chose_seed":false,"campfire_upgraded":2,"win_rate":0.0,"timestamp":1609891048,"path_taken":["M","?","$","M","?","R","E","$","T","?","R","$","R","?","R","BOSS"],"items_purchased_type":["Relic","Card","Card"],"build_version":"2020-12-22","purchased_purges":0,"victory":false,"max_hp_per_floor":[75,75,75,75,75,75,75,75,75,75,75,75,75,75,75,75,75],"card_choices":[{"not_picked":["Gash","Turbo","Hello World"],"picked":"SKIP","floor":1},{"not_picked":["Recycle","BasicCrystalCard"],"picked":"Beam Cell","floor":2},{"not_picked":["Hologram","Sweeping Beam"],"picked":"Reinforced Body","floor":4},{"not_picked":["Undo","Stack"],"picked":"Capacitor","floor":5},{"not_picked":["Conserve Battery","BootSequence"],"picked":"Coolheaded","floor":7}],"player_experience":146644,"relics_obtained":[{"floor":7,"key":"Turnip"}],"event_choices":[{"damage_healed":0,"gold_gain":0,"player_choice":"Ignored","damage_taken":0,"max_hp_gain":0,"max_hp_loss":0,"event_name":"Shining Light","floor":10,"gold_loss":0},{"damage_healed":18,"gold_gain":0,"player_choice":"Healed and dodged fight","damage_taken":0,"max_hp_gain":0,"max_hp_loss":0,"event_name":"Mushrooms","floor":14,"gold_loss":0,"cards_obtained":["Parasite"]}],"is_beta":false,"boss_relics":[],"items_purged_floors":[],"is_endless":false,"potions_floor_spawned":[2,5],"killed_by":"The Guardian","ascension_level":2}}