{"host":"q79spna8ofw6hj3r","time":1609824621,"event":{"mods":["Aspiration","BaseMod","Bestiary","Better Altar","Better Match","Better Note","Better Sensory Stone","Better Skull","Better Third Choice","Better Vampires","BetterRewards","Block Reminder","Card Filter","Challenge The Spire","Colored Map","Colored Powertips","Conspire","Custom Start","Energized Spire","Halation","Hubris","Infinite Spire","Jedi Mod","Mimic Mod","Minty Spire (QoL Compilation)","Permanent Neow","Quick Restart","Relic Filter","Relic Sorter","Replay The Spire","Shop Mod","StSLib","SuperFastMode","Synergy Search","The Servant 0.9.4","vexMod"],"gold_per_floor":[115,115,127,77,27,52,52,52,76,110,35,52,70,70,70,70,70],"floor_reached":16,"playtime":237,"items_purged":["Defend_S"],"score":133,"play_id":"be260755-e0b6-47dd-8317-30844a6bf96c","local_time":"20210105073021","is_ascension_mode":false,"campfire_choices":[{"data":"KidneyShot","floor":7,"key":"SMITH"},{"data":"Reset","floor":15,"key":"SMITH"}],"circlet_count":0,"master_deck":["Strike_S","Strike_S+1","Strike_S+1","Defend_S","Defend_S","KidneyShot+1","Exchange","ShiftingGears","Reset+1","Spin","Barrier"],"relics":["Uniform","halation:PinkSoulGem","NeowsBlessing","betterThird:SlimedRelic","Replay:Rubber Ducky","Whetstone","Replay:WaspNest","Bottled Flame"],"acts_visited":["Exordium"],"potions_floor_usage":[],"damage_taken":[{"damage":0,"enemies":"Jaw Worm","floor":1,"turns":1},{"damage":0,"enemies":"Small Slimes","floor":3,"turns":1},{"damage":0,"enemies":"Lagavulin","floor":6,"turns":1},{"damage":26,"enemies":"3 Sentries","floor":10,"turns":5},{"damage":6,"enemies":"Cultist","floor":12,"turns":3},{"damage":4,"enemies":"Blue Slaver","floor":13,"turns":4},{"damage":24,"enemies":"The Guardian","floor":16,"turns":2}],"seed_played":"-5746609530123190805","potions_obtained":[{"floor":1,"key":"SkillPotion"},{"floor":3,"key":"Adrenaline Potion"},{"floor":6,"key":"Languid Potion"}],"is_trial":false,"path_per_floor":["M","?","M","?","?","E","R","?","T","E","$","M","M","T","R","B"],"character_chosen":"THE_SERVANT","items_purchased":[],"campfire_rested":0,"item_purchase_floors":[],"current_hp_per_floor":[65,65,65,65,54,54,54,54,54,28,28,22,18,18,18,0,0],"gold":70,"neow_bonus":"THREE_ENEMY_KILL","is_daily":false,"chose_seed":false,"campfire_upgraded":2,"win_rate":0.0,"timestamp":1609824621,"path_taken":["M","?","M","?","?","E","R","?","T","E","$","M","?","?","R","BOSS"],"items_purchased_type":[],"build_version":"2020-12-22","purchased_purges":1,"victory":false,"max_hp_per_floor":[65,65,65,65,65,65,65,65,65,65,65,65,65,65,65,65,65],"card_choices":[{"not_picked":["MoonPhase","DualDimension","Revamp"],"picked":"SKIP","floor":1},{"not_picked":["Revamp","FastForward"],"picked":"ShiftingGears","floor":3},{"not_picked":["Defy","FastForward","Alleviate"],"picked":"SKIP","floor":6},{"not_picked":["ShatteredReality","InstantArmor"],"picked":"Spin","floor":10},{"not_picked":["Hightail","Shuttle","Comet"],"picked":"SKIP","floor":12},{"not_picked":["Revamp","Defy"],"picked":"Barrier","floor":13}],"player_experience":212094,"relics_obtained":[{"floor":6,"key":"Replay:Rubber Ducky"},{"floor":9,"key":"Whetstone"},{"floor":10,"key":"Replay:WaspNest"},{"floor":14,"key":"Bottled Flame"}],"event_choices":[{"cards_removed":["Strike_S"],"damage_healed":0,"gold_gain":0,"player_choice":"Card Removal","damage_taken":0,"max_hp_gain":0,"max_hp_loss":0,"event_name":"The Cleric","floor":4,"gold_loss":50},{"damage_healed":0,"gold_gain":0,"player_choice":"Slimed","damage_taken":11,"max_hp_gain":0,"max_hp_loss":0,"event_name":"betterThird:BetterGoop","floor":5,"gold_loss":50},{"damage_healed":0,"gold_gain":0,"cards_transformed":["Defend_S"],"player_choice":"Transformed","damage_taken":0,"max_hp_gain":0,"max_hp_loss":0,"event_name":"Transmorgrifier","floor":8,"gold_loss":0,"cards_obtained":["Reset"]}],"is_beta":false,"boss_relics":[],"items_purged_floors":[11],"is_endless":false,"potions_floor_spawned":[1,3,6],"killed_by":"The Guardian","ascension_level":0}}