{"host":"65bhxfoqsqjg61le","time":1609831914,"event":{"mods":["2.2 Compatiblity","AchievementEnabler","BaseMod","Better Third Choice","Colored Powertips","Conspire","DeckTracker","Downfall","Energized Spire","GifTheSpireLib","Googly Eyes","Hubris","Infinite Spire","Minty Spire (QoL Compilation)","Quick Restart","RRrroohrrRGHHhhh!!","Random Character Button","Rare Cards Sparkle","Replay The Spire","Shade Mod","StSLib","Stuff the Spire","The IronCluck","Wandering Minibosses","egg","everything is the same but u backflip on backflip","slay the spire mod where everything is the same but ironclad has a cowboy hat","thorton"],"gold_per_floor":[118,136,187,35,48,79,89,120,120,86,86,86,86,113,113,230,230,256,153,29,29,29,69,69,90,90,121,160,178,200,206,206],"floor_reached":31,"playtime":1103,"items_purged":["Strike_R"],"score":394,"play_id":"672417ae-e24b-4263-ac2c-c9642ce26d6f","local_time":"20210105023154","is_ascension_mode":true,"campfire_choices":[{"data":"Bash","floor":13,"key":"SMITH"},{"data":"Flex","floor":15,"key":"SMITH"},{"floor":24,"key":"REST"}],"circlet_count":0,"master_deck":["Strike_R","Strike_R","Strike_R+1","Defend_R","Defend_R","Defend_R","Defend_R","Bash+1","Flame Barrier","Rampage","Cleave","Shrug It Off","Flex","Flex+1","Shrug It Off","Reaper","Shockwave","Iron Wave","StuffTheSpire:CuriosityCurse","infinitespire:OneForAll","Pot Of Greed","Pot Of Greed","Twin Strike"],"relics":["Burning Blood","Replay:Bottled Snecko","Bag of Marbles","Bottled Lightning","Replay:Bandana","hubris:Icosahedron","ReplayTheSpireMod:Lightbulb","Bag of Preparation","Pantograph","Grinning Jar"],"acts_visited":["Exordium","TheCity"],"potions_floor_usage":[5,16,16,16,25,28],"damage_taken":[{"damage":6,"enemies":"2 Louse","floor":1,"turns":3},{"damage":3,"enemies":"conspire:RoseBush","floor":2,"turns":4},{"damage":2,"enemies":"Small Slimes","floor":5,"turns":3},{"damage":0,"enemies":"Replay:BlueRogue","floor":6,"turns":4},{"damage":6,"enemies":"Looter","floor":7,"turns":3},{"damage":15,"enemies":"3 Sentries","floor":8,"turns":8},{"damage":3,"enemies":"Exordium Thugs","floor":14,"turns":3},{"damage":28,"enemies":"Hexaghost","floor":16,"turns":7},{"damage":0,"enemies":"3 Byrds","floor":18,"turns":3},{"damage":55,"enemies":"Gremlin Leader","floor":23,"turns":7},{"damage":12,"enemies":"Shell Parasite","floor":25,"turns":5},{"damage":31,"enemies":"Cultist and Chosen","floor":27,"turns":8},{"damage":4,"enemies":"3 Cultists","floor":28,"turns":3},{"damage":13,"enemies":"conspire:HollyBat","floor":29,"turns":9},{"damage":37,"enemies":"Sentry and Sphere","floor":30,"turns":6},{"damage":30,"enemies":"Book of Stabbing","floor":31,"turns":5}],"seed_played":"7067006304583513058","potions_obtained":[{"floor":2,"key":"Guardian:BlockOnCardUsePotion"},{"floor":7,"key":"Milkshake"},{"floor":8,"key":"Explosive Potion"},{"floor":14,"key":"champ:CounterPotion"},{"floor":23,"key":"Flashbang"},{"floor":27,"key":"Explosive Potion"}],"is_trial":false,"path_per_floor":["M","M","?","$","M","E","M","E","T","$","?","?","R","M","R","B",null,"M","?","$","?","$","E","R","M","T","M","M","M","M","E"],"character_chosen":"IRONCLAD","items_purchased":["Bag of Marbles","Flex","Iron Wave"],"campfire_rested":1,"item_purchase_floors":[4,10,20],"current_hp_per_floor":[72,75,75,75,79,80,80,71,71,71,71,71,71,74,74,52,73,80,80,80,80,80,31,55,49,49,30,49,46,15,0,0],"gold":206,"neow_bonus":"RANDOM_EVENT","is_daily":false,"chose_seed":false,"campfire_upgraded":2,"win_rate":0.0,"timestamp":1609831914,"path_taken":["M","M","?","$","M","E","M","E","T","$","?","?","R","?","R","BOSS","M","?","?","?","$","E","R","M","T","?","M","M","M","E"],"items_purchased_type":["Relic","Card","Card"],"build_version":"2020-12-22","purchased_purges":1,"victory":false,"max_hp_per_floor":[80,80,80,80,80,80,80,80,80,80,80,80,80,80,80,80,80,80,80,80,80,80,80,80,80,80,80,80,80,80,80,80],"card_choices":[{"not_picked":["ReplayTheSpireMod:Muscle Training","Carnage","Spot Weakness"],"picked":"SKIP","floor":1},{"not_picked":["Armaments","Heavy Blade"],"picked":"Flame Barrier","floor":2},{"not_picked":["Body Slam","Havoc"],"picked":"Rampage","floor":3},{"not_picked":["Flame Barrier","Burning Pact","Headbutt"],"picked":"SKIP","floor":5},{"not_picked":["ReplayTheSpireMod:LeadingStrike","hubris:ReadiedAction","Body Slam"],"picked":"SKIP","floor":6},{"not_picked":["StuffTheSpire:RagingBull","Clash"],"picked":"Cleave","floor":7},{"not_picked":["Pummel","StuffTheSpire:Resist"],"picked":"Shrug It Off","floor":8},{"not_picked":["ReplayTheSpireMod:Strike From Hell","StuffTheSpire:RagingBull"],"picked":"Shrug It Off","floor":14},{"not_picked":["Barricade","Hemogenesis"],"picked":"Reaper","floor":16},{"not_picked":["Armaments","Seeing Red"],"picked":"Shockwave","floor":18},{"not_picked":["Body Slam+1","conspire:Charge","Dark Embrace+1"],"picked":"SKIP","floor":23},{"not_picked":["Body Slam+1","Pommel Strike"],"picked":"infinitespire:OneForAll","floor":25},{"not_picked":["Entrench","True Grit+1","Feel No Pain+1"],"picked":"SKIP","floor":27},{"not_picked":["Clash","Abandon+1"],"picked":"Twin Strike","floor":28},{"not_picked":["Wild Strike","Reaper","Metallicize"],"picked":"SKIP","floor":29},{"not_picked":["ReplayTheSpireMod:Stacked+1","Armaments+1","ReplayTheSpireMod:Muscle Training"],"picked":"SKIP","floor":30}],"player_experience":1055863,"relics_obtained":[{"floor":3,"key":"Replay:Bottled Snecko"},{"floor":6,"key":"Bottled Lightning"},{"floor":8,"key":"Replay:Bandana"},{"floor":23,"key":"Pantograph"},{"floor":26,"key":"Grinning Jar"}],"event_choices":[{"cards_removed":["Strike_R"],"damage_healed":0,"gold_gain":0,"player_choice":"Offered Basic","damage_taken":0,"max_hp_gain":0,"max_hp_loss":0,"event_name":"Bonfire Elementals","floor":12,"gold_loss":0},{"damage_healed":0,"gold_gain":0,"player_choice":"Paid Gold","damage_taken":0,"relics_obtained":["ReplayTheSpireMod:Lightbulb"],"max_hp_gain":0,"max_hp_loss":0,"event_name":"WeMeetAgain","floor":19,"gold_loss":103}],"is_beta":false,"boss_relics":[{"not_picked":["Abe\u0027s Treasure","energizedSpire:StickyHand","Electric Blood"]}],"items_purged_floors":[20],"is_endless":false,"potions_floor_spawned":[2,7,8,14,23,27],"killed_by":"Book of Stabbing","ascension_level":7}}