{"host":"omv42op7s93bjjql","time":1609862325,"event":{"mods":["BaseMod","Colored Map","Colored Powertips","DeckTracker","Keyboard Shortcuts","Minty Spire (QoL Compilation)","StSLib","SuperFastMode"],"gold_per_floor":[112,112,73,148,148,175,175,201,201,234,251,269,281,300,300,373,373,385,27,41,52,52,52,52],"floor_reached":23,"playtime":735,"items_purged":[],"score":522,"play_id":"eb7fc849-9bc0-4226-bd78-79c5dc8161d1","local_time":"20210106005845","is_ascension_mode":true,"campfire_choices":[{"data":"Cloak And Dagger","floor":7,"key":"SMITH"},{"data":"Blade Dance","floor":15,"key":"SMITH"}],"circlet_count":0,"master_deck":["AscendersBane","Strike_G","Strike_G","Strike_G","Strike_G","Defend_G","Defend_G","Defend_G","Defend_G","Defend_G","Survivor","Neutralize","Dagger Spray","Dash","Cloak And Dagger+1","Finisher","Blade Dance+1","PiercingWail","Cloak And Dagger","Heel Hook","Venomology","Infinite Blades"],"relics":["Ring of the Snake","NeowsBlessing","Blood Vial","White Beast Statue","Orichalcum","Regal Pillow","Busted Crown","Paper Crane"],"acts_visited":["Exordium","TheCity"],"potions_floor_usage":[10,10,13,14,16,16,18,18,20,20,23,23,23],"damage_taken":[{"damage":0,"enemies":"Small Slimes","floor":1,"turns":1},{"damage":0,"enemies":"Gremlin Nob","floor":6,"turns":1},{"damage":0,"enemies":"Lagavulin","floor":8,"turns":1},{"damage":2,"enemies":"3 Sentries","floor":10,"turns":4},{"damage":0,"enemies":"Cultist","floor":11,"turns":3},{"damage":0,"enemies":"2 Louse","floor":12,"turns":2},{"damage":6,"enemies":"Lots of Slimes","floor":13,"turns":3},{"damage":14,"enemies":"Exordium Thugs","floor":14,"turns":4},{"damage":20,"enemies":"Hexaghost","floor":16,"turns":10},{"damage":19,"enemies":"Shell Parasite","floor":18,"turns":4},{"damage":25,"enemies":"Chosen","floor":20,"turns":4},{"damage":3,"enemies":"Centurion and Healer","floor":21,"turns":7},{"damage":17,"enemies":"Book of Stabbing","floor":23,"turns":4}],"seed_played":"-4461674821746956175","potions_obtained":[{"floor":1,"key":"AttackPotion"},{"floor":5,"key":"SkillPotion"},{"floor":6,"key":"Fire Potion"},{"floor":10,"key":"Swift Potion"},{"floor":11,"key":"Strength Potion"},{"floor":13,"key":"Weak Potion"},{"floor":14,"key":"SkillPotion"},{"floor":16,"key":"Strength Potion"},{"floor":18,"key":"LiquidMemories"},{"floor":20,"key":"LiquidBronze"},{"floor":21,"key":"Poison Potion"}],"is_trial":false,"path_per_floor":["M","?","$","?","?","E","R","E","T","E","M","M","M","M","R","B",null,"M","$","M","M","$","E"],"character_chosen":"THE_SILENT","items_purchased":["Dash","Paper Crane","Infinite Blades"],"campfire_rested":0,"item_purchase_floors":[3,19,19],"current_hp_per_floor":[59,59,59,48,48,48,48,50,50,50,52,54,50,38,38,20,55,38,38,15,14,14,0,0],"gold":52,"neow_bonus":"THREE_ENEMY_KILL","is_daily":false,"chose_seed":false,"campfire_upgraded":2,"win_rate":0.0,"timestamp":1609862325,"path_taken":["M","?","?","?","?","E","R","E","T","E","M","M","M","M","R","BOSS","M","$","M","M","?","E"],"items_purchased_type":["Card","Relic","Card"],"build_version":"2020-12-22","purchased_purges":0,"victory":false,"max_hp_per_floor":[66,66,66,66,66,66,66,66,66,66,66,66,66,66,66,66,66,66,66,66,66,66,66,66],"card_choices":[{"not_picked":["Catalyst","Backflip"],"picked":"Dagger Spray","floor":1},{"not_picked":["Outmaneuver","Bullet Time"],"picked":"Cloak And Dagger","floor":6},{"not_picked":["Dagger Throw","Heel Hook"],"picked":"Finisher","floor":8},{"not_picked":["Noxious Fumes","Dagger Throw"],"picked":"Blade Dance","floor":10},{"not_picked":["Deadly Poison","Eviscerate"],"picked":"PiercingWail","floor":11},{"not_picked":["Endless Agony","Predator","Deflect"],"picked":"SKIP","floor":12},{"not_picked":["Prepared","Quick Slash"],"picked":"Cloak And Dagger","floor":13},{"not_picked":["Dagger Throw","Choke"],"picked":"Heel Hook","floor":14},{"not_picked":["Glass Knife","Die Die Die"],"picked":"Venomology","floor":16},{"not_picked":["Deadly Poison"],"picked":"SKIP","floor":18},{"not_picked":["Bane"],"picked":"SKIP","floor":20},{"not_picked":["Deadly Poison"],"picked":"SKIP","floor":21}],"player_experience":845904,"relics_obtained":[{"floor":6,"key":"Blood Vial"},{"floor":8,"key":"White Beast Statue"},{"floor":9,"key":"Orichalcum"},{"floor":10,"key":"Regal Pillow"}],"event_choices":[{"cards_removed":["Strike_G"],"damage_healed":0,"gold_gain":0,"player_choice":"Purged","damage_taken":0,"max_hp_gain":0,"max_hp_loss":0,"event_name":"Purifier","floor":2,"gold_loss":0},{"damage_healed":0,"gold_gain":75,"player_choice":"Gather Gold","damage_taken":11,"max_hp_gain":0,"max_hp_loss":0,"event_name":"World of Goop","floor":4,"gold_loss":0},{"damage_healed":0,"gold_gain":0,"player_choice":"Got Potions","damage_taken":0,"max_hp_gain":0,"max_hp_loss":0,"event_name":"Lab","floor":5,"gold_loss":0}],"is_beta":false,"boss_relics":[{"not_picked":["Runic Dome","Fusion Hammer"],"picked":"Busted Crown"}],"items_purged_floors":[],"is_endless":false,"potions_floor_spawned":[1,6,10,11,12,13,14,16,18,20,21],"killed_by":"Book of Stabbing","ascension_level":20}}