{"host":"w7o06k3e8uel8euj","time":1609837121,"event":{"mods":["AchievementEnabler","BaseMod","Colored Powertips","Custom Start","DeckTracker","Keyboard Shortcuts","Minty Spire (QoL Compilation)","Quick Restart","Relic Stats","StSLib","SuperFastMode","everything is the same but u backflip on backflip"],"gold_per_floor":[113,113,288,302,176,202,202,228,228,249,262,162,162,162,162,292,292,306,320,77,90,106,106,146,146,172,208,11,25,25,38,38,161,161,176,509,298,317,331,331,366,386,386,436,469,469,495,506,506,506,506,506,456,481,481],"floor_reached":56,"playtime":1807,"items_purged":["Doubt","Strike_G","Defend_G","Defend_G","Defend_G"],"score":2301,"play_id":"546d8d45-a386-4954-b4a4-1fe7924e8490","local_time":"20210105175841","is_ascension_mode":true,"campfire_choices":[{"data":"Blade Dance","floor":13.0,"key":"SMITH"},{"floor":15.0,"key":"REST"},{"data":"Reflex","floor":23.0,"key":"SMITH"},{"data":"Tactician","floor":25.0,"key":"SMITH"},{"floor":30.0,"key":"REST"},{"floor":32.0,"key":"REST"},{"data":"Reflex","floor":40.0,"key":"SMITH"},{"data":"Well Laid Plans","floor":49,"key":"SMITH"},{"data":"After Image","floor":52,"key":"SMITH"}],"circlet_count":0,"master_deck":["AscendersBane","Strike_G+1","Defend_G+1","Survivor","Neutralize+1","Sucker Punch+1","After Image+1","Blade Dance+1","Escape Plan","Quick Slash+1","Dagger Spray+1","After Image","Sucker Punch+1","Terror+1","Calculated Gamble+1","Backflip+1","Reflex+1","Prepared+1","Tactician+1","Well Laid Plans+1","Escape Plan","Reflex+1","Blur+1","Tactician+1"],"relics":["Ring of the Snake","NeowsBlessing","Snake Skull","Odd Mushroom","Molten Egg 2","Astrolabe","Shuriken","Paper Crane","Smiling Mask","Whetstone","Membership Card","Coffee Dripper","Medical Kit","Blue Candle","Sundial","Tough Bandages","Ornamental Fan","Boot","Bag of Marbles"],"acts_visited":["Exordium","TheCity","TheBeyond","TheEnding"],"potions_floor_usage":[55,55],"damage_taken":[{"damage":0.0,"enemies":"2 Louse","floor":1.0,"turns":2.0},{"damage":0.0,"enemies":"Small Slimes","floor":4.0,"turns":1.0},{"damage":0.0,"enemies":"Gremlin Nob","floor":6.0,"turns":1.0},{"damage":17.0,"enemies":"The Mushroom Lair","floor":8.0,"turns":5.0},{"damage":0.0,"enemies":"Jaw Worm","floor":10.0,"turns":3.0},{"damage":6.0,"enemies":"3 Louse","floor":11.0,"turns":3.0},{"damage":26.0,"enemies":"Slime Boss","floor":16.0,"turns":10.0},{"damage":1.0,"enemies":"Chosen","floor":18.0,"turns":4.0},{"damage":13.0,"enemies":"Shell Parasite","floor":19.0,"turns":5.0},{"damage":11.0,"enemies":"Sentry and Sphere","floor":21.0,"turns":4.0},{"damage":5.0,"enemies":"Cultist and Chosen","floor":22.0,"turns":3.0},{"damage":4.0,"enemies":"Book of Stabbing","floor":24.0,"turns":5.0},{"damage":3.0,"enemies":"Gremlin Leader","floor":27.0,"turns":7.0},{"damage":13.0,"enemies":"3 Cultists","floor":29.0,"turns":5.0},{"damage":0.0,"enemies":"Centurion and Healer","floor":31.0,"turns":5.0},{"damage":0.0,"enemies":"Champ","floor":33.0,"turns":8.0},{"damage":0.0,"enemies":"Orb Walker","floor":35.0,"turns":2.0},{"damage":50.0,"enemies":"3 Shapes","floor":38.0,"turns":4.0},{"damage":12.0,"enemies":"Jaw Worm Horde","floor":39.0,"turns":4.0},{"damage":0.0,"enemies":"Giant Head","floor":41.0,"turns":4.0},{"damage":0.0,"enemies":"Spire Growth","floor":42.0,"turns":4.0},{"damage":2,"enemies":"2 Orb Walkers","floor":44,"turns":4},{"damage":3,"enemies":"Nemesis","floor":45,"turns":5},{"damage":0,"enemies":"Giant Head","floor":47,"turns":4},{"damage":0,"enemies":"Sphere and 2 Shapes","floor":48,"turns":4},{"damage":0,"enemies":"Awakened One","floor":50,"turns":8},{"damage":0,"enemies":"Shield and Spear","floor":54,"turns":5},{"damage":0,"enemies":"The Heart","floor":55,"turns":6}],"seed_played":"4857667568726494487","potions_obtained":[{"floor":6.0,"key":"PowerPotion"},{"floor":8.0,"key":"FearPotion"},{"floor":11.0,"key":"EntropicBrew"},{"floor":18.0,"key":"SkillPotion"},{"floor":27.0,"key":"Poison Potion"},{"floor":54,"key":"PowerPotion"}],"is_trial":false,"path_per_floor":["M","?","?","M","$","E","?","?","T","M","M","$","R","?","R","B",null,"M","M","$","M","M","R","E","R","T","E","$","M","R","M","R","B",null,"M","?","$","M","M","R","E","M","T","?","E","?","E","M","R","B",null,"R","$","E","B",null],"character_chosen":"THE_SILENT","items_purchased":["Blade Dance","Shuriken","Membership Card","Well Laid Plans","Medical Kit","Escape Plan","Swift Potion"],"campfire_rested":3,"item_purchase_floors":[5,20,28,37,37,37,37],"current_hp_per_floor":[63,49,49,49,49,49,49,32,32,32,26,26,26,19,38,27,56,55,42,42,31,26,26,22,22,22,19,19,6,25,25,44,44,60,60,60,60,10,18,18,18,18,18,16,13,13,13,13,13,13,52,52,52,52,52],"gold":481,"neow_bonus":"THREE_ENEMY_KILL","is_daily":false,"chose_seed":false,"campfire_upgraded":6,"win_rate":0.0,"timestamp":1609837121,"path_taken":["M","?","?","M","$","E","?","?","T","M","M","$","R","?","R","BOSS","M","M","$","M","M","R","E","R","T","E","$","M","R","M","R","BOSS","M","?","$","M","M","R","E","M","T","?","E","?","E","M","R","BOSS","R","$","E","BOSS"],"items_purchased_type":["Card","Relic","Relic","Card","Relic","Card","Potion"],"build_version":"2020-12-22","purchased_purges":5,"victory":true,"max_hp_per_floor":[70,70,70,70,70,70,65,65,65,65,65,65,65,65,65,65,65,65,65,65,65,65,65,65,65,65,65,65,65,65,65,65,65,65,65,65,65,65,65,65,65,65,65,65,65,65,65,65,65,65,65,65,65,65,65],"relic_stats":{"counters":[28,125],"Astrolabe":["Sucker Punch","Terror","Calculated Gamble"],"Blue Candle":[0],"Snake Skull":[0],"Whetstone":["Neutralize","Sucker Punch"],"Smiling Mask":76,"Medical Kit":[14],"Boot":[14],"Tough Bandages":[669],"Shuriken":[110],"Sundial":[26],"Ornamental Fan":[172],"obtain_stats":[{"NeowsBlessing":0,"Golden Idol":7,"Astrolabe":17,"Blue Candle":41,"Snake Skull":6,"Whetstone":27,"Odd Mushroom":8,"Paper Crane":24,"Smiling Mask":26,"Medical Kit":37,"Boot":47,"Tough Bandages":44,"Shuriken":20,"Sundial":43,"Ornamental Fan":45,"Molten Egg 2":9,"Coffee Dripper":34,"Bag of Marbles":54,"Membership Card":28,"Ring of the Snake":0},{"NeowsBlessing":0,"Golden Idol":3,"Astrolabe":7,"Blue Candle":20,"Snake Skull":3,"Whetstone":13,"Odd Mushroom":4,"Paper Crane":12,"Smiling Mask":12,"Medical Kit":17,"Boot":24,"Tough Bandages":22,"Shuriken":9,"Sundial":21,"Ornamental Fan":23,"Molten Egg 2":4,"Coffee Dripper":16,"Bag of Marbles":27,"Membership Card":13,"Ring of the Snake":0},{"NeowsBlessing":0,"Golden Idol":4,"Astrolabe":25,"Blue Candle":85,"Snake Skull":4,"Whetstone":53,"Odd Mushroom":9,"Paper Crane":46,"Smiling Mask":46,"Medical Kit":73,"Boot":102,"Tough Bandages":93,"Shuriken":34,"Sundial":89,"Ornamental Fan":98,"Molten Egg 2":9,"Coffee Dripper":71,"Bag of Marbles":119,"Membership Card":53,"Ring of the Snake":0}],"Ring of the Snake":[56]},"card_choices":[{"not_picked":["Outmaneuver","Flying Knee"],"picked":"Sucker Punch","floor":1.0},{"not_picked":["Quick Slash","Expertise"],"picked":"After Image","floor":4.0},{"not_picked":["Sucker Punch","Distraction"],"picked":"Escape Plan","floor":6.0},{"not_picked":["Bane+1","Eviscerate+1"],"picked":"Quick Slash+1","floor":10.0},{"not_picked":["Bane+1","Dagger Throw+1"],"picked":"Dagger Spray+1","floor":11.0},{"not_picked":["Burst","Adrenaline"],"picked":"After Image","floor":16.0},{"not_picked":["Leg Sweep","Underhanded Strike+1"],"picked":"Backflip+1","floor":18.0},{"not_picked":["Dagger Spray+1","Leg Sweep"],"picked":"Reflex","floor":19.0},{"not_picked":["Sucker Punch+1","Blur+1"],"picked":"Prepared+1","floor":21.0},{"not_picked":["Noxious Fumes","Dagger Spray+1","Flying Knee+1"],"picked":"SKIP","floor":22.0},{"not_picked":["Deflect","Flechettes+1"],"picked":"Tactician","floor":24.0},{"not_picked":["Underhanded Strike+1","Skewer+1","Backflip"],"picked":"SKIP","floor":27.0},{"not_picked":["Poisoned Stab+1","Quick Slash+1","Deadly Poison"],"picked":"SKIP","floor":29.0},{"not_picked":["Skewer+1","Malaise","Catalyst"],"picked":"SKIP","floor":31.0},{"not_picked":["Predator+1","Bane+1","Catalyst"],"picked":"SKIP","floor":35.0},{"not_picked":["Noxious Fumes+1","Flechettes+1","Backflip+1"],"picked":"SKIP","floor":38.0},{"not_picked":["Catalyst+1","Quick Slash+1"],"picked":"Reflex","floor":39.0},{"not_picked":["Dodge and Roll","Backstab+1","Slice+1"],"picked":"SKIP","floor":41.0},{"not_picked":["Acrobatics+1","Outmaneuver+1"],"picked":"Blur+1","floor":42},{"not_picked":["Crippling Poison","Blade Dance+1","Endless Agony+1"],"picked":"SKIP","floor":45},{"not_picked":["Expertise+1","Underhanded Strike+1"],"picked":"Tactician+1","floor":47},{"not_picked":["Slice+1","Dodge and Roll+1","Backstab+1"],"picked":"SKIP","floor":48},{"not_picked":["Flying Knee+1","Backstab+1","Leg Sweep"],"picked":"SKIP","floor":54}],"player_experience":578107,"relics_obtained":[{"floor":6.0,"key":"Snake Skull"},{"floor":8.0,"key":"Odd Mushroom"},{"floor":9.0,"key":"Molten Egg 2"},{"floor":24.0,"key":"Paper Crane"},{"floor":26.0,"key":"Smiling Mask"},{"floor":27.0,"key":"Whetstone"},{"floor":41.0,"key":"Blue Candle"},{"floor":43,"key":"Sundial"},{"floor":44,"key":"Tough Bandages"},{"floor":45,"key":"Ornamental Fan"},{"floor":47,"key":"Boot"},{"floor":54,"key":"Bag of Marbles"}],"event_choices":[{"damage_healed":0.0,"max_hp_gain":0.0,"max_hp_loss":0.0,"gold_gain":0.0,"event_name":"Shining Light","player_choice":"Entered Light","floor":2.0,"gold_loss":0.0,"damage_taken":14.0,"cards_upgraded":["Defend_G","Strike_G"]},{"damage_healed":0.0,"max_hp_gain":0.0,"max_hp_loss":0.0,"gold_gain":175.0,"event_name":"Liars Game","player_choice":"AGREE","floor":3.0,"gold_loss":0.0,"damage_taken":0.0,"cards_obtained":["Doubt"]},{"damage_healed":0.0,"max_hp_gain":0.0,"max_hp_loss":5.0,"gold_gain":0.0,"event_name":"Golden Idol","player_choice":"Lose Max HP","floor":7.0,"gold_loss":0.0,"damage_taken":0.0,"relics_obtained":["Golden Idol"]},{"damage_healed":0.0,"max_hp_gain":0.0,"max_hp_loss":0.0,"gold_gain":0.0,"event_name":"Mushrooms","player_choice":"Fought Mushrooms","floor":8.0,"gold_loss":0.0,"damage_taken":0.0},{"cards_removed":["Defend_G"],"damage_healed":0.0,"max_hp_gain":0.0,"max_hp_loss":0.0,"gold_gain":0.0,"event_name":"Golden Wing","player_choice":"Card Removal","floor":14.0,"gold_loss":0.0,"damage_taken":7.0},{"damage_healed":0.0,"max_hp_gain":0.0,"max_hp_loss":0.0,"gold_gain":333.0,"event_name":"The Moai Head","player_choice":"Gave Idol","floor":36.0,"relics_lost":["Golden Idol"],"gold_loss":0.0,"damage_taken":0.0},{"damage_healed":0,"gold_gain":0,"player_choice":"Fight","damage_taken":0,"max_hp_gain":0,"max_hp_loss":0,"event_name":"Mysterious Sphere","floor":44,"gold_loss":0},{"damage_healed":0,"gold_gain":0,"player_choice":"Ignored","damage_taken":0,"max_hp_gain":0,"max_hp_loss":0,"event_name":"Tomb of Lord Red Mask","floor":46,"gold_loss":0}],"is_beta":false,"boss_relics":[{"not_picked":["Velvet Choker","Snecko Eye"],"picked":"Astrolabe"},{"not_picked":["Busted Crown","Ring of the Serpent"],"picked":"Coffee Dripper"}],"items_purged_floors":[5,12,28,37,53],"is_endless":false,"potions_floor_spawned":[6,8,11,18,22,27,31,33,41,42,44,48,54],"ascension_level":11}}