{"host":"l84l8xigz5v5foa2","time":1609886530,"event":{"mods":["2.2 Compatiblity","AchievementEnabler","BaseMod","Better Note","Better Vampires","Card Filter","Colored Map","DeckTracker","Downfall","Gremlin Skip","Highlight Path","Keyboard Shortcuts","Minty Spire (QoL Compilation)","Permanent Neow","Quick Restart","Relic Filter","Relic Stats","StSLib","SuperFastMode","Transform Curses","Unknown Chances"],"gold_per_floor":[0,16,35,49,49,74,74,8,8,40,60,60,84,184,198,271,271,196,211,226,238,238,238,261,290,215,230,230,180,280,297,307,378,378,378,398,408,421,40,80,105,105,105,127,137,62,342,374,384,384,384,418,120,120,120],"floor_reached":56,"playtime":4045,"items_purged":["hexamod:Strike","hexamod:Sear+1","hexamod:Strike+1"],"score":2243,"play_id":"afe4f63c-6888-4a8e-bcbd-62e3ce498236","local_time":"20210106074210","is_ascension_mode":true,"campfire_choices":[{"data":"hexamod:Float","floor":1.0,"key":"SMITH"},{"data":"hexamod:FastForward","floor":9.0,"key":"SMITH"},{"data":"expansioncontent:StudyTheSpire","floor":12.0,"key":"SMITH"},{"data":"hexamod:GhostOfSpirePast","floor":18.0,"key":"SMITH"},{"floor":23.0,"key":"RECALL"},{"data":"hexamod:ShieldOfDarkness","floor":26.0,"key":"SMITH"},{"data":"hexamod:ThermalTransfer","floor":28.0,"key":"SMITH"},{"data":"hexamod:Defend","floor":35.0,"key":"SMITH"},{"data":"hexamod:Rewind","floor":46,"key":"SMITH"},{"data":"hexamod:PhantomCloak","floor":54,"key":"SMITH"}],"circlet_count":0,"master_deck":["AscendersBane","hexamod:Strike+1","hexamod:Defend+1","hexamod:Defend+1","hexamod:Defend+1","hexamod:Defend+1","hexamod:Float+1","expansioncontent:StudyTheSpire+1","hexamod:FastForward+1","hexamod:GhostOfSpireFuture+1","hexamod:TimeWarp+1","hexamod:StepThrough+1","hexamod:HauntingEcho+1","hexamod:NightmareGuise+1","hexamod:StepThrough+1","Slimebound:Icky","hexamod:GhostOfSpirePast+1","hexamod:SpectersWail+1","hexamod:ShieldOfDarkness+1","hexamod:AdvancingGuard+1","hexamod:Hexaguard+1","hexamod:ThermalTransfer+1","hexamod:GhostOfSpirePast","hexamod:RecurringNightmare+1","hexamod:Rewind+1","hexamod:ThirdSeal","hexamod:HauntingEcho","hexamod:TimeOfNeed","hexamod:PhantomCloak+1"],"relics":["hexamod:SpiritBrand","Nunchaku","InkBottle","Mercury Hourglass","Odd Mushroom","hexamod:IceCube","downfall:HeartBlessingGreen","Juzu Bracelet","Bag of Preparation","downfall:HeartBlessingRed","Toy Ornithopter","sneckomod:SneckoTalon","Membership Card","Mummified Hand","hexamod:TheBrokenSeal","champ:DuelingGlove","hexamod:TheBrokenSeal","downfall:HeartBlessingBlue","Strawberry","Bird Faced Urn","Oddly Smooth Stone","Toolbox"],"acts_visited":["Exordium","TheCity","TheBeyond","TheEnding"],"potions_floor_usage":[37,39,39,55,55],"damage_taken":[{"damage":0.0,"enemies":"Cultist","floor":2.0,"turns":3.0},{"damage":1.0,"enemies":"Jaw Worm","floor":3.0,"turns":4.0},{"damage":0.0,"enemies":"2 Louse","floor":4.0,"turns":3.0},{"damage":33.0,"enemies":"Gremlin Nob","floor":6.0,"turns":6.0},{"damage":0.0,"enemies":"downfall:FleeingMerchant","floor":8.0,"turns":4.0},{"damage":2.0,"enemies":"Lagavulin","floor":10.0,"turns":7.0},{"damage":0.0,"enemies":"Large Slime","floor":11.0,"turns":4.0},{"damage":0.0,"enemies":"The Mushroom Lair","floor":13.0,"turns":4.0},{"damage":0.0,"enemies":"3 Louse","floor":15.0,"turns":4.0},{"damage":25.0,"enemies":"downfall:Defect","floor":16.0,"turns":5.0},{"damage":1.0,"enemies":"Spheric Guardian","floor":19.0,"turns":5.0},{"damage":11.0,"enemies":"Shell Parasite","floor":20.0,"turns":5.0},{"damage":6.0,"enemies":"Snake Plant","floor":21.0,"turns":4.0},{"damage":27.0,"enemies":"Gremlin Leader","floor":25.0,"turns":6.0},{"damage":0.0,"enemies":"Sentry and Sphere","floor":27.0,"turns":5.0},{"damage":11.0,"enemies":"downfall:LadyInBlue","floor":30.0,"turns":5.0},{"damage":8.0,"enemies":"Centurion and Healer","floor":31.0,"turns":3.0},{"damage":0.0,"enemies":"Snecko","floor":32.0,"turns":2.0},{"damage":0.0,"enemies":"downfall:Watcher","floor":33.0,"turns":10.0},{"damage":4.0,"enemies":"Orb Walker","floor":36.0,"turns":4.0},{"damage":1,"enemies":"3 Darklings","floor":37,"turns":5},{"damage":21,"enemies":"Sphere and 2 Shapes","floor":38,"turns":5},{"damage":9,"enemies":"downfall:FleeingMerchant","floor":39,"turns":4},{"damage":0,"enemies":"Mind Bloom Boss Battle","floor":40,"turns":7},{"damage":0,"enemies":"Maw","floor":44,"turns":6},{"damage":0,"enemies":"4 Shapes","floor":45,"turns":4},{"damage":0,"enemies":"downfall:FleeingMerchant","floor":47,"turns":4},{"damage":0,"enemies":"Giant Head","floor":48,"turns":4},{"damage":0,"enemies":"Jaw Worm Horde","floor":49,"turns":3},{"damage":4,"enemies":"downfall:Ironclad","floor":50,"turns":6},{"damage":35,"enemies":"downfall:CharBossMerchant","floor":52,"turns":6},{"damage":16,"enemies":"downfall:NeowBoss","floor":55,"turns":17}],"seed_played":"5854926584141650920","potions_obtained":[{"floor":2.0,"key":"SteroidPotion"},{"floor":3.0,"key":"DuplicationPotion"},{"floor":10.0,"key":"Dexterity Potion"},{"floor":11.0,"key":"SkillPotion"},{"floor":19.0,"key":"hexamod:DoubleChargePotion"},{"floor":30.0,"key":"Energy Potion"},{"floor":30.0,"key":"SmokeBomb"},{"floor":31.0,"key":"Swift Potion"},{"floor":33.0,"key":"Dexterity Potion"},{"floor":37,"key":"hexamod:InfernoChargePotion"},{"floor":39,"key":"FairyPotion"},{"floor":39,"key":"hexamod:EctoCoolerPotion"},{"floor":40,"key":"Ancient Potion"}],"is_trial":false,"path_per_floor":["R","M","M","M","?","E","T","$","R","E","M","R","?","?","M","B",null,"R","M","M","M","?","R","T","E","R","M","R","?","?","M","M","B",null,"R","M","M","M","$","?","T","?","?","M","M","R","$","E","M","B",null,"E","$","R","B",null],"character_chosen":"THE_SPIRIT","items_purchased":["hexamod:HauntingEcho","Membership Card","Mummified Hand","hexamod:Rewind","Oddly Smooth Stone","Toolbox","hexamod:PhantomCloak","ColorlessPotion"],"campfire_rested":0,"item_purchase_floors":[8,39,39,39,53,53,53,53],"current_hp_per_floor":[57,57,56,56,61,28,28,28,28,26,26,26,33,33,33,15,55,55,61,50,51,51,51,51,31,31,38,38,68,64,67,68,68,68,68,68,68,54,68,78,78,78,68,88,88,98,98,105,105,101,104,69,69,69,77],"gold":120,"neow_bonus":"RANDOM_COLORLESS_2","is_daily":false,"chose_seed":false,"campfire_upgraded":9,"win_rate":0.0,"timestamp":1609886530,"path_taken":["R","M","M","?","?","E","T","?","R","E","?","R","?","?","M","BOSS","R","M","M","M","?","R","T","E","R","M","R","?","?","M","M","BOSS","R","M","M","M","$","?","T","?","?","M","M","R","$","E","M","BOSS","E","$","R","BOSS"],"items_purchased_type":["Card","Relic","Relic","Card","Relic","Relic","Card","Potion"],"build_version":"2020-12-22","purchased_purges":3,"victory":true,"max_hp_per_floor":[63,63,63,63,68,68,68,68,68,68,68,68,68,68,68,68,68,68,68,68,68,68,68,68,68,68,68,68,68,68,68,68,68,68,68,68,68,68,68,78,78,78,78,88,88,98,98,105,105,105,105,105,105,105,105],"relic_stats":{"Nunchaku":[39],"counters":[32,161],"Mummified Hand":[61],"Bird Faced Urn":[14],"Juzu Bracelet":1,"Bag of Preparation":[36],"obtain_stats":[{"champ:DuelingGlove":40,"downfall:HeartBlessingRed":26,"hexamod:TheBrokenSeal":40,"Oddly Smooth Stone":53,"downfall:HeartBlessingGreen":18,"Juzu Bracelet":24,"Bag of Preparation":25,"Odd Mushroom":13,"sneckomod:SneckoTalon":34,"Mercury Hourglass":10,"Nunchaku":6,"Mummified Hand":39,"downfall:HeartBlessingBlue":46,"Strawberry":48,"Bird Faced Urn":52,"Toolbox":53,"Membership Card":39,"hexamod:SpiritBrand":0,"InkBottle":7,"hexamod:IceCube":17,"Toy Ornithopter":30},{"champ:DuelingGlove":24,"downfall:HeartBlessingRed":14,"hexamod:TheBrokenSeal":24,"Oddly Smooth Stone":31,"downfall:HeartBlessingGreen":10,"Juzu Bracelet":13,"Bag of Preparation":14,"Odd Mushroom":8,"sneckomod:SneckoTalon":19,"Mercury Hourglass":6,"Nunchaku":4,"Mummified Hand":23,"downfall:HeartBlessingBlue":26,"Strawberry":28,"Bird Faced Urn":31,"Toolbox":31,"Membership Card":23,"hexamod:SpiritBrand":0,"InkBottle":4,"hexamod:IceCube":10,"Toy Ornithopter":16},{"champ:DuelingGlove":112,"downfall:HeartBlessingRed":62,"hexamod:TheBrokenSeal":109,"Oddly Smooth Stone":144,"downfall:HeartBlessingGreen":42,"Juzu Bracelet":56,"Bag of Preparation":62,"Odd Mushroom":34,"sneckomod:SneckoTalon":87,"Mercury Hourglass":27,"Nunchaku":16,"Mummified Hand":105,"downfall:HeartBlessingBlue":122,"Strawberry":130,"Bird Faced Urn":144,"Toolbox":144,"Membership Card":105,"hexamod:SpiritBrand":0,"InkBottle":16,"hexamod:IceCube":42,"Toy Ornithopter":72}],"InkBottle":[86],"Toy Ornithopter":24,"Mercury Hourglass":[362]},"card_choices":[{"not_picked":["Master of Strategy","Transmutation"],"picked":"expansioncontent:StudyTheSpire","floor":0.0},{"not_picked":["hexamod:ShieldOfDarkness","hexamod:AdvancingGuard"],"picked":"hexamod:FastForward","floor":2.0},{"not_picked":["hexamod:ShieldOfDarkness","hexamod:GhostShield","hexamod:RecurringNightmare"],"picked":"SKIP","floor":3.0},{"not_picked":["hexamod:AdvancingGuard","hexamod:ThirdSeal"],"picked":"hexamod:GhostOfSpireFuture","floor":4.0},{"not_picked":["hexamod:ShieldOfDarkness","hexamod:AdvancingGuard"],"picked":"hexamod:TimeWarp","floor":6.0},{"not_picked":["hexamod:GhostLash","hexamod:SearingWound"],"picked":"hexamod:StepThrough","floor":8.0},{"not_picked":["hexamod:HeatMetal","hexamod:Firestarter"],"picked":"hexamod:NightmareGuise","floor":10.0},{"not_picked":["hexamod:SpectersWail","hexamod:HeatCrush"],"picked":"hexamod:FirstSeal","floor":11.0},{"not_picked":["hexamod:HauntingEcho","hexamod:SuperheatedStrike"],"picked":"hexamod:StepThrough","floor":13.0},{"not_picked":["hexamod:SoulSteal","hexamod:Rewind"],"picked":"hexamod:GhostOfSpirePast","floor":15.0},{"not_picked":["hexamod:CrushingStance","hexamod:EmpoweringStance"],"picked":"hexamod:SixthSeal","floor":16.0},{"not_picked":["hexamod:SwordOfDarkness","hexamod:ExtraCrispy"],"picked":"hexamod:SpectersWail","floor":19.0},{"not_picked":["hexamod:GhostLash","hexamod:RadiantFlame+1"],"picked":"hexamod:ShieldOfDarkness","floor":20.0},{"not_picked":["hexamod:Again+1","hexamod:RadiantFlame"],"picked":"hexamod:AdvancingGuard+1","floor":21.0},{"not_picked":["hexamod:BurningTouch","hexamod:Again"],"picked":"hexamod:Hexaguard","floor":25.0},{"not_picked":["hexamod:BacktrackSmack","hexamod:FlamesFromBeyond"],"picked":"hexamod:ThermalTransfer","floor":27.0},{"not_picked":["hexamod:ExtraCrispy","hexamod:GiftsFromTheDead"],"picked":"hexamod:GhostOfSpirePast","floor":30.0},{"not_picked":["hexamod:ShieldOfDarkness","hexamod:BacktrackSmack"],"picked":"hexamod:RecurringNightmare+1","floor":31.0},{"not_picked":["hexamod:HauntingEcho","hexamod:RainOfEmbers","hexamod:NightmareGuise"],"picked":"SKIP","floor":32.0},{"not_picked":["hexamod:HauntingEcho","hexamod:RainOfEmbers","hexamod:NightmareGuise"],"picked":"SKIP","floor":32.0},{"not_picked":["hexamod:HauntingEcho","hexamod:RainOfEmbers","hexamod:NightmareGuise"],"picked":"SKIP","floor":32.0},{"not_picked":["hexamod:ParanormalForm","hexamod:SixthSeal"],"picked":"hexamod:FifthSeal","floor":33.0},{"not_picked":["hexamod:BacktrackSmack","hexamod:SpectersWail","hexamod:FastForward"],"picked":"SKIP","floor":36},{"not_picked":["hexamod:FirstSeal","hexamod:FourthSeal"],"picked":"hexamod:SecondSeal","floor":37},{"not_picked":["hexamod:SwordOfDarkness","hexamod:GhostShield"],"picked":"hexamod:FifthSeal","floor":37},{"not_picked":["hexamod:GhostLash","hexamod:RainOfEmbers"],"picked":"hexamod:SixthSeal","floor":38},{"not_picked":["hexamod:SecondSeal","hexamod:SixthSeal"],"picked":"hexamod:FourthSeal","floor":38},{"not_picked":["hexamod:SixthSeal","hexamod:SecondSeal"],"picked":"hexamod:FirstSeal","floor":38},{"not_picked":["hexamod:FirstSeal","hexamod:SecondSeal"],"picked":"hexamod:ThirdSeal","floor":39},{"not_picked":["hexamod:FourthSeal","hexamod:FirstSeal"],"picked":"hexamod:SecondSeal","floor":39},{"not_picked":["hexamod:GhostOfSpireFuture+1","hexamod:ApocalypticArmor","hexamod:ThermalTransfer+1"],"picked":"SKIP","floor":39},{"not_picked":["hexamod:SpectersWail","hexamod:GhostLash+1"],"picked":"hexamod:ThirdSeal","floor":40},{"not_picked":["hexamod:FourthSeal","hexamod:FirstSeal"],"picked":"hexamod:ThirdSeal","floor":40},{"not_picked":["hexamod:ShieldOfDarkness+1","hexamod:SpectersWail","hexamod:Firestarter+1"],"picked":"SKIP","floor":44},{"not_picked":["hexamod:InspiringFlames","hexamod:SwordOfDarkness","hexamod:FlamesFromBeyond"],"picked":"SKIP","floor":44},{"not_picked":["hexamod:SuperheatedStrike","hexamod:BacktrackSmack","hexamod:HeatMetal"],"picked":"SKIP","floor":45},{"not_picked":["hexamod:DynamicBlow+1","hexamod:SkipABeat","hexamod:GhostLash"],"picked":"SKIP","floor":45},{"not_picked":["hexamod:ShieldOfDarkness","hexamod:GhostOfSpireFuture","hexamod:DynamicBlow"],"picked":"SKIP","floor":47},{"not_picked":["hexamod:ThermalTransfer","hexamod:ShieldOfDarkness+1","hexamod:RetreatToShadows"],"picked":"SKIP","floor":48},{"not_picked":["hexamod:RainOfEmbers","hexamod:GhostflameInferno","hexamod:WildfireWeapon"],"picked":"SKIP","floor":48},{"not_picked":["hexamod:SuperheatedStrike","hexamod:Hexaguard"],"picked":"hexamod:HauntingEcho","floor":49},{"not_picked":["hexamod:Firestarter","hexamod:RainOfEmbers"],"picked":"hexamod:TimeOfNeed","floor":52},{"not_picked":["hexamod:Firestarter","hexamod:StepThrough","hexamod:ShieldOfDarkness"],"picked":"SKIP","floor":52}],"player_experience":2899037,"relics_obtained":[{"floor":6.0,"key":"Nunchaku"},{"floor":7.0,"key":"InkBottle"},{"floor":10.0,"key":"Mercury Hourglass"},{"floor":13.0,"key":"Odd Mushroom"},{"floor":24.0,"key":"Juzu Bracelet"},{"floor":25.0,"key":"Bag of Preparation"},{"floor":30.0,"key":"Toy Ornithopter"},{"floor":40,"key":"champ:DuelingGlove"},{"floor":48,"key":"Strawberry"},{"floor":52,"key":"Bird Faced Urn"}],"event_choices":[{"damage_healed":0.0,"max_hp_gain":5.0,"max_hp_loss":0.0,"gold_gain":0.0,"event_name":"Big Fish","player_choice":"Donut","floor":5.0,"gold_loss":0.0,"damage_taken":0.0},{"damage_healed":0.0,"max_hp_gain":0.0,"max_hp_loss":0.0,"gold_gain":0.0,"event_name":"Mushrooms","player_choice":"Fought Mushrooms","floor":13.0,"gold_loss":0.0,"damage_taken":0.0},{"cards_removed":["hexamod:Strike"],"damage_healed":0.0,"max_hp_gain":0.0,"max_hp_loss":0.0,"gold_gain":0.0,"event_name":"Back to Basics","player_choice":"Elegance","floor":22.0,"gold_loss":0.0,"damage_taken":0.0}],"is_beta":false,"boss_relics":[{"not_picked":["Calling Bell","downfall:Hecktoplasm"],"picked":"hexamod:IceCube"},{"not_picked":["Busted Crown","Runic Pyramid"],"picked":"sneckomod:SneckoTalon"}],"items_purged_floors":[39,47,53],"is_endless":false,"potions_floor_spawned":[2,3,10,11,19,31,32,33,36,44,45,48,49],"ascension_level":20}}