{"host":"kabf61oc9jgfwufg","time":1609872285,"event":{"mods":["AchievementEnabler","Act Like it!","Aspiration","BaseMod","Conspire","GifTheSpireLib","Halation","HexUI Lib","Hubris","Infinite Spire","Lobotomy","LobotomyExtend","Minty Spire (QoL Compilation)","Pale of the Ancients","Quick Restart","Rare Cards Sparkle","Replay The Spire","Shop Mod","StSLib","The Jungle"],"gold_per_floor":[116,126,126,142,142,142,177,177,202,152,169,169,187,251,251,251,251],"floor_reached":16,"playtime":424,"items_purged":[],"score":125,"play_id":"898f3b9d-befa-4639-b18e-26c6728089e3","local_time":"20210105184445","is_ascension_mode":false,"campfire_choices":[{"data":"Eruption","floor":6,"key":"SMITH"},{"data":"EmptyFist","floor":8,"key":"SMITH"},{"floor":15,"key":"REST"}],"circlet_count":0,"master_deck":["Strike_P","Strike_P+1","Strike_P","Defend_P","Defend_P","Defend_P","Defend_P","Eruption+1","Vigilance","SpiderBud","EmptyFist+1","Alriune","Consecrate","WallGazer","EmptyBody+1","CherryBlossoms","OldLady","JustLucky","DespairKnight","EmptyBody"],"relics":["PureWater","CogitoBucket","LetterFromLob","hubris:Towel","aspiration:HummingbirdHeart","Nunchaku","Matryoshka","HellTrain","Calipers"],"acts_visited":["Exordium"],"potions_floor_usage":[7,7,16],"damage_taken":[{"damage":0,"enemies":"Small Slimes","floor":1,"turns":2},{"damage":0,"enemies":"2 Louse","floor":2,"turns":2},{"damage":1,"enemies":"Cultist","floor":4,"turns":4},{"damage":0,"enemies":"Lagavulin","floor":7,"turns":1},{"damage":2,"enemies":"Red Slaver","floor":11,"turns":2},{"damage":4,"enemies":"Looter","floor":13,"turns":5},{"damage":49,"enemies":"Lagavulin Event","floor":14,"turns":5},{"damage":68,"enemies":"Slime Boss","floor":16,"turns":3}],"seed_played":"-887610605140257350","potions_obtained":[{"floor":1,"key":"SteroidPotion"},{"floor":4,"key":"SteroidPotion"},{"floor":11,"key":"BottledMiracle"}],"is_trial":false,"path_per_floor":["M","M","?","M","?","R","E","R","T","?","M","T","M","?","R","B"],"character_chosen":"WATCHER","items_purchased":[],"campfire_rested":1,"item_purchase_floors":[],"current_hp_per_floor":[72,72,72,71,57,57,57,57,57,57,55,55,51,2,23,0,0],"gold":251,"neow_bonus":"","is_daily":false,"chose_seed":false,"campfire_upgraded":2,"win_rate":0.0,"timestamp":1609872285,"path_taken":["M","M","?","M","?","R","E","R","T","?","M","?","?","?","R","BOSS"],"items_purchased_type":[],"build_version":"2020-12-22","purchased_purges":0,"victory":false,"max_hp_per_floor":[72,72,72,72,72,72,72,72,72,72,72,72,72,72,72,72,72],"card_choices":[{"not_picked":["QueenBee","BigBadWolf"],"picked":"SpiderBud","floor":1},{"not_picked":["Replay:AtTheReady","Protect"],"picked":"EmptyFist","floor":1},{"not_picked":["SnowQueen","CherryBlossoms"],"picked":"Alriune","floor":2},{"not_picked":["CarveReality","EmptyFist"],"picked":"Consecrate","floor":2},{"not_picked":["Murderer","DreamingCurrent"],"picked":"WallGazer","floor":4},{"not_picked":["Crescendo","Replay:BluntJabs"],"picked":"EmptyBody","floor":4},{"not_picked":["OldLady","BeautyBeast"],"picked":"CherryBlossoms","floor":7},{"not_picked":["Replay:BluntJabs","FlyingSleeves","PathToVictory"],"picked":"SKIP","floor":7},{"not_picked":["VoidDream","UniverseFragment"],"picked":"OldLady","floor":11},{"not_picked":["WheelKick","ThirdEye"],"picked":"JustLucky","floor":11},{"not_picked":["LittleHelper","Scorched"],"picked":"DespairKnight","floor":13},{"not_picked":["Replay:Hum","Replay:AtTheReady","FlyingSleeves"],"picked":"SKIP","floor":13},{"not_picked":["Wallop","Wireheading"],"picked":"EmptyBody","floor":14}],"player_experience":45701,"relics_obtained":[{"floor":1,"key":"LetterFromLob"},{"floor":7,"key":"aspiration:HummingbirdHeart"},{"floor":9,"key":"Nunchaku"},{"floor":12,"key":"Matryoshka"}],"event_choices":[{"damage_healed":0,"gold_gain":0,"player_choice":"Entered Light","damage_taken":14,"max_hp_gain":0,"max_hp_loss":0,"event_name":"Shining Light","floor":5,"gold_loss":0,"cards_upgraded":["Strike_P","EmptyBody"]},{"cards_removed":["Strike_P"],"damage_healed":0,"gold_gain":0,"player_choice":"Card Removal","damage_taken":0,"max_hp_gain":0,"max_hp_loss":0,"event_name":"The Cleric","floor":10,"gold_loss":50},{"damage_healed":0,"gold_gain":0,"player_choice":"Searched \u00273\u0027 times","damage_taken":0,"relics_obtained":["Calipers"],"max_hp_gain":0,"max_hp_loss":0,"event_name":"Dead Adventurer","floor":14,"gold_loss":0}],"is_beta":false,"boss_relics":[],"items_purged_floors":[],"is_endless":false,"potions_floor_spawned":[1,4,11],"killed_by":"Slime Boss","ascension_level":0}}