{"host":"Troy","time":1609830271,"event":{"mods":["BaseMod","Colored Map","Highlight Path","Minty Spire (QoL Compilation)","Permanent Neow"],"gold_per_floor":[109,109,109,121,138,168,6,6,56,5,5,22,72,83,83,162,162,181,181,181,191,191,191],"floor_reached":22,"playtime":975,"items_purged":["Strike_G"],"score":368,"play_id":"be0f216b-30af-4fdf-8d68-3174ccf45fe5","local_time":"20210105020431","is_ascension_mode":true,"campfire_choices":[{"data":"Deadly Poison","floor":8.0,"key":"SMITH"},{"floor":11.0,"key":"REST"},{"floor":15.0,"key":"REST"}],"circlet_count":0,"master_deck":["AscendersBane","Strike_G","Strike_G","Strike_G","Defend_G","Defend_G","Defend_G","Defend_G+1","Defend_G+1","Survivor","Neutralize","Deadly Poison+1","Deadly Poison","Dagger Throw","Bane","Catalyst","Deadly Poison","Dagger Throw","Night Terror","Burst","Flying Knee+1","RitualDagger+1"],"relics":["Ring of the Serpent","Snake Skull","Ancient Tea Set","Molten Egg 2"],"acts_visited":["Exordium","TheCity"],"potions_floor_usage":[18,18],"damage_taken":[{"damage":3.0,"enemies":"2 Louse","floor":1.0,"turns":3.0},{"damage":0.0,"enemies":"Small Slimes","floor":4.0,"turns":5.0},{"damage":0.0,"enemies":"Jaw Worm","floor":5.0,"turns":3.0},{"damage":12.0,"enemies":"Lagavulin","floor":6.0,"turns":5.0},{"damage":0.0,"enemies":"3 Louse","floor":12.0,"turns":4.0},{"damage":3.0,"enemies":"Red Slaver","floor":14.0,"turns":3.0},{"damage":18,"enemies":"Slime Boss","floor":16,"turns":7},{"damage":12,"enemies":"3 Byrds","floor":18,"turns":4},{"damage":23,"enemies":"Shell Parasite","floor":21,"turns":4},{"damage":24,"enemies":"Shelled Parasite and Fungi","floor":22,"turns":2}],"seed_played":"-1744977869981011990","potions_obtained":[{"floor":0.0,"key":"FearPotion"},{"floor":0.0,"key":"BlessingOfTheForge"},{"floor":5.0,"key":"AttackPotion"},{"floor":12.0,"key":"ColorlessPotion"},{"floor":14.0,"key":"Strength Potion"},{"floor":16,"key":"Explosive Potion"}],"is_trial":false,"path_per_floor":["M","?","?","M","M","E","$","R","T","$","R","M","?","M","R","B",null,"M","T","?","M","M"],"character_chosen":"THE_SILENT","items_purchased":["Catalyst","Deadly Poison"],"campfire_rested":2,"item_purchase_floors":[7,10],"current_hp_per_floor":[56,49,29,29,29,17,17,17,17,17,36,36,30,27,46,28,57,45,45,39,16,0,0],"gold":191,"neow_bonus":"THREE_SMALL_POTIONS","is_daily":false,"chose_seed":false,"campfire_upgraded":1,"win_rate":0.0,"timestamp":1609830271,"path_taken":["M","?","?","M","M","E","$","R","T","?","R","M","?","M","R","BOSS","M","?","?","M","M"],"items_purchased_type":["Card","Card"],"build_version":"2020-12-18","purchased_purges":1,"victory":false,"max_hp_per_floor":[66,66,66,66,66,66,66,66,66,66,66,66,66,66,66,66,66,66,66,66,66,66,66],"card_choices":[{"not_picked":["Bane","Outmaneuver"],"picked":"Deadly Poison","floor":1.0},{"not_picked":["Dagger Throw","Sucker Punch"],"picked":"Deadly Poison","floor":4.0},{"not_picked":["Endless Agony","Flechettes"],"picked":"Dagger Throw","floor":5.0},{"not_picked":["Unload","Dagger Spray"],"picked":"Bane","floor":6.0},{"not_picked":["Blade Dance","Quick Slash"],"picked":"Dagger Throw","floor":12.0},{"not_picked":["Backflip","Blur"],"picked":"Night Terror","floor":14.0},{"not_picked":["Wraith Form v2","Phantasmal Killer"],"picked":"Burst","floor":16},{"not_picked":["PiercingWail","Finisher"],"picked":"Flying Knee+1","floor":18},{"not_picked":["Poisoned Stab+1","Underhanded Strike+1","Accuracy"],"picked":"SKIP","floor":21}],"player_experience":4061706,"relics_obtained":[{"floor":6.0,"key":"Snake Skull"},{"floor":9.0,"key":"Ancient Tea Set"},{"floor":19,"key":"Molten Egg 2"}],"event_choices":[{"cards_removed":["Strike_G"],"damage_healed":0.0,"max_hp_gain":0.0,"max_hp_loss":0.0,"gold_gain":0.0,"event_name":"Golden Wing","player_choice":"Card Removal","floor":2.0,"gold_loss":0.0,"damage_taken":7.0},{"damage_healed":0.0,"max_hp_gain":0.0,"max_hp_loss":0.0,"gold_gain":0.0,"event_name":"Shining Light","player_choice":"Entered Light","floor":3.0,"gold_loss":0.0,"damage_taken":20.0,"cards_upgraded":["Defend_G","Defend_G"]},{"damage_healed":0.0,"max_hp_gain":0.0,"max_hp_loss":0.0,"gold_gain":50.0,"event_name":"FaceTrader","player_choice":"Touch","floor":13.0,"gold_loss":0.0,"damage_taken":6.0},{"damage_healed":0,"gold_gain":0,"player_choice":"Joined the Cult","damage_taken":6,"max_hp_gain":0,"max_hp_loss":0,"event_name":"Nest","floor":20,"gold_loss":0,"cards_obtained":["RitualDagger"]}],"is_beta":true,"boss_relics":[{"not_picked":["Velvet Choker","SlaversCollar"],"picked":"Ring of the Serpent"}],"items_purged_floors":[7],"is_endless":false,"potions_floor_spawned":[5,12,14,16],"killed_by":"Shelled Parasite and Fungi","ascension_level":20}}