{"host":"851hhqouejqwzba1","time":1609813562,"event":{"mods":["BaseMod","Minty Spire (QoL Compilation)","Permanent Neow","Shop Mod","StSLib","óô»ðÖ¸ÄÏ"],"gold_per_floor":[111,111,81,91,102,102,119,154,201,201,218,143,160,108,8,89,89,111,135,135,189,203,231,231,306,306,333,344,344,363,21,21,103,103,120,129,153,153,175,102,140,115,115,115,142,13,32,51,51,51],"floor_reached":51,"playtime":3731,"items_purged":["Strike_B","Strike_B","Defend_B","Strike_B"],"score":1103,"play_id":"2cecee14-0cf0-405e-873a-344312205abd","local_time":"20210105102602","is_ascension_mode":true,"campfire_choices":[{"data":"Doom and Gloom","floor":6.0,"key":"SMITH"},{"floor":10.0,"key":"REST"},{"floor":24.0,"key":"REST"},{"floor":29.0,"key":"REST"},{"data":"Rainbow","floor":32.0,"key":"SMITH"},{"floor":44.0,"key":"REST"},{"floor":49.0,"key":"REST"}],"circlet_count":0,"master_deck":["AscendersBane","Strike_B","Defend_B","Defend_B","Defend_B","Zap","Dualcast","Conserve Battery+1","Doom and Gloom+1","Force Field","Echo Form+1","Skim","Leap","Rainbow+1","Sunder","Echo Form+1","Chrysalis+1","Capacitor+1","Coolheaded","Glacier","Creative AI+1","Undo","Auto Shields"],"relics":["Snecko Eye","Mercury Hourglass","Tiny Chest","CeramicFish","Black Star","Bag of Marbles","Bottled Lightning","PreservedInsect","Gambling Chip","Membership Card","Frozen Egg 2","Nuclear Battery","Boot","Bag of Preparation","Ornamental Fan","War Paint","Letter Opener"],"acts_visited":["Exordium","TheCity","TheBeyond"],"potions_floor_usage":[],"damage_taken":[{"damage":0.0,"enemies":"Jaw Worm","floor":1.0,"turns":3.0},{"damage":4.0,"enemies":"Cultist","floor":4.0,"turns":5.0},{"damage":8.0,"enemies":"Small Slimes","floor":5.0,"turns":6.0},{"damage":0.0,"enemies":"Red Slaver","floor":7.0,"turns":2.0},{"damage":30.0,"enemies":"Lagavulin","floor":8.0,"turns":7.0},{"damage":0.0,"enemies":"2 Fungi Beasts","floor":11.0,"turns":2.0},{"damage":0.0,"enemies":"3 Louse","floor":13.0,"turns":1.0},{"damage":13.0,"enemies":"The Guardian","floor":16.0,"turns":9.0},{"damage":0.0,"enemies":"Chosen","floor":18.0,"turns":3.0},{"damage":10.0,"enemies":"2 Thieves","floor":19.0,"turns":3.0},{"damage":11.0,"enemies":"Centurion and Healer","floor":22.0,"turns":5.0},{"damage":30.0,"enemies":"Book of Stabbing","floor":23.0,"turns":6.0},{"damage":4.0,"enemies":"Snecko","floor":27.0,"turns":7.0},{"damage":9.0,"enemies":"Sentry and Sphere","floor":28.0,"turns":4.0},{"damage":9.0,"enemies":"Chosen and Byrds","floor":30.0,"turns":5.0},{"damage":9.0,"enemies":"Automaton","floor":33.0,"turns":8.0},{"damage":8.0,"enemies":"3 Darklings","floor":35.0,"turns":3.0},{"damage":10.0,"enemies":"Orb Walker","floor":39.0,"turns":3.0},{"damage":10.0,"enemies":"Reptomancer","floor":41.0,"turns":4.0},{"damage":20.0,"enemies":"Spire Growth","floor":45.0,"turns":4.0},{"damage":0.0,"enemies":"Jaw Worm Horde","floor":47.0,"turns":3.0},{"damage":0.0,"enemies":"3 Darklings","floor":48.0,"turns":2.0},{"damage":11,"enemies":"Donu and Deca","floor":50,"turns":10}],"seed_played":"3299389681341279597","potions_obtained":[{"floor":3.0,"key":"BlessingOfTheForge"},{"floor":3.0,"key":"PowerPotion"},{"floor":8.0,"key":"ColorlessPotion"},{"floor":13.0,"key":"PowerPotion"},{"floor":16.0,"key":"Energy Potion"},{"floor":23.0,"key":"BlessingOfTheForge"},{"floor":28.0,"key":"Energy Potion"},{"floor":33.0,"key":"FocusPotion"},{"floor":35.0,"key":"Explosive Potion"},{"floor":41.0,"key":"Weak Potion"}],"is_trial":false,"path_per_floor":["M","$","?","M","M","R","M","E","T","R","M","R","M","?","R","B",null,"M","M","T","T","M","E","R","?","T","M","M","R","M","$","R","B",null,"M","?","T","?","M","R","E","R","T","R","M","$","M","M","R","B",null],"character_chosen":"DEFECT","items_purchased":["Membership Card","Frozen Egg 2","Bag of Preparation","Glacier","Undo","Energy Potion"],"campfire_rested":5,"item_purchase_floors":[31,31,40,42,46,46],"current_hp_per_floor":[64,64,64,60,52,52,52,22,22,43,43,43,43,43,43,30,61,61,51,51,51,40,10,31,24,24,20,11,32,23,23,23,14,57,49,49,49,49,39,39,29,29,29,50,30,30,30,30,51,40],"gold":51,"neow_bonus":"BOSS_RELIC","is_daily":false,"chose_seed":false,"campfire_upgraded":2,"win_rate":0.0,"timestamp":1609813562,"path_taken":["M","$","?","M","M","R","M","E","T","R","?","R","M","?","R","BOSS","M","M","?","?","M","E","R","?","T","M","?","R","M","$","R","BOSS","M","?","?","?","M","R","E","R","T","R","M","$","M","M","R","BOSS"],"items_purchased_type":["Relic","Relic","Relic","Card","Card","Potion"],"build_version":"2020-12-22","purchased_purges":4,"victory":true,"max_hp_per_floor":[71,71,71,71,71,71,71,71,71,71,71,71,71,71,71,71,71,71,71,71,71,71,71,71,71,71,71,71,71,71,71,71,71,71,71,71,71,71,71,71,71,71,71,71,71,71,71,71,71,71],"card_choices":[{"not_picked":["Streamline","Turbo"],"picked":"Conserve Battery","floor":1.0},{"not_picked":["Compile Driver","Heatsinks","Hologram"],"picked":"SKIP","floor":4.0},{"not_picked":["Hello World","Consume"],"picked":"Doom and Gloom","floor":5.0},{"not_picked":["Reprogram","Steam Power","Gash"],"picked":"SKIP","floor":7.0},{"not_picked":["Cold Snap","Scrape"],"picked":"Force Field","floor":8.0},{"not_picked":["Gash","Double Energy","Barrage"],"picked":"SKIP","floor":11.0},{"not_picked":["Self Repair","Compile Driver","Sweeping Beam"],"picked":"SKIP","floor":13.0},{"not_picked":["Hyperbeam","Machine Learning"],"picked":"Echo Form","floor":16.0},{"not_picked":["Heatsinks","Sweeping Beam"],"picked":"Skim","floor":18.0},{"not_picked":["Compile Driver","Turbo"],"picked":"Leap","floor":19.0},{"not_picked":["Cold Snap","Gash","Leap"],"picked":"SKIP","floor":22.0},{"not_picked":["Sweeping Beam","Stack","Barrage"],"picked":"SKIP","floor":23.0},{"not_picked":["Tempest","Streamline"],"picked":"Rainbow","floor":27.0},{"not_picked":["Hologram","Lockon","Barrage"],"picked":"SKIP","floor":28.0},{"not_picked":["Go for the Eyes","Hologram"],"picked":"Sunder","floor":30.0},{"not_picked":["Amplify","Thunder Strike"],"picked":"Echo Form+1","floor":33.0},{"not_picked":["Steam","Skim","Conserve Battery"],"picked":"SKIP","floor":35.0},{"not_picked":["Transmutation","Jack Of All Trades"],"picked":"Chrysalis","floor":36.0},{"not_picked":["Reprogram","Redo"],"picked":"Capacitor+1","floor":39.0},{"not_picked":["Chill","Hologram+1"],"picked":"Coolheaded","floor":41.0},{"not_picked":["Coolheaded","Steam+1"],"picked":"Creative AI+1","floor":45.0},{"not_picked":["Scrape","Coolheaded"],"picked":"Auto Shields","floor":47.0},{"not_picked":["Beam Cell","Stack","Leap"],"picked":"SKIP","floor":48.0}],"player_experience":313344,"relics_obtained":[{"floor":8.0,"key":"Mercury Hourglass"},{"floor":9.0,"key":"Tiny Chest"},{"floor":21.0,"key":"Bag of Marbles"},{"floor":23.0,"key":"Bottled Lightning"},{"floor":23.0,"key":"PreservedInsect"},{"floor":26.0,"key":"Gambling Chip"},{"floor":37.0,"key":"Boot"},{"floor":41.0,"key":"Ornamental Fan"},{"floor":41.0,"key":"War Paint"},{"floor":43.0,"key":"Letter Opener"}],"event_choices":[{"damage_healed":0.0,"max_hp_gain":0.0,"max_hp_loss":0.0,"gold_gain":0.0,"event_name":"The Woman in Blue","player_choice":"Bought 2 Potions","floor":3.0,"gold_loss":0.0,"damage_taken":0.0},{"damage_healed":0.0,"max_hp_gain":0.0,"max_hp_loss":0.0,"gold_gain":0.0,"event_name":"WeMeetAgain","player_choice":"Paid Gold","floor":14.0,"gold_loss":52.0,"damage_taken":0.0,"relics_obtained":["CeramicFish"]},{"damage_healed":0.0,"max_hp_gain":0.0,"max_hp_loss":0.0,"gold_gain":75.0,"event_name":"FaceTrader","player_choice":"Touch","floor":25.0,"gold_loss":0.0,"damage_taken":7.0},{"damage_healed":0.0,"max_hp_gain":0.0,"max_hp_loss":0.0,"gold_gain":0.0,"event_name":"SensoryStone","player_choice":"Memory 1","floor":36.0,"gold_loss":0.0,"damage_taken":0.0},{"damage_healed":0.0,"max_hp_gain":0.0,"max_hp_loss":0.0,"gold_gain":0.0,"event_name":"Accursed Blacksmith","player_choice":"Forge","floor":38.0,"gold_loss":0.0,"damage_taken":0.0,"cards_upgraded":["Echo Form"]}],"is_beta":false,"boss_relics":[{"not_picked":["Ectoplasm","Coffee Dripper"],"picked":"Black Star"},{"not_picked":["SlaversCollar","Velvet Choker"],"picked":"Nuclear Battery"}],"items_purged_floors":[12,15,31,46],"is_endless":false,"potions_floor_spawned":[8,11,13,16,23,28,33,35,41,45],"ascension_level":14}}