{"host":"m77rrhbqzv44va4v","time":1609842119,"event":{"mods":["AchievementEnabler","BaseMod","Colored Map","DeckTracker","Keyboard Shortcuts","Minty Spire (QoL Compilation)","StSLib","SuperFastMode","everything is the same but u backflip on backflip"],"gold_per_floor":[113,113,35,49,61,61,91,104,104,104,104,137,137,168,168,298,298,312,88,88,106,120,120,120],"floor_reached":23,"playtime":1154,"items_purged":["Strike_B"],"score":314,"play_id":"94fe5db3-b890-4016-8dd6-b4b5d2bcc0ff","local_time":"20210105192159","is_ascension_mode":true,"campfire_choices":[{"data":"Defragment","floor":6.0,"key":"SMITH"},{"data":"Loop","floor":11.0,"key":"SMITH"},{"floor":13,"key":"REST"},{"data":"Dualcast","floor":15,"key":"SMITH"}],"circlet_count":0,"master_deck":["AscendersBane","Strike_B","Strike_B","Strike_B","Defend_B","Defend_B","Defend_B","Defend_B","Zap","Dualcast+1","Cold Snap","Defragment+1","Ball Lightning","Biased Cognition","Loop+1","White Noise","Compile Driver","Electrodynamics","Redo+1","Self Repair","Undo","Hologram+1"],"relics":["Cracked Core","NeowsBlessing","Symbiotic Virus","White Beast Statue","Golden Idol","Bottled Flame","Strawberry","Sozu"],"acts_visited":["Exordium","TheCity"],"potions_floor_usage":[14,14,18,18,23],"damage_taken":[{"damage":0.0,"enemies":"2 Louse","floor":1.0,"turns":1.0},{"damage":0.0,"enemies":"Cultist","floor":4.0,"turns":1.0},{"damage":0.0,"enemies":"Small Slimes","floor":5.0,"turns":1.0},{"damage":9.0,"enemies":"3 Sentries","floor":7.0,"turns":5.0},{"damage":1.0,"enemies":"2 Fungi Beasts","floor":8.0,"turns":2.0},{"damage":10.0,"enemies":"Gremlin Nob","floor":12.0,"turns":3.0},{"damage":10,"enemies":"3 Sentries","floor":14,"turns":3},{"damage":12,"enemies":"The Guardian","floor":16,"turns":7},{"damage":28,"enemies":"2 Thieves","floor":18,"turns":3},{"damage":8,"enemies":"Shell Parasite","floor":21,"turns":5},{"damage":21,"enemies":"Cultist and Chosen","floor":22,"turns":5},{"damage":28,"enemies":"Gremlin Leader","floor":23,"turns":2}],"seed_played":"512879291137356115","potions_obtained":[{"floor":1.0,"key":"DuplicationPotion"},{"floor":2.0,"key":"SteroidPotion"},{"floor":2.0,"key":"PowerPotion"},{"floor":2.0,"key":"EssenceOfSteel"},{"floor":12,"key":"PowerPotion"},{"floor":14,"key":"EntropicBrew"},{"floor":16,"key":"EntropicBrew"}],"is_trial":false,"path_per_floor":["M","?","$","M","M","R","E","M","T","?","R","E","R","E","R","B",null,"M","$","?","M","M","E"],"character_chosen":"DEFECT","items_purchased":["Defragment","Self Repair","Undo"],"campfire_rested":1,"item_purchase_floors":[3,19,19],"current_hp_per_floor":[68,68,68,68,68,68,59,58,58,40,40,30,52,49,49,37,71,43,43,43,42,28,0,0],"gold":120,"neow_bonus":"THREE_ENEMY_KILL","is_daily":false,"chose_seed":false,"campfire_upgraded":3,"win_rate":0.0,"timestamp":1609842119,"path_taken":["M","?","$","?","M","R","E","M","T","?","R","E","R","E","R","BOSS","M","$","?","M","M","E"],"items_purchased_type":["Card","Card","Card"],"build_version":"2020-12-22","purchased_purges":1,"victory":false,"max_hp_per_floor":[75,75,75,75,75,75,75,75,75,75,75,75,75,82,82,82,82,82,82,82,82,82,82,82],"card_choices":[{"not_picked":["Storm","Steam"],"picked":"Cold Snap","floor":1.0},{"not_picked":["Leap","Barrage"],"picked":"Ball Lightning","floor":4.0},{"not_picked":["Reprogram","Ball Lightning","Gash"],"picked":"SKIP","floor":5.0},{"not_picked":["Heatsinks","Steam"],"picked":"Biased Cognition","floor":7.0},{"not_picked":["Hello World","Coolheaded"],"picked":"Loop","floor":8.0},{"not_picked":["Storm","Beam Cell"],"picked":"White Noise","floor":12},{"not_picked":["Machine Learning","Hologram"],"picked":"Compile Driver","floor":14},{"not_picked":["Seek","All For One"],"picked":"Electrodynamics","floor":16},{"not_picked":["Melter","Gash"],"picked":"Redo+1","floor":18},{"not_picked":["Sunder","Sweeping Beam"],"picked":"Hologram+1","floor":21},{"not_picked":["Rebound","Static Discharge","Reprogram+1"],"picked":"SKIP","floor":22}],"player_experience":892905,"relics_obtained":[{"floor":7.0,"key":"Symbiotic Virus"},{"floor":9.0,"key":"White Beast Statue"},{"floor":12,"key":"Bottled Flame"},{"floor":14,"key":"Strawberry"}],"event_choices":[{"damage_healed":0.0,"max_hp_gain":0.0,"max_hp_loss":0.0,"gold_gain":0.0,"event_name":"Lab","player_choice":"Got Potions","floor":2.0,"gold_loss":0.0,"damage_taken":0.0},{"damage_healed":0.0,"max_hp_gain":0.0,"max_hp_loss":0.0,"gold_gain":0.0,"event_name":"Golden Idol","player_choice":"Take Damage","floor":10.0,"gold_loss":0.0,"damage_taken":18.0,"relics_obtained":["Golden Idol"]},{"damage_healed":0,"gold_gain":0,"player_choice":"Ignored","damage_taken":0,"max_hp_gain":0,"max_hp_loss":0,"event_name":"Vampires","floor":20,"gold_loss":0}],"is_beta":false,"boss_relics":[{"not_picked":["Nuclear Battery","FrozenCore"],"picked":"Sozu"}],"items_purged_floors":[19],"is_endless":false,"potions_floor_spawned":[1,4,12,14,16,18,21,22],"killed_by":"Gremlin Leader","ascension_level":10}}