{"host":"sl4rf9j4s63ev6os","time":1609847634,"event":{"mods":["AchievementEnabler","BaseMod","Colored Map","Colored Powertips","DeckTracker","Minty Spire (QoL Compilation)","Relic Sorter"],"gold_per_floor":[119,131,206,206,206,241,241,252,275,287,299,316,316,329,329,424,424,435,445,445,462,478,508,32,32,84,84,100,100,132,132,132],"floor_reached":31,"playtime":1852,"items_purged":["Defend_R+1"],"score":318,"play_id":"c1434ed2-afa1-4a20-8247-4da85341f773","local_time":"20210105215354","is_ascension_mode":true,"campfire_choices":[{"data":"Perfected Strike","floor":7,"key":"SMITH"},{"data":"Metallicize","floor":15,"key":"SMITH"},{"floor":29,"key":"RECALL"}],"circlet_count":0,"master_deck":["Strike_R","Strike_R","Strike_R","Strike_R","Strike_R","Defend_R+1","Bash","Perfected Strike+1","Metallicize+1","Pommel Strike","Metallicize+1","Feed","Twin Strike","Dual Wield","Shrug It Off","Metallicize+1"],"relics":["Burning Blood","Nunchaku","Anchor","War Paint","SlaversCollar","Bottled Flame","Mango","Pen Nib"],"acts_visited":["Exordium","TheCity"],"potions_floor_usage":[6,16,16,19,22,23,28,28],"damage_taken":[{"damage":6,"enemies":"Cultist","floor":1,"turns":3},{"damage":6,"enemies":"Jaw Worm","floor":2,"turns":2},{"damage":30,"enemies":"Lagavulin","floor":6,"turns":6},{"damage":0,"enemies":"Small Slimes","floor":8,"turns":2},{"damage":3,"enemies":"Red Slaver","floor":10,"turns":2},{"damage":7,"enemies":"3 Louse","floor":11,"turns":4},{"damage":0,"enemies":"Large Slime","floor":12,"turns":2},{"damage":3,"enemies":"Red Slaver","floor":14,"turns":2},{"damage":42,"enemies":"The Guardian","floor":16,"turns":12},{"damage":13,"enemies":"Spheric Guardian","floor":18,"turns":4},{"damage":16,"enemies":"3 Byrds","floor":19,"turns":6},{"damage":7,"enemies":"Snecko","floor":21,"turns":4},{"damage":13,"enemies":"Shelled Parasite and Fungi","floor":22,"turns":5},{"damage":59,"enemies":"Gremlin Leader","floor":23,"turns":10},{"damage":28,"enemies":"Snake Plant","floor":28,"turns":4},{"damage":28,"enemies":"Book of Stabbing","floor":30,"turns":6},{"damage":35,"enemies":"Chosen and Byrds","floor":31,"turns":6}],"seed_played":"-2115138296788416807","potions_obtained":[{"floor":2,"key":"Explosive Potion"},{"floor":10,"key":"SpeedPotion"},{"floor":11,"key":"Block Potion"},{"floor":14,"key":"ElixirPotion"},{"floor":16,"key":"Strength Potion"},{"floor":19,"key":"Energy Potion"},{"floor":21,"key":"DuplicationPotion"},{"floor":22,"key":"ElixirPotion"},{"floor":25,"key":"Regen Potion"},{"floor":25,"key":"GamblersBrew"}],"is_trial":false,"path_per_floor":["M","M","?","?","?","E","R","M","T","M","M","M","?","M","R","B",null,"M","M","?","M","M","E","$","?","T","$","M","R","E","M"],"character_chosen":"IRONCLAD","items_purchased":["Mango","FairyPotion"],"campfire_rested":0,"item_purchase_floors":[24,24],"current_hp_per_floor":[88,88,77,65,65,41,41,47,47,50,49,55,48,51,51,15,88,81,74,74,73,69,16,30,30,30,30,20,20,33,0,0],"gold":132,"neow_bonus":"TEN_PERCENT_HP_BONUS","is_daily":false,"chose_seed":false,"campfire_upgraded":2,"win_rate":0.0,"timestamp":1609847634,"path_taken":["M","M","?","?","?","E","R","M","T","?","M","M","?","M","R","BOSS","M","M","?","?","?","E","$","?","T","?","M","R","E","M"],"items_purchased_type":["Relic","Potion"],"build_version":"2020-12-22","purchased_purges":1,"victory":false,"max_hp_per_floor":[88,88,88,88,88,88,88,88,88,88,88,88,88,88,88,88,88,88,91,91,91,94,94,108,108,108,108,108,108,108,108,108],"card_choices":[{"not_picked":["Shrug It Off","Combust"],"picked":"Perfected Strike","floor":1},{"not_picked":["Rupture","True Grit"],"picked":"Metallicize","floor":2},{"not_picked":["Headbutt","Rage","Heavy Blade"],"picked":"SKIP","floor":6},{"not_picked":["Blood for Blood","Shrug It Off"],"picked":"Pommel Strike","floor":8},{"not_picked":["Uppercut","Sword Boomerang","Havoc"],"picked":"SKIP","floor":10},{"not_picked":["Dropkick","Shockwave","Entrench"],"picked":"SKIP","floor":11},{"not_picked":["Iron Wave","Clash","Rage"],"picked":"SKIP","floor":12},{"not_picked":["Armaments","Double Tap"],"picked":"Metallicize","floor":14},{"not_picked":["Offering","Corruption"],"picked":"Feed","floor":16},{"not_picked":["Iron Wave","Ghostly Armor","Armaments"],"picked":"SKIP","floor":18},{"not_picked":["Armaments","Dropkick"],"picked":"Twin Strike","floor":19},{"not_picked":["Anger","Rampage","Warcry"],"picked":"SKIP","floor":21},{"not_picked":["Armaments","Havoc","Bludgeon"],"picked":"SKIP","floor":22},{"not_picked":["Rupture+1","Reaper"],"picked":"Dual Wield","floor":23},{"not_picked":["Iron Wave","Clothesline+1"],"picked":"Shrug It Off","floor":28},{"not_picked":["True Grit+1","Hemokinesis+1"],"picked":"Metallicize+1","floor":30}],"player_experience":179126,"relics_obtained":[{"floor":6,"key":"Anchor"},{"floor":9,"key":"War Paint"},{"floor":23,"key":"Bottled Flame"},{"floor":30,"key":"Pen Nib"}],"event_choices":[{"damage_healed":0,"gold_gain":75,"player_choice":"Gather Gold","damage_taken":11,"max_hp_gain":0,"max_hp_loss":0,"event_name":"World of Goop","floor":3,"gold_loss":0},{"damage_healed":0,"gold_gain":0,"player_choice":"Success","damage_taken":12,"relics_obtained":["Nunchaku"],"max_hp_gain":0,"max_hp_loss":0,"event_name":"Scrap Ooze","floor":4,"gold_loss":0},{"cards_removed":["Defend_R"],"damage_healed":0,"gold_gain":0,"player_choice":"Card Removal","damage_taken":0,"max_hp_gain":0,"max_hp_loss":0,"event_name":"Wheel of Change","floor":5,"gold_loss":0},{"cards_removed":["Defend_R"],"damage_healed":0,"gold_gain":0,"player_choice":"Card Removal","damage_taken":7,"max_hp_gain":0,"max_hp_loss":0,"event_name":"Golden Wing","floor":13,"gold_loss":0},{"damage_healed":0,"gold_gain":0,"player_choice":"Forge","damage_taken":0,"max_hp_gain":0,"max_hp_loss":0,"event_name":"Accursed Blacksmith","floor":20,"gold_loss":0,"cards_upgraded":["Metallicize"]},{"damage_healed":0,"gold_gain":0,"player_choice":"Got Potions","damage_taken":0,"max_hp_gain":0,"max_hp_loss":0,"event_name":"Lab","floor":25,"gold_loss":0}],"is_beta":false,"boss_relics":[{"not_picked":["Velvet Choker","Runic Dome"],"picked":"SlaversCollar"}],"items_purged_floors":[24],"is_endless":false,"potions_floor_spawned":[2,10,11,14,16,19,21,22],"killed_by":"Chosen and Byrds","ascension_level":1}}