{"host":"8z6cx8b9r5qs18cp","time":1609818107,"event":{"mods":["AchievementEnabler","Act Like it!","Bard","BaseMod","GifTheSpireLib","Googly Eyes","Hermit","Hubris","Infinite Spire","Marked Mod","Minty Spire (QoL Compilation)","Permanent Neow","Rare Cards Sparkle","Relic Stats","Replay The Spire","StSLib","Stuff the Spire","The Animator","The Bug Knight","The Cursed","The Servant 0.9.4"],"gold_per_floor":[109,125,137,153,169,204,224,224,306,317,337,337,337,337,337,382,382],"floor_reached":16,"playtime":957,"items_purged":[],"score":106,"play_id":"2e85eb19-2374-444e-8b43-fbf262a9912a","local_time":"20210104214147","is_ascension_mode":false,"campfire_choices":[{"floor":12,"key":"REST"},{"data":"Juggernaut","floor":15,"key":"SMITH"}],"circlet_count":0,"master_deck":["Strike_R","Strike_R","Strike_R","Strike_R","Strike_R","Defend_R","Defend_R","Defend_R","Defend_R","Bash","Juggernaut+1","Entrench","StuffTheSpire:Incineration","Seeing Red","Thunderclap","Sword Boomerang","Replay:Undeath\u0027s Touch","Iron Wave","Replay:Undeath\u0027s Touch","Flame Barrier","ReplayTheSpireMod:Splinters"],"relics":["Burning Blood","StuffTheSpire:Experiment12","ReplayTheSpireMod:Ring of Challenge","Ring of Hypnosis"],"acts_visited":["Exordium"],"potions_floor_usage":[6,10,16,16],"damage_taken":[{"damage":0,"enemies":"2 Louse","floor":1,"turns":3},{"damage":7,"enemies":"Small Slimes","floor":2,"turns":5},{"damage":16,"enemies":"Jaw Worm","floor":3,"turns":4},{"damage":0,"enemies":"Large Slime","floor":4,"turns":4},{"damage":13,"enemies":"3 Louse","floor":5,"turns":4},{"damage":54,"enemies":"Gremlin Nob","floor":6,"turns":5},{"damage":15,"enemies":"Exordium Thugs","floor":7,"turns":4},{"damage":7,"enemies":"2 Fungi Beasts","floor":10,"turns":3},{"damage":23,"enemies":"Gremlin Gang","floor":11,"turns":5},{"damage":53,"enemies":"Slime Boss","floor":16,"turns":8}],"seed_played":"6947235125758658577","potions_obtained":[{"floor":2,"key":"Dexterity Potion"},{"floor":3,"key":"Toxic Potion"},{"floor":10,"key":"SneckoOil"},{"floor":11,"key":"FearPotion"}],"is_trial":false,"path_per_floor":["M","M","M","M","M","E","M","?","T","M","M","R","?","?","R","B"],"character_chosen":"IRONCLAD","items_purchased":[],"campfire_rested":1,"item_purchase_floors":[],"current_hp_per_floor":[80,79,69,75,68,20,11,37,37,36,19,43,43,43,43,0,0],"gold":382,"neow_bonus":"ONE_RANDOM_RARE_CARD","is_daily":false,"chose_seed":false,"campfire_upgraded":1,"win_rate":0.0,"timestamp":1609818107,"path_taken":["M","M","M","M","M","E","M","?","T","M","M","R","?","?","R","BOSS"],"items_purchased_type":[],"build_version":"2020-12-22","purchased_purges":0,"victory":false,"max_hp_per_floor":[80,80,80,80,80,80,80,80,80,80,80,80,80,80,80,80,80],"relic_stats":{"counters":[10,45],"obtain_stats":[{"StuffTheSpire:Experiment12":6,"Ring of Hypnosis":14,"ReplayTheSpireMod:Ring of Challenge":14,"Burning Blood":0},{"StuffTheSpire:Experiment12":6,"Ring of Hypnosis":9,"ReplayTheSpireMod:Ring of Challenge":9,"Burning Blood":0},{"StuffTheSpire:Experiment12":25,"Ring of Hypnosis":37,"ReplayTheSpireMod:Ring of Challenge":37,"Burning Blood":0}],"Burning Blood":48},"card_choices":[{"not_picked":["Headbutt","Rupture"],"picked":"Entrench","floor":1},{"not_picked":["Warcry","StuffTheSpire:Slingshot"],"picked":"StuffTheSpire:Incineration","floor":2},{"not_picked":["Perfected Strike","Infernal Blade"],"picked":"Seeing Red","floor":3},{"not_picked":["Demonic Infusion","Body Slam","StuffTheSpire:RockThrow"],"picked":"SKIP","floor":4},{"not_picked":["Dropkick","Heavy Blade"],"picked":"Thunderclap","floor":5},{"not_picked":["Bloodletting","Dual Wield"],"picked":"Sword Boomerang","floor":6},{"not_picked":["Infernal Blade","ReplayTheSpireMod:Strike From Hell"],"picked":"Replay:Undeath\u0027s Touch","floor":7},{"not_picked":["StuffTheSpire:Slingshot","Shockwave"],"picked":"Iron Wave","floor":10},{"not_picked":["Life Link","ReplayTheSpireMod:Strike From Hell"],"picked":"Replay:Undeath\u0027s Touch","floor":11}],"player_experience":203640,"relics_obtained":[{"floor":6,"key":"StuffTheSpire:Experiment12"},{"floor":14,"key":"ReplayTheSpireMod:Ring of Challenge"},{"floor":14,"key":"Ring of Hypnosis"}],"event_choices":[{"damage_healed":26,"gold_gain":0,"player_choice":"Banana","damage_taken":0,"max_hp_gain":0,"max_hp_loss":0,"event_name":"Big Fish","floor":8,"gold_loss":0}],"is_beta":false,"boss_relics":[],"items_purged_floors":[],"is_endless":false,"potions_floor_spawned":[2,3,10,11],"killed_by":"Slime Boss","ascension_level":0}}