{"host":"ds1yr10zonoc6w4a","time":1609806007,"event":{"mods":["BaseMod","Better Match","Better Third Choice","BetterRewards","Minty Spire (QoL Compilation)","StSLib","The Animator"],"gold_per_floor":[117,129,142,42,42,86,112,112,112],"floor_reached":8,"playtime":1138,"items_purged":["animator:Strike","animator:Defend"],"score":107,"play_id":"c55697c5-83b3-41ef-ae84-0562e8833e91","local_time":"20210104172007","is_ascension_mode":true,"campfire_choices":[],"circlet_count":0,"master_deck":["AscendersBane","animator:Strike_NoGameNoLife","animator:Defend_NoGameNoLife","animator:Strike","animator:Strike","animator:Defend","animator:Defend","animator:DolaSchwi","animator:DolaCouronne","animator:Darkness","animator:WinryRockbell","animator:DolaCouronne","animator:TukaLunaMarceau","animator:Shizu","animator:Melzalgald"],"relics":["animator:LivingPicture","animator:TheMissingPiece","animator:PurgingStone","Golden Idol","Dream Catcher"],"acts_visited":["Exordium"],"potions_floor_usage":[6],"damage_taken":[{"damage":0.0,"enemies":"Jaw Worm","floor":1.0,"turns":5.0},{"damage":11,"enemies":"Small Slimes","floor":2,"turns":5},{"damage":1,"enemies":"2 Louse","floor":3,"turns":5},{"damage":15,"enemies":"Lagavulin","floor":6,"turns":9},{"damage":0,"enemies":"Large Slime","floor":7,"turns":9},{"damage":0,"enemies":"Gremlin Nob","floor":8,"turns":2}],"seed_played":"2757115919651574280","potions_obtained":[{"floor":3,"key":"Dexterity Potion"},{"floor":7,"key":"Regen Potion"}],"is_trial":false,"path_per_floor":["M","M","M","$","?","E","M","E"],"character_chosen":"THE_ANIMATOR","items_purchased":["animator:Darkness"],"campfire_rested":0,"item_purchase_floors":[0],"current_hp_per_floor":[54,43,42,42,21,6,6,6,6],"gold":112,"neow_bonus":"","is_daily":false,"chose_seed":false,"campfire_upgraded":0,"win_rate":0.0,"timestamp":1609806007,"path_taken":["M","M","M","$","?","E","M","E"],"items_purchased_type":["Card"],"build_version":"2020-12-22","purchased_purges":2,"victory":false,"max_hp_per_floor":[60,60,60,60,60,60,60,60,60],"card_choices":[{"not_picked":["animator:Guy","animator:DolaRiku"],"picked":"animator:WinryRockbell","floor":1},{"not_picked":["animator:Verdia","animator:Konayuki"],"picked":"animator:DolaCouronne","floor":2},{"not_picked":["animator:Shion","animator:Hitei"],"picked":"animator:TukaLunaMarceau","floor":3},{"not_picked":["animator:Vesta","animator:Shuna"],"picked":"animator:Shizu","floor":6},{"not_picked":["animator:SayakaMiki","animator:OrikoMikuni"],"picked":"animator:Melzalgald","floor":7}],"player_experience":645149,"relics_obtained":[{"floor":6,"key":"Dream Catcher"}],"event_choices":[{"damage_healed":0,"gold_gain":0,"player_choice":"Take Damage","damage_taken":21,"relics_obtained":["Golden Idol"],"max_hp_gain":0,"max_hp_loss":0,"event_name":"Golden Idol","floor":5,"gold_loss":0}],"is_beta":false,"boss_relics":[],"items_purged_floors":[0,4],"is_endless":false,"potions_floor_spawned":[3,7],"killed_by":"Gremlin Nob","ascension_level":17}}