{"host":"lpogke4cwz8zw1ju","time":1609877487,"event":{"mods":["Always Whale","BaseMod","Minty Spire (QoL Compilation)","Permanent Neow"],"gold_per_floor":[109,109,121,137,104,104,119,147,147,158,178,178,7,7,7,112,112,132,149,169,180,190,190,205,205,231,231,181,181,195,212,212,310,310,326,326,326],"floor_reached":36,"playtime":2087,"items_purged":["Defend_G","Strike_G"],"score":420,"play_id":"54dc2870-af72-4de7-9e88-445370b28e58","local_time":"20210105211127","is_ascension_mode":false,"campfire_choices":[{"data":"Noxious Fumes","floor":6,"key":"SMITH"},{"floor":15,"key":"REST"},{"data":"Catalyst","floor":23,"key":"SMITH"},{"data":"Crippling Poison","floor":27,"key":"SMITH"},{"floor":29,"key":"REST"},{"data":"Bouncing Flask","floor":32,"key":"SMITH"}],"circlet_count":0,"master_deck":["Strike_G","Strike_G","Strike_G","Strike_G","Defend_G","Defend_G","Defend_G","Defend_G","Survivor","Neutralize+1","Bouncing Flask+1","Dodge and Roll","Blur","Noxious Fumes+1","Corpse Explosion","PiercingWail","Catalyst+1","Backflip","Venomology","Poisoned Stab+1","Blur","Crippling Poison+1","Acrobatics+1"],"relics":["Ring of the Serpent","Smiling Mask","Kunai","Snecko Eye","Blood Vial"],"acts_visited":["Exordium","TheCity","TheBeyond"],"potions_floor_usage":[16,16,19,21,21,21,22,33,35,35,36],"damage_taken":[{"damage":0,"enemies":"Small Slimes","floor":1,"turns":5},{"damage":0,"enemies":"Cultist","floor":3,"turns":4},{"damage":0,"enemies":"2 Louse","floor":4,"turns":3},{"damage":16,"enemies":"Large Slime","floor":7,"turns":6},{"damage":8,"enemies":"3 Sentries","floor":8,"turns":8},{"damage":16,"enemies":"Gremlin Gang","floor":10,"turns":2},{"damage":4,"enemies":"Blue Slaver","floor":11,"turns":3},{"damage":0,"enemies":"Hexaghost","floor":16,"turns":7},{"damage":0,"enemies":"3 Byrds","floor":18,"turns":2},{"damage":18,"enemies":"Spheric Guardian","floor":19,"turns":5},{"damage":0,"enemies":"Centurion and Healer","floor":20,"turns":4},{"damage":3,"enemies":"Sentry and Sphere","floor":21,"turns":4},{"damage":0,"enemies":"Snake Plant","floor":22,"turns":4},{"damage":0,"enemies":"3 Cultists","floor":24,"turns":2},{"damage":0,"enemies":"Centurion and Healer","floor":30,"turns":4},{"damage":2,"enemies":"Snake Plant","floor":31,"turns":3},{"damage":14,"enemies":"Collector","floor":33,"turns":6},{"damage":0,"enemies":"3 Shapes","floor":35,"turns":3},{"damage":64,"enemies":"2 Orb Walkers","floor":36,"turns":4}],"seed_played":"7158262450119966471","potions_obtained":[{"floor":1,"key":"EssenceOfSteel"},{"floor":8,"key":"CunningPotion"},{"floor":10,"key":"Fire Potion"},{"floor":11,"key":"Poison Potion"},{"floor":19,"key":"GamblersBrew"},{"floor":21,"key":"ColorlessPotion"},{"floor":22,"key":"GamblersBrew"},{"floor":30,"key":"Weak Potion"},{"floor":33,"key":"Ancient Potion"},{"floor":35,"key":"Ancient Potion"}],"is_trial":false,"path_per_floor":["M","?","M","M","$","R","M","E","T","M","M","?","$","?","R","B",null,"M","M","M","M","M","R","M","?","T","R","$","R","M","M","R","B",null,"M","?"],"character_chosen":"THE_SILENT","items_purchased":["Noxious Fumes","Catalyst","Backflip"],"campfire_rested":2,"item_purchase_floors":[5,13,13],"current_hp_per_floor":[70,70,70,70,70,70,54,46,46,30,26,26,26,26,47,47,70,70,52,52,49,49,49,49,49,49,49,49,70,70,68,68,56,70,70,6,6],"gold":326,"neow_bonus":"UPGRADE_CARD","is_daily":false,"chose_seed":false,"campfire_upgraded":4,"win_rate":0.0,"timestamp":1609877487,"path_taken":["M","?","M","M","?","R","M","E","T","M","M","?","$","?","R","BOSS","M","M","M","M","?","R","M","?","T","R","$","R","M","M","R","BOSS","M","?"],"items_purchased_type":["Card","Card","Card"],"build_version":"2020-12-22","purchased_purges":2,"victory":false,"max_hp_per_floor":[70,70,70,70,70,70,70,70,70,70,70,70,70,70,70,70,70,70,70,70,70,70,70,70,70,70,70,70,70,70,70,70,70,70,70,70,70],"card_choices":[{"not_picked":["Masterful Stab","Endless Agony"],"picked":"Bouncing Flask","floor":1},{"not_picked":["Cloak And Dagger","Underhanded Strike"],"picked":"Dodge and Roll","floor":3},{"not_picked":["Dodge and Roll","PiercingWail"],"picked":"Blur","floor":4},{"not_picked":["Blade Dance","Reflex","Dagger Spray"],"picked":"SKIP","floor":7},{"not_picked":["Leg Sweep","Flying Knee"],"picked":"Corpse Explosion","floor":8},{"not_picked":["Sucker Punch","Acrobatics"],"picked":"PiercingWail","floor":10},{"not_picked":["Sucker Punch","Cloak And Dagger","PiercingWail"],"picked":"SKIP","floor":11},{"not_picked":["Glass Knife","Tools of the Trade"],"picked":"Venomology","floor":16},{"not_picked":["Bane","All Out Attack"],"picked":"Poisoned Stab+1","floor":18},{"not_picked":["Underhanded Strike+1","Prepared+1","Dagger Throw"],"picked":"SKIP","floor":19},{"not_picked":["Calculated Gamble","Sucker Punch","Escape Plan"],"picked":"SKIP","floor":20},{"not_picked":["Acrobatics","Storm of Steel","Blade Dance"],"picked":"SKIP","floor":21},{"not_picked":["Prepared","Acrobatics+1"],"picked":"Blur","floor":22},{"not_picked":["Setup","Terror"],"picked":"Crippling Poison","floor":24},{"not_picked":["Endless Agony","Outmaneuver"],"picked":"Acrobatics+1","floor":30},{"not_picked":["Dodge and Roll","Reflex","Prepared+1"],"picked":"SKIP","floor":31},{"not_picked":["Dagger Throw+1","Skewer+1","Caltrops"],"picked":"SKIP","floor":35}],"player_experience":183647,"relics_obtained":[{"floor":8,"key":"Smiling Mask"},{"floor":9,"key":"Kunai"},{"floor":26,"key":"Blood Vial"}],"event_choices":[{"damage_healed":0,"gold_gain":0,"player_choice":"Bought 0 Potions","damage_taken":0,"max_hp_gain":0,"max_hp_loss":0,"event_name":"The Woman in Blue","floor":2,"gold_loss":0},{"damage_healed":0,"gold_gain":0,"player_choice":"Ignored","damage_taken":0,"max_hp_gain":0,"max_hp_loss":0,"event_name":"Golden Idol","floor":12,"gold_loss":0},{"damage_healed":0,"gold_gain":0,"player_choice":"0 cards matched","damage_taken":0,"max_hp_gain":0,"max_hp_loss":0,"event_name":"Match and Keep!","floor":14,"gold_loss":0,"cards_obtained":[]},{"damage_healed":0,"gold_gain":0,"player_choice":"Ignored","damage_taken":0,"max_hp_gain":0,"max_hp_loss":0,"event_name":"Vampires","floor":25,"gold_loss":0},{"damage_healed":0,"gold_gain":0,"player_choice":"Fight","damage_taken":0,"max_hp_gain":0,"max_hp_loss":0,"event_name":"Mysterious Sphere","floor":36,"gold_loss":0}],"is_beta":false,"boss_relics":[{"not_picked":["Runic Pyramid","Fusion Hammer"],"picked":"Snecko Eye"},{"not_picked":["Runic Dome","Astrolabe"],"picked":"Ring of the Serpent"}],"items_purged_floors":[13,28],"is_endless":false,"potions_floor_spawned":[1,8,10,11,19,21,22,30,33,35],"killed_by":"2 Orb Walkers","ascension_level":0}}