{"host":"8rwnpls8n88jrgbg","time":1609858284,"event":{"mods":["AchievementEnabler","BaseMod","Colored Map","Colored Powertips","DeckTracker","Keyboard Shortcuts","Minty Spire (QoL Compilation)","Relic Stats","StSLib","SuperFastMode"],"gold_per_floor":[112,55,55,16,33,33,33,33,33,68,86,115,130,55,55,132,132,144,44,44,44],"floor_reached":20,"playtime":1188,"items_purged":["Writhe","Strike_G"],"score":410,"play_id":"f9afa0f0-fad7-469d-9f4b-6599500760b2","local_time":"20210105235124","is_ascension_mode":true,"campfire_choices":[{"data":"Skewer","floor":6,"key":"SMITH"},{"data":"Terror","floor":8,"key":"SMITH"},{"data":"Tools of the Trade","floor":15,"key":"SMITH"}],"circlet_count":0,"master_deck":["AscendersBane","Strike_G","Strike_G","Strike_G","Defend_G","Defend_G","Defend_G","Defend_G","Survivor","Neutralize","Skewer+1","A Thousand Cuts","Poisoned Stab","Well Laid Plans","Terror+1","Masterful Stab","Dagger Spray","Tools of the Trade+1","Crippling Poison","After Image"],"relics":["Ring of the Snake","Turnip","InkBottle","Omamori","Question Card","SlaversCollar"],"acts_visited":["Exordium","TheCity"],"potions_floor_usage":[10,12,20],"damage_taken":[{"damage":2,"enemies":"Jaw Worm","floor":1,"turns":4},{"damage":0,"enemies":"Cultist","floor":5,"turns":4},{"damage":8,"enemies":"Gremlin Nob","floor":10,"turns":3},{"damage":0,"enemies":"2 Louse","floor":11,"turns":2},{"damage":0,"enemies":"Lagavulin","floor":12,"turns":4},{"damage":21,"enemies":"Lots of Slimes","floor":13,"turns":5},{"damage":21,"enemies":"The Guardian","floor":16,"turns":10},{"damage":24,"enemies":"2 Thieves","floor":18,"turns":5},{"damage":27,"enemies":"Spheric Guardian","floor":20,"turns":5}],"seed_played":"-2211631893434383162","potions_obtained":[{"floor":7,"key":"CunningPotion"},{"floor":7,"key":"GhostInAJar"},{"floor":10,"key":"DuplicationPotion"},{"floor":12,"key":"PowerPotion"}],"is_trial":false,"path_per_floor":["M","?","$","$","M","R","?","R","T","E","M","E","M","$","R","B",null,"M","$","M"],"character_chosen":"THE_SILENT","items_purchased":["Well Laid Plans"],"campfire_rested":0,"item_purchase_floors":[4],"current_hp_per_floor":[57,57,57,57,57,57,57,57,57,49,49,49,28,28,28,7,51,27,27,0,0],"gold":44,"neow_bonus":"TRANSFORM_TWO_CARDS","is_daily":false,"chose_seed":false,"campfire_upgraded":3,"win_rate":0.0,"timestamp":1609858284,"path_taken":["M","?","?","$","M","R","?","R","T","E","?","E","M","$","R","BOSS","M","$","M"],"items_purchased_type":["Card"],"build_version":"2020-12-22","purchased_purges":2,"victory":false,"max_hp_per_floor":[66,66,66,66,66,66,66,66,66,66,66,66,66,66,66,66,66,66,66,66,66],"relic_stats":{"counters":[9,42],"Turnip":[5],"Question Card":3,"obtain_stats":[{"SlaversCollar":17,"Turnip":2,"Omamori":10,"Question Card":12,"InkBottle":9,"Ring of the Snake":0},{"SlaversCollar":7,"Turnip":1,"Omamori":3,"Question Card":5,"InkBottle":2,"Ring of the Snake":0},{"SlaversCollar":32,"Turnip":4,"Omamori":11,"Question Card":17,"InkBottle":8,"Ring of the Snake":0}],"InkBottle":[9],"Ring of the Snake":[18]},"card_choices":[{"not_picked":["Acrobatics","Terror"],"picked":"Poisoned Stab","floor":1},{"not_picked":["Cloak And Dagger","Infinite Blades"],"picked":"Terror","floor":5},{"not_picked":["Blade Dance","Quick Slash"],"picked":"Masterful Stab","floor":10},{"not_picked":["Dodge and Roll","Prepared"],"picked":"Dagger Spray","floor":11},{"not_picked":["Flying Knee","Prepared"],"picked":"Tools of the Trade","floor":12},{"not_picked":["Riddle With Holes","Eviscerate","Catalyst"],"picked":"Crippling Poison","floor":13},{"not_picked":["Bullet Time","Glass Knife","Doppelganger"],"picked":"After Image","floor":16},{"not_picked":["PiercingWail","Backflip","Dodge and Roll","Outmaneuver"],"picked":"SKIP","floor":18}],"player_experience":1491872,"relics_obtained":[{"floor":9,"key":"InkBottle"},{"floor":10,"key":"Omamori"},{"floor":12,"key":"Question Card"}],"event_choices":[{"damage_healed":0,"gold_gain":0,"player_choice":"Paid Gold","damage_taken":0,"relics_obtained":["Turnip"],"max_hp_gain":0,"max_hp_loss":0,"event_name":"WeMeetAgain","floor":2,"gold_loss":57},{"damage_healed":0,"gold_gain":0,"player_choice":"Got Potions","damage_taken":0,"max_hp_gain":0,"max_hp_loss":0,"event_name":"Lab","floor":7,"gold_loss":0}],"is_beta":false,"boss_relics":[{"not_picked":["Runic Pyramid","Coffee Dripper"],"picked":"SlaversCollar"}],"items_purged_floors":[14,19],"is_endless":false,"potions_floor_spawned":[10,11,12],"killed_by":"Spheric Guardian","ascension_level":20}}