{"host":"pzi5ngddyemmtlbx","time":1609845086,"event":{"mods":["AchievementEnabler","BaseMod","Googly Eyes","Highlight Path","Minty Spire (QoL Compilation)","Permanent Neow"],"gold_per_floor":[111,111,130,146,160,160,176,202,272,282,295,32,32,32,32,137,137,152,167,167,182,182,182],"floor_reached":22,"playtime":897,"items_purged":[],"score":295,"play_id":"39aba494-04bb-44c3-a472-8f417a51cfe0","local_time":"20210105061126","is_ascension_mode":true,"campfire_choices":[{"data":"Noxious Fumes","floor":6,"key":"SMITH"},{"floor":15,"key":"REST"}],"circlet_count":0,"master_deck":["AscendersBane","Survivor","Neutralize","Noxious Fumes+1","Catalyst","Skewer+1","Deadly Poison","Dagger Spray","Outmaneuver","Riddle With Holes","Caltrops+1","Envenom+1","Escape Plan","Phantasmal Killer","After Image+1","Die Die Die","Terror","Expertise","Choke","Choke","Storm of Steel","Flying Knee","Bane+1"],"relics":["Velvet Choker","GremlinMask","Frozen Egg 2","Chemical X","Pandora\u0027s Box"],"acts_visited":["Exordium","TheCity"],"potions_floor_usage":[11,18],"damage_taken":[{"damage":2,"enemies":"Jaw Worm","floor":1,"turns":4},{"damage":2,"enemies":"Cultist","floor":3,"turns":5},{"damage":1,"enemies":"2 Louse","floor":4,"turns":4},{"damage":1,"enemies":"Large Slime","floor":5,"turns":7},{"damage":28,"enemies":"Exordium Thugs","floor":7,"turns":6},{"damage":14,"enemies":"3 Sentries","floor":8,"turns":7},{"damage":8,"enemies":"Blue Slaver","floor":10,"turns":4},{"damage":3,"enemies":"Lots of Slimes","floor":11,"turns":3},{"damage":15,"enemies":"Hexaghost","floor":16,"turns":6},{"damage":8,"enemies":"Chosen","floor":18,"turns":3},{"damage":11,"enemies":"3 Byrds","floor":19,"turns":4},{"damage":11,"enemies":"3 Cultists","floor":21,"turns":3},{"damage":49,"enemies":"Shelled Parasite and Fungi","floor":22,"turns":3}],"seed_played":"4877972848370509938","potions_obtained":[{"floor":1,"key":"SpeedPotion"},{"floor":3,"key":"Strength Potion"},{"floor":8,"key":"BlessingOfTheForge"},{"floor":11,"key":"AttackPotion"},{"floor":18,"key":"Strength Potion"}],"is_trial":false,"path_per_floor":["M","?","M","M","M","R","M","E","T","M","M","$","?","?","R","B",null,"M","M","?","M","M"],"character_chosen":"THE_SILENT","items_purchased":["Chemical X","Riddle With Holes","Caltrops+1"],"campfire_rested":1,"item_purchase_floors":[12,12,12],"current_hp_per_floor":[61,61,59,58,57,57,29,15,15,7,4,4,4,4,25,10,55,47,36,36,25,0,0],"gold":182,"neow_bonus":"BOSS_RELIC","is_daily":false,"chose_seed":false,"campfire_upgraded":1,"win_rate":0.0,"timestamp":1609845086,"path_taken":["M","?","?","M","M","R","M","E","T","M","M","?","?","?","R","BOSS","M","M","?","M","M"],"items_purchased_type":["Relic","Card","Card"],"build_version":"2020-12-22","purchased_purges":0,"victory":false,"max_hp_per_floor":[70,70,70,70,70,70,70,70,70,70,70,70,70,70,70,70,70,70,70,70,70,70,70],"card_choices":[{"not_picked":["Slice","Flechettes","Bane"],"picked":"SKIP","floor":1},{"not_picked":["PiercingWail","Poisoned Stab"],"picked":"Noxious Fumes","floor":3},{"not_picked":["All Out Attack","Underhanded Strike"],"picked":"Catalyst","floor":4},{"not_picked":["Tactician","Dodge and Roll","Underhanded Strike"],"picked":"SKIP","floor":5},{"not_picked":["Underhanded Strike","Dodge and Roll"],"picked":"Skewer","floor":7},{"not_picked":["Acrobatics","Prepared"],"picked":"Deadly Poison","floor":8},{"not_picked":["Bane","Choke"],"picked":"Dagger Spray","floor":10},{"not_picked":["Bane","Skewer"],"picked":"Outmaneuver","floor":11},{"not_picked":["Wraith Form v2+1","Night Terror"],"picked":"Envenom+1","floor":16},{"not_picked":["Setup","PiercingWail","Blade Dance+1"],"picked":"SKIP","floor":18},{"not_picked":["Quick Slash","Sucker Punch","Prepared"],"picked":"SKIP","floor":19},{"not_picked":["Cloak And Dagger","Sucker Punch"],"picked":"Bane+1","floor":21}],"player_experience":560387,"relics_obtained":[{"floor":8,"key":"Frozen Egg 2"}],"event_choices":[{"damage_healed":0,"gold_gain":0,"player_choice":"Trade","damage_taken":0,"relics_obtained":["GremlinMask"],"max_hp_gain":0,"max_hp_loss":0,"event_name":"FaceTrader","floor":2,"gold_loss":0},{"damage_healed":0,"gold_gain":0,"player_choice":"Ignored","damage_taken":0,"max_hp_gain":0,"max_hp_loss":0,"event_name":"Golden Wing","floor":13,"gold_loss":0},{"damage_healed":0,"gold_gain":0,"player_choice":"Grow","damage_taken":0,"max_hp_gain":0,"max_hp_loss":0,"event_name":"Living Wall","floor":14,"gold_loss":0,"cards_upgraded":["Skewer"]},{"damage_healed":0,"gold_gain":0,"player_choice":"Ignored","damage_taken":0,"max_hp_gain":0,"max_hp_loss":0,"event_name":"Ghosts","floor":20,"gold_loss":0}],"is_beta":false,"boss_relics":[{"not_picked":["Philosopher\u0027s Stone","Runic Pyramid"],"picked":"Pandora\u0027s Box"}],"items_purged_floors":[],"is_endless":false,"potions_floor_spawned":[1,3,8,11,18],"killed_by":"Shelled Parasite and Fungi","ascension_level":11}}