{"host":"vsdszi3rnxsdp24p","time":1609862091,"event":{"mods":["AchievementEnabler","BaseMod","Bestiary","Colored Map","Colored Powertips","Curses Come First","DeckTracker","Hermit","Highlight Path","Minty Spire (QoL Compilation)","Quick Restart","Relic Sorter","Relic Stats","StSLib","SuperFastMode","Synergy Search","The Cursed","The Mystic"],"gold_per_floor":[112,44,44,57,69,69,85,99,122,133,133,196,15,15,15,15,15],"floor_reached":16,"playtime":466,"items_purged":[],"score":102,"play_id":"cc32f2c5-afb5-45be-acfa-078f9d83b04b","local_time":"20210105165451","is_ascension_mode":false,"campfire_choices":[{"data":"Static Discharge","floor":6,"key":"SMITH"},{"data":"Defragment","floor":11,"key":"SMITH"},{"floor":15,"key":"REST"}],"circlet_count":0,"master_deck":["Strike_B","Strike_B","Strike_B","Strike_B","Defend_B","Defend_B","Defend_B","Defend_B+1","Zap+1","Dualcast","Chaos","Static Discharge+1","Heatsinks","Sunder","Turbo","Defragment+1","Sweeping Beam","Barrage","Darkness","Thunder Strike"],"relics":["Cracked Core","NeowsBlessing","PreservedInsect","Vajra","War Paint"],"acts_visited":["Exordium"],"potions_floor_usage":[8,12,14],"damage_taken":[{"damage":0,"enemies":"Jaw Worm","floor":1,"turns":1},{"damage":0,"enemies":"Small Slimes","floor":4,"turns":1},{"damage":0,"enemies":"Cultist","floor":5,"turns":1},{"damage":16,"enemies":"Gremlin Gang","floor":7,"turns":3},{"damage":2,"enemies":"Red Slaver","floor":8,"turns":4},{"damage":13,"enemies":"Lots of Slimes","floor":10,"turns":2},{"damage":23,"enemies":"Gremlin Nob","floor":12,"turns":4},{"damage":0,"enemies":"Gremlin Nob","floor":14,"turns":2},{"damage":42,"enemies":"Slime Boss","floor":16,"turns":6}],"seed_played":"-5985872986227183014","potions_obtained":[{"floor":1,"key":"SmokeBomb"},{"floor":4,"key":"EssenceOfSteel"},{"floor":10,"key":"SkillPotion"}],"is_trial":false,"path_per_floor":["M","$","?","M","M","R","M","M","T","M","R","?","$","E","R","B"],"character_chosen":"DEFECT","items_purchased":["Static Discharge","Darkness","Thunder Strike"],"campfire_rested":1,"item_purchase_floors":[2,13,13],"current_hp_per_floor":[75,75,68,68,68,68,52,50,50,37,37,14,14,14,36,0,0],"gold":15,"neow_bonus":"THREE_ENEMY_KILL","is_daily":false,"chose_seed":false,"campfire_upgraded":2,"win_rate":0.0,"timestamp":1609862091,"path_taken":["M","$","?","M","M","R","M","M","T","M","R","?","$","E","R","BOSS"],"items_purchased_type":["Card","Card","Card"],"build_version":"2020-12-22","purchased_purges":0,"victory":false,"max_hp_per_floor":[75,75,75,75,75,75,75,75,75,75,75,75,75,75,75,75,75],"relic_stats":{"counters":[9,24],"PreservedInsect":43,"War Paint":["Defend_B","Zap"],"obtain_stats":[{"NeowsBlessing":0,"Vajra":9,"PreservedInsect":3,"War Paint":12,"Cracked Core":0},{"NeowsBlessing":0,"Vajra":5,"PreservedInsect":1,"War Paint":7,"Cracked Core":0},{"NeowsBlessing":0,"Vajra":10,"PreservedInsect":1,"War Paint":16,"Cracked Core":0}]},"card_choices":[{"not_picked":["Conserve Battery","Go for the Eyes"],"picked":"Chaos","floor":1},{"not_picked":["Melter","Redo"],"picked":"Heatsinks","floor":4},{"not_picked":["Stack","Steam"],"picked":"Sunder","floor":5},{"not_picked":["Sunder","Stack"],"picked":"Turbo","floor":7},{"not_picked":["Barrage","Stack"],"picked":"Defragment","floor":8},{"not_picked":["Auto Shields","Stack"],"picked":"Sweeping Beam","floor":10},{"not_picked":["Streamline","Scrape"],"picked":"Barrage","floor":12}],"player_experience":137035,"relics_obtained":[{"floor":9,"key":"Vajra"},{"floor":12,"key":"War Paint"}],"event_choices":[{"damage_healed":0,"gold_gain":0,"player_choice":"Success","damage_taken":7,"relics_obtained":["PreservedInsect"],"max_hp_gain":0,"max_hp_loss":0,"event_name":"Scrap Ooze","floor":3,"gold_loss":0},{"damage_healed":0,"gold_gain":0,"player_choice":"Searched \u00272\u0027 times","damage_taken":0,"max_hp_gain":0,"max_hp_loss":0,"event_name":"Dead Adventurer","floor":12,"gold_loss":0}],"is_beta":false,"boss_relics":[],"items_purged_floors":[],"is_endless":false,"potions_floor_spawned":[1,4,10,14],"killed_by":"Slime Boss","ascension_level":0}}