{"host":"r6da5kb9dzaaglw2","time":1609867608,"event":{"mods":["AchievementEnabler","BaseMod","Colored Powertips","Duelist Mod","GifTheSpireLib","Minty Spire (QoL Compilation)","StSLib"],"gold_per_floor":[135,152,152,163,238,266,276,303,303,328,328,328,179,189,189,290,290,306,286,286,303,316,349,384,413,413,423,423,423,423,433,433,536,536,550,243,259,119,134,159,159,186,267,142,160,208,208,227,227,242,242,242,242,267,267],"floor_reached":56,"playtime":7589,"items_purged":["theDuelist:CurseAnubis","theDuelist:GaiaDragonChamp","theDuelist:CastleWalls"],"score":1444,"play_id":"55c8488c-d24b-4180-b620-7db6c6c50248","local_time":"20210105182648","is_ascension_mode":false,"campfire_choices":[{"floor":15.0,"key":"RECALL"},{"data":"theDuelist:BoosterDragon","floor":29,"key":"SMITH"},{"data":"theDuelist:LordD","floor":32,"key":"SMITH"},{"data":"theDuelist:DragonCaptureJar+1","floor":41,"key":"SMITH"},{"data":"theDuelist:DragonCaptureJar+2","floor":47,"key":"SMITH"},{"data":"theDuelist:DragonShield+1","floor":49,"key":"SMITH"},{"data":"theDuelist:SilverWing","floor":52,"key":"SMITH"}],"circlet_count":0,"master_deck":["theDuelist:CaveDragon+1","theDuelist:BoosterDragon+1","theDuelist:ArmedDragon5+1","theDuelist:CaveDragon+1","theDuelist:DragonCaptureJar+3","theDuelist:LordD+1","theDuelist:YamataDragon+1","theDuelist:ArmageddonDragonEmp+1","theDuelist:CastleWalls","theDuelist:LeviaDragon+1","theDuelist:CaveDragon+1","theDuelist:CoralDragon+1","theDuelist:LesserDragon+1","theDuelist:DragonMirror+1","theDuelist:LesserDragon+1","theDuelist:LeviaDragon+1","theDuelist:BabyDragon+1","theDuelist:MagicSparks+1","theDuelist:SilverWing+1","theDuelist:MagicSparks","theDuelist:DragonShield+3","theDuelist:TotemDragon+1","theDuelist:WaterDragon+1"],"relics":["theDuelist:MillenniumPuzzle","theDuelist:CardPoolRelic","theDuelist:CardPoolBasicRelic","theDuelist:BoosterPackPoolRelic","theDuelist:CardPoolAddRelic","theDuelist:CardPoolMinusRelic","theDuelist:CardPoolSaveRelic","theDuelist:CardPoolOptionsRelic","theDuelist:ZoneToken","Pen Nib","Unceasing Top","theDuelist:DragonRelicC","Toxic Egg 2","theDuelist:NamelessPowerRelicB","theDuelist:NamelessHungerRelic","theDuelist:MillenniumRod","HoveringKite","Boot","PreservedInsect","theDuelist:CursedHealer","Philosopher\u0027s Stone","theDuelist:NamelessPowerRelicA","Bottled Tornado","CeramicFish","theDuelist:DragonRelic","Magic Flower","Calipers"],"acts_visited":["Exordium","TheCity","TheBeyond","TheEnding"],"potions_floor_usage":[27,40,45,48,55],"damage_taken":[{"damage":2.0,"enemies":"Small Slimes","floor":1.0,"turns":5.0},{"damage":0.0,"enemies":"2 Louse","floor":2.0,"turns":1.0},{"damage":1.0,"enemies":"Jaw Worm","floor":4.0,"turns":3.0},{"damage":6.0,"enemies":"Lagavulin","floor":6.0,"turns":6.0},{"damage":0.0,"enemies":"Exordium Thugs","floor":7.0,"turns":3.0},{"damage":6.0,"enemies":"Gremlin Nob","floor":8.0,"turns":3.0},{"damage":4.0,"enemies":"3 Sentries","floor":10.0,"turns":6.0},{"damage":0.0,"enemies":"2 Fungi Beasts","floor":14.0,"turns":2.0},{"damage":0.0,"enemies":"The Guardian","floor":16.0,"turns":6.0},{"damage":0.0,"enemies":"3 Byrds","floor":18.0,"turns":3.0},{"damage":28.0,"enemies":"2 Thieves","floor":19.0,"turns":4.0},{"damage":11.0,"enemies":"Centurion and Healer","floor":21.0,"turns":5.0},{"damage":6.0,"enemies":"Sentry and Sphere","floor":22.0,"turns":7.0},{"damage":2,"enemies":"Gremlin Leader","floor":23,"turns":8},{"damage":1,"enemies":"Snecko","floor":24,"turns":5},{"damage":17,"enemies":"theDuelist:KaibaA2","floor":25,"turns":6},{"damage":0,"enemies":"Snake Plant","floor":27,"turns":4},{"damage":0,"enemies":"Centurion and Healer","floor":31,"turns":7},{"damage":0,"enemies":"Champ","floor":33,"turns":10},{"damage":0,"enemies":"Orb Walker","floor":35,"turns":2},{"damage":34,"enemies":"3 Shapes","floor":37,"turns":4},{"damage":0,"enemies":"Maw","floor":39,"turns":6},{"damage":32,"enemies":"Reptomancer","floor":40,"turns":8},{"damage":0,"enemies":"Nemesis","floor":42,"turns":6},{"damage":24,"enemies":"Writhing Mass","floor":45,"turns":4},{"damage":3,"enemies":"2 Orb Walkers","floor":46,"turns":5},{"damage":45,"enemies":"Jaw Worm Horde","floor":48,"turns":4},{"damage":32,"enemies":"Time Eater","floor":50,"turns":14},{"damage":12,"enemies":"Shield and Spear","floor":54,"turns":6},{"damage":31,"enemies":"The Heart","floor":55,"turns":9}],"seed_played":"-6353128497612975364","potions_obtained":[{"floor":2.0,"key":"theDuelist:DragonOrbPlusBottle"},{"floor":4.0,"key":"Strength Potion"},{"floor":10.0,"key":"FocusPotion"},{"floor":14.0,"key":"theDuelist:BurningPotion"},{"floor":21.0,"key":"theDuelist:FreezingPotion"},{"floor":22,"key":"theDuelist:OrbBottle"},{"floor":24,"key":"theDuelist:DragonfirePotion"},{"floor":25,"key":"theDuelist:BigTributeBottle"},{"floor":30,"key":"theDuelist:DebuffArmorPotion"},{"floor":30,"key":"FairyPotion"},{"floor":30,"key":"FairyPotion"},{"floor":33,"key":"Strength Potion"},{"floor":37,"key":"AttackPotion"},{"floor":42,"key":"theDuelist:FusionPotion"},{"floor":45,"key":"DuplicationPotion"},{"floor":54,"key":"ColorlessPotion"}],"is_trial":false,"path_per_floor":["M","M","?","M","?","E","M","E","T","E","?","?","$","M","R","B",null,"M","M","?","M","M","E","M","E","T","M","?","R","?","M","R","B",null,"M","?","M","$","M","E","R","E","T","$","M","?","R","M","R","B",null,"R","$","E","B",null],"character_chosen":"THE_DUELIST","items_purchased":["theDuelist:SilverWing","theDuelist:DragonShield+1"],"campfire_rested":0,"item_purchase_floors":[13,38],"current_hp_per_floor":[78,78,72,71,60,54,54,48,48,44,34,34,34,36,36,36,78,78,54,54,45,47,45,46,31,31,31,56,56,62,62,62,64,104,104,79,47,47,47,15,15,17,17,17,40,37,37,59,59,27,130,130,130,120,89],"gold":267,"neow_bonus":"UPGRADE_CARD","is_daily":false,"chose_seed":false,"campfire_upgraded":6,"win_rate":0.0,"timestamp":1609867608,"path_taken":["M","M","?","M","?","E","M","E","T","E","?","?","$","M","R","BOSS","M","M","?","M","M","E","M","E","T","M","?","R","?","?","R","BOSS","M","?","?","$","M","E","R","E","T","?","M","?","R","?","R","BOSS","R","$","E","BOSS"],"items_purchased_type":["Card","Card"],"build_version":"2020-12-22","purchased_purges":3,"victory":true,"max_hp_per_floor":[80,80,80,80,80,80,80,80,80,80,76,76,76,78,78,78,78,78,82,82,84,92,92,94,96,96,96,96,96,102,102,102,104,104,104,124,126,126,126,126,126,128,128,128,130,130,130,130,130,130,130,130,130,132,132],"card_choices":[{"not_picked":["theDuelist:WhiteHornDragon","theDuelist:DragonRavine","theDuelist:CastleDragonSouls"],"picked":"theDuelist:BoosterDragon","floor":1.0},{"not_picked":["theDuelist:HaneHane","theDuelist:BigKoala","theDuelist:DarkCreator"],"picked":"SKIP","floor":2.0},{"not_picked":["theDuelist:ArtifactIgnition","theDuelist:BlackPendant","theDuelist:PreventRat"],"picked":"SKIP","floor":4.0},{"not_picked":["theDuelist:ViceDragon","theDuelist:LesserDragon"],"picked":"theDuelist:ArmedDragon5","floor":6.0},{"not_picked":["theDuelist:StarlightRoad","theDuelist:ScrapIronScarecrow","theDuelist:DefenseDraw"],"picked":"SKIP","floor":7.0},{"not_picked":["theDuelist:MadSwordBeast","theDuelist:DefenseZone"],"picked":"theDuelist:LordD","floor":8.0},{"not_picked":["theDuelist:BigFire","theDuelist:RainbowOverdragon","theDuelist:SmashingGround"],"picked":"SKIP","floor":10.0},{"not_picked":["theDuelist:Hydrogeddon","theDuelist:DefenseDraw+1"],"picked":"theDuelist:CoralDragon+1","floor":14.0},{"not_picked":["theDuelist:Scapegoat+1","theDuelist:Lancephorhynchus"],"picked":"theDuelist:GaiaDragonChamp","floor":16.0},{"not_picked":["theDuelist:Vandalgyon+1","theDuelist:SystemDown+1"],"picked":"theDuelist:DragonMirror+1","floor":18.0},{"not_picked":["theDuelist:BattleguardKing","theDuelist:BigFire","theDuelist:LightningDarts","theDuelist:RainbowOverdragon+1","theDuelist:Hinotama+1"],"picked":"SKIP","floor":19.0},{"not_picked":["theDuelist:DefenseZone+1","theDuelist:DragonShield+1","theDuelist:FireDarts","theDuelist:SafeZone+1"],"picked":"theDuelist:DragonCaptureJar+1","floor":21.0},{"not_picked":["theDuelist:BlackStego","theDuelist:LordD+1","theDuelist:WaterDragonCluster+1","theDuelist:FrozenFitzgerald+1"],"picked":"theDuelist:LeviaDragon+1","floor":22},{"not_picked":["theDuelist:CurseDragon+1","theDuelist:CyberDragonDrei+1","theDuelist:BusterBlader+1","theDuelist:Earthquake","theDuelist:MaskedDragon+1"],"picked":"SKIP","floor":23},{"not_picked":["theDuelist:AtomicScrapDragon","theDuelist:Lancephorhynchus","theDuelist:ViceDragon","theDuelist:BlasterDragonInfernos+1"],"picked":"theDuelist:LeviaDragon+1","floor":24},{"not_picked":["theDuelist:AtomicScrapDragon","theDuelist:ArtifactIgnition+1","theDuelist:BlackTyranno+1","theDuelist:CyberEltanin+1","theDuelist:SpiralSpearStrike"],"picked":"SKIP","floor":25},{"not_picked":["theDuelist:LesserDragon","theDuelist:Duoterion+1","theDuelist:CyberDinosaur+1","theDuelist:ScrapIronScarecrow+1","theDuelist:BlackTyranno"],"picked":"SKIP","floor":27},{"not_picked":["theDuelist:Earthquake","theDuelist:AxeDespair+1","theDuelist:DragonTreasure","theDuelist:SilverWing","theDuelist:SoulCharge+1"],"picked":"SKIP","floor":31},{"not_picked":["theDuelist:BSkullDragon","theDuelist:DoomkaiserDragon","theDuelist:FiveHeaded","theDuelist:SeismicShockwave"],"picked":"theDuelist:ArmageddonDragonEmp","floor":33},{"not_picked":["theDuelist:BurstBreath","theDuelist:JurassicImpact+1","theDuelist:FireDarts+2","theDuelist:ThreateningRoar+1","theDuelist:SeismicShockwave+1"],"picked":"SKIP","floor":35},{"not_picked":["theDuelist:Beatraptor+1","theDuelist:BlackStego+1","theDuelist:CurseDragon","theDuelist:Earthquake","theDuelist:Destroyersaurus"],"picked":"SKIP","floor":37},{"not_picked":["theDuelist:Berserking+1","theDuelist:DragonTreasure+1","theDuelist:WhiteHornDragon+1"],"picked":"theDuelist:TotemDragon+1","floor":39},{"not_picked":["theDuelist:SnowdustDragon","theDuelist:Carboneddon+1","theDuelist:CyberDragonSieger+1","theDuelist:ArmedProtectorDragon+1"],"picked":"theDuelist:WaterDragon+1","floor":40},{"not_picked":["theDuelist:DoomkaiserDragon","theDuelist:BackupSoldier+1","theDuelist:GalaxySoldier","theDuelist:ChimeratechOverdragon","theDuelist:ArmageddonDragonEmp"],"picked":"SKIP","floor":42},{"not_picked":["theDuelist:CyberValley+1","theDuelist:FrostflameDragon+1","theDuelist:TornadoDragon+1","theDuelist:DefenseZone+1","theDuelist:CyberDragonNachster+1"],"picked":"SKIP","floor":45},{"not_picked":["theDuelist:BattleguardKing+1","theDuelist:BigFire+1","theDuelist:LightningDarts+1","theDuelist:RainbowOverdragon","theDuelist:Hinotama+1"],"picked":"SKIP","floor":48},{"not_picked":["theDuelist:RainbowOverdragon+1","theDuelist:LabyrinthWall+1","theDuelist:ForbiddenLance+6","theDuelist:PotGenerosity+1","theDuelist:Raigeki+1"],"picked":"SKIP","floor":54}],"player_experience":450649,"relics_obtained":[{"floor":6.0,"key":"Pen Nib"},{"floor":8.0,"key":"Unceasing Top"},{"floor":9.0,"key":"theDuelist:DragonRelicC"},{"floor":10.0,"key":"Toxic Egg 2"},{"floor":23,"key":"Boot"},{"floor":25,"key":"PreservedInsect"},{"floor":40,"key":"Bottled Tornado"},{"floor":42,"key":"CeramicFish"},{"floor":43,"key":"theDuelist:DragonRelic"},{"floor":46,"key":"Magic Flower"},{"floor":54,"key":"Calipers"}],"event_choices":[{"damage_healed":0.0,"max_hp_gain":0.0,"max_hp_loss":0.0,"gold_gain":0.0,"event_name":"Aknamkanon\u0027s Tomb","player_choice":"Dig - random Duelist relic","duelist":true,"floor":3.0,"gold_loss":0.0,"damage_taken":0.0},{"damage_healed":0.0,"max_hp_gain":0.0,"max_hp_loss":0.0,"gold_gain":75.0,"event_name":"World of Goop","player_choice":"Gather Gold","floor":5.0,"gold_loss":0.0,"damage_taken":11.0},{"power_reward":3.0,"total_magic_score":31.0,"gold_gain":0.0,"duelist":true,"damage_taken":10.0,"relics_obtained":["theDuelist:NamelessPowerRelicB","theDuelist:NamelessHungerRelic"],"points":6.0,"max_hp_gain":0.0,"max_hp_loss":4.0,"spent_points":{"magic":0.0,"greed":0.0,"war":0.0,"power":3.0,"hunger":3.0},"event_name":"Nameless Tomb","hunger_reward":3.0,"floor":11.0,"gold_loss":0.0,"cards_obtained":[]},{"damage_healed":0.0,"max_hp_gain":0.0,"max_hp_loss":0.0,"gold_gain":0.0,"event_name":"Millennium Items","player_choice":"Took item - Received: Millennium Rod","duelist":true,"floor":12.0,"gold_loss":0.0,"damage_taken":0.0},{"damage_healed":0.0,"max_hp_gain":0.0,"max_hp_loss":0.0,"gold_gain":0.0,"event_name":"The Library","player_choice":"Read","floor":20.0,"gold_loss":0.0,"damage_taken":0.0,"cards_obtained":["theDuelist:CaveDragon"]},{"damage_healed":0,"gold_gain":0,"player_choice":"Succumb - +25HP/Cursed Relic","duelist":true,"damage_taken":0,"max_hp_gain":0,"max_hp_loss":0,"event_name":"Tomb of the Nameless","floor":28,"gold_loss":0},{"damage_healed":0,"gold_gain":0,"player_choice":"Got Potions","damage_taken":0,"max_hp_gain":0,"max_hp_loss":0,"event_name":"Lab","floor":30,"gold_loss":0},{"power_reward":2,"total_magic_score":72,"gold_gain":0,"greed_reward":2,"duelist":true,"damage_taken":45,"relics_obtained":["theDuelist:NamelessPowerRelicA"],"points":7,"max_hp_gain":20,"max_hp_loss":0,"spent_points":{"magic":0,"greed":2,"war":0,"power":2,"hunger":2},"event_name":"Nameless Tomb","hunger_reward":2,"floor":36,"gold_loss":65,"cards_obtained":["theDuelist:MagicSparks","theDuelist:MagicSparks"]},{"damage_healed":0,"gold_gain":0,"player_choice":"Fight","damage_taken":0,"max_hp_gain":0,"max_hp_loss":0,"event_name":"Mysterious Sphere","floor":46,"gold_loss":0}],"is_beta":false,"boss_relics":[{"not_picked":["Snecko Eye","Sozu"],"picked":"HoveringKite"},{"not_picked":["Runic Dome","Runic Pyramid"],"picked":"Philosopher\u0027s Stone"}],"items_purged_floors":[13,38,44],"is_endless":false,"potions_floor_spawned":[2,4,10,14,21,22,24,25,33,37,42,45,54],"ascension_level":0}}