{"host":"uflv0e3ja7hvnij7","time":1609808719,"event":{"mods":["Aspiration","BaseMod","Better Altar","Better Match","Better Note","Better Sensory Stone","Better Skull","Better Third Choice","Conspire","Hubris","Minty Spire (QoL Compilation)","Permanent Neow","Replay The Spire","Shop Mod","StSLib"],"gold_per_floor":[117,292,304,319,16,16,66,66,90,124,124,124,124,137,137,137,137],"floor_reached":16,"playtime":589,"items_purged":["hubris:Lust","hubris:Gluttony"],"score":127,"play_id":"e3717ca3-8a40-4822-96d6-c8893737c0bf","local_time":"20210104200519","is_ascension_mode":true,"campfire_choices":[{"floor":6,"key":"REST"},{"data":"FIFO Queue","floor":8,"key":"SMITH"},{"data":"ReplayTheSpireMod:Calculation Training","floor":11,"key":"SMITH"},{"data":"Zap","floor":13,"key":"SMITH"},{"floor":15,"key":"REST"}],"circlet_count":0,"master_deck":["Strike_B","Strike_B","Strike_B","Strike_B","Defend_B","Defend_B","Defend_B","Defend_B","Zap+1","Dualcast","White Noise","Doubt","conspire:Rain","Ball Lightning","FIFO Queue+1","ReplayTheSpireMod:Calculation Training+1","Heatsinks"],"relics":["Cracked Core","Inserter","Raider\u0027s Mask","ReplayTheSpireMod:CursedCoin","Pet Ghost","aspiration:SeaSaltIceCream","Torii","HornCleat"],"acts_visited":["Exordium"],"potions_floor_usage":[],"damage_taken":[{"damage":6,"enemies":"2 Louse","floor":1,"turns":3},{"damage":24,"enemies":"Jaw Worm","floor":3,"turns":4},{"damage":10,"enemies":"Small Slimes","floor":4,"turns":4},{"damage":10,"enemies":"Lagavulin","floor":10,"turns":5},{"damage":12,"enemies":"Exordium Wildlife","floor":14,"turns":4},{"damage":38,"enemies":"Slime Boss","floor":16,"turns":4}],"seed_played":"7642534991536875897","potions_obtained":[{"floor":3,"key":"PotionOfCapacity"},{"floor":4,"key":"BlessingOfTheForge"}],"is_trial":false,"path_per_floor":["M","?","M","M","$","R","$","R","T","E","R","T","R","M","R","B"],"character_chosen":"DEFECT","items_purchased":["FIFO Queue","Raider\u0027s Mask","ReplayTheSpireMod:CursedCoin"],"campfire_rested":2,"item_purchase_floors":[5,5,7],"current_hp_per_floor":[62,62,38,28,28,50,50,50,50,40,40,40,40,28,50,12,12],"gold":137,"neow_bonus":"CURSED_BOSS_RELIC","is_daily":false,"chose_seed":false,"campfire_upgraded":3,"win_rate":0.0,"timestamp":1609808719,"path_taken":["M","?","M","M","$","R","$","R","T","E","R","?","R","M","R","BOSS"],"items_purchased_type":["Card","Relic","Relic"],"build_version":"2020-12-22","purchased_purges":2,"victory":false,"max_hp_per_floor":[75,75,75,75,75,75,75,75,75,75,75,75,75,75,75,75,75],"card_choices":[{"not_picked":["Double Energy","Turbo"],"picked":"White Noise","floor":1},{"not_picked":["Go for the Eyes","Gash"],"picked":"conspire:Rain","floor":3},{"not_picked":["BasicCrystalCard","Streamline"],"picked":"Ball Lightning","floor":4},{"not_picked":["Cold Snap","Tempest"],"picked":"ReplayTheSpireMod:Calculation Training","floor":10},{"not_picked":["Hello World","Meteor Strike"],"picked":"Heatsinks","floor":14}],"player_experience":489354,"relics_obtained":[{"floor":9,"key":"Pet Ghost"},{"floor":10,"key":"aspiration:SeaSaltIceCream"},{"floor":12,"key":"HornCleat"}],"event_choices":[{"damage_healed":0,"gold_gain":175,"player_choice":"AGREE","damage_taken":117,"max_hp_gain":0,"max_hp_loss":0,"event_name":"betterThird:BetterSerpent","floor":2,"gold_loss":0}],"is_beta":false,"boss_relics":[],"items_purged_floors":[5,7],"is_endless":false,"potions_floor_spawned":[3,4],"killed_by":"Slime Boss","ascension_level":6}}