{"host":"8v7nkx72j7rwevt7","time":1609887557,"event":{"mods":["100% Spire Juice","Act Like it!","Aspiration","BaseMod","Better Third Choice","Challenge The Spire","ChefMod","Conjunction","Conspire","Dota2Spire","Ekko","Energized Spire","GifTheSpireLib","Halation","Hubris","Mimic Mod","Minty Spire (QoL Compilation)","Mirrors Mod","Puzzle Mod","Quarter Circle Forward PUNCH!","Random Character Button","Replay The Spire","Reworked Bosses","Robot Space Explorer","Small Relic Pack","Spikes Relics","StSLib","Stuff the Spire","The Alterego","The Blue Laboratory","The Bug Knight","The Caster","The Death Knight","The Florist","TheBandit","Trackpad","Wandering Minibosses","vexMod"],"gold_per_floor":[112,112,112,112,61,87,87,87,114,133,133,98,110,125,125,229,229,244,244,169,189,189,217,232,85,85,102,119,137,137,83,83,184,184,194,212,229,229,239,239,239,239,309,309,10,23,33,33,33,33],"floor_reached":51,"playtime":3398,"items_purged":["Shame","Amnesia"],"score":694,"play_id":"9616f21b-8338-4477-a43d-781e8692577a","local_time":"20210105175917","is_ascension_mode":false,"campfire_choices":[{"data":"RobotSpaceExplorer:MiniLasers","floor":7,"key":"SMITH"},{"data":"RobotSpaceExplorer:Pulsar","floor":11,"key":"SMITH"},{"data":"RobotSpaceExplorer:DoubleFind","floor":15,"key":"SMITH"},{"floor":30,"key":"REST"},{"data":"RobotSpaceExplorer:MiniBoosters","floor":32,"key":"SMITH"},{"floor":40,"key":"REST"},{"data":"RobotSpaceExplorer:PlasmaMissile","floor":42,"key":"SMITH"},{"data":"RobotSpaceExplorer:MiniBoosters","floor":44,"key":"SMITH"},{"data":"RobotSpaceExplorer:Multitool","floor":49,"key":"SMITH"}],"circlet_count":0,"master_deck":["RobotSpaceExplorer:Strike","RobotSpaceExplorer:Strike","RobotSpaceExplorer:Strike","RobotSpaceExplorer:Strike","RobotSpaceExplorer:Defend","RobotSpaceExplorer:Defend","RobotSpaceExplorer:Defend","RobotSpaceExplorer:Defend","RobotSpaceExplorer:Scan+1","RobotSpaceExplorer:MiniLasers+1","RobotSpaceExplorer:MiniBoosters+1","RobotSpaceExplorer:Pulsar+1","RobotSpaceExplorer:Jetpack+1","RobotSpaceExplorer:MiniDrones+1","RobotSpaceExplorer:DoubleFind+1","RobotSpaceExplorer:Pulsar","RobotSpaceExplorer:PlasmaMissile+1","RobotSpaceExplorer:StarLightning+1","RobotSpaceExplorer:MiniBoosters+1","RobotSpaceExplorer:Pulsar","RobotSpaceExplorer:Pulsar","RobotSpaceExplorer:Pulsar","RobotSpaceExplorer:MiniBoosters+1","RobotSpaceExplorer:Multitool+1","RobotSpaceExplorer:Pulsar","RobotSpaceExplorer:Pulsar","RobotSpaceExplorer:MiniDrones"],"relics":["RobotSpaceExplorer:RoboCore","NeowsBlessing","hubris:Icosahedron","hubris:BundleOfHerbs","halation:PinkSoulGem","StuffTheSpire:CocoNut","Dota2Spire:EchoSabre","vexMod:MysteryBossChallenge","Velvet Choker","Dota2Spire:PhaseBoots","Turnip","BicycleWheel","vexMod:ImprovementManual","trackpad:BottledShadow","wanderingMiniBosses:OtherGremlinHorn","InkBottle"],"acts_visited":["Exordium","TheCity","TheBeyond"],"potions_floor_usage":[36,36,36,50],"damage_taken":[{"damage":0,"enemies":"2 Louse","floor":1,"turns":1},{"damage":0,"enemies":"Gremlin Nob","floor":6,"turns":1},{"damage":0,"enemies":"Small Slimes","floor":10,"turns":1},{"damage":1,"enemies":"Jaw Worm","floor":12,"turns":2},{"damage":5,"enemies":"3 Louse","floor":13,"turns":5},{"damage":0,"enemies":"Looter","floor":14,"turns":2},{"damage":14,"enemies":"The Guardian","floor":16,"turns":8},{"damage":0,"enemies":"3 Byrds","floor":18,"turns":3},{"damage":4,"enemies":"Chosen","floor":21,"turns":5},{"damage":16,"enemies":"conspire:SneckoGhost","floor":23,"turns":6},{"damage":8,"enemies":"Snecko","floor":24,"turns":4},{"damage":2,"enemies":"Cultist and Chosen","floor":27,"turns":5},{"damage":13,"enemies":"Centurion and Healer","floor":28,"turns":5},{"damage":0,"enemies":"Shelled Parasite and Fungi","floor":29,"turns":4},{"damage":7,"enemies":"Pondfish","floor":33,"turns":10},{"damage":11,"enemies":"3 Shapes","floor":35,"turns":4},{"damage":36,"enemies":"Orb Walker","floor":36,"turns":5},{"damage":0,"enemies":"Maw","floor":37,"turns":6},{"damage":0,"enemies":"3 Darklings","floor":39,"turns":4},{"damage":0,"enemies":"Sphere and 2 Shapes","floor":46,"turns":2},{"damage":5,"enemies":"4 Shapes","floor":47,"turns":4},{"damage":59,"enemies":"MirrorBossEncounter","floor":50,"turns":16}],"seed_played":"-6411927259054506642","potions_obtained":[{"floor":13,"key":"AttackPotion"},{"floor":16,"key":"blueLaboratory:BottleOfVodka"},{"floor":18,"key":"Energy Potion"},{"floor":24,"key":"RobotSpaceExplorer:RecyclePotion"},{"floor":37,"key":"conspire:TimeTravelPotion"}],"is_trial":false,"path_per_floor":["M","?","?","?","$","E","R","?","T","M","R","M","M","M","R","B",null,"M","?","$","M","?","E","M","$","T","M","M","M","R","$","R","B",null,"M","M","M","?","M","R","?","R","T","R","$","M","M","?","R","B",null],"character_chosen":"RobotSpaceExplorer","items_purchased":["RobotSpaceExplorer:Pulsar","RobotSpaceExplorer:StarLightning","RobotSpaceExplorer:MiniBoosters","RobotSpaceExplorer:Pulsar","RobotSpaceExplorer:Multitool","RobotSpaceExplorer:Pulsar"],"campfire_rested":2,"item_purchase_floors":[5,25,25,31,45,45],"current_hp_per_floor":[75,75,63,63,63,70,70,70,70,70,70,69,64,64,64,50,82,82,82,82,78,78,62,54,54,54,52,39,39,63,63,63,56,82,71,35,35,35,35,59,59,59,59,59,59,59,54,54,54,82],"gold":33,"neow_bonus":"THREE_ENEMY_KILL","is_daily":false,"chose_seed":false,"campfire_upgraded":7,"win_rate":0.0,"timestamp":1609887557,"path_taken":["M","?","?","?","$","E","R","?","T","M","R","M","M","M","R","BOSS","M","?","$","M","?","E","M","$","T","M","M","M","R","?","R","BOSS","M","M","M","?","M","R","?","R","T","R","$","M","M","?","R","BOSS"],"items_purchased_type":["Card","Card","Card","Card","Card","Card"],"build_version":"2020-12-22","purchased_purges":2,"victory":true,"max_hp_per_floor":[75,75,75,75,75,82,82,82,82,82,82,82,82,82,82,82,82,82,82,82,82,82,82,82,82,82,82,82,82,82,82,82,82,82,82,82,82,82,82,82,82,82,82,82,82,82,82,82,82,82],"card_choices":[{"not_picked":["RobotSpaceExplorer:SlimeMissile","RobotSpaceExplorer:Counterblock"],"picked":"RobotSpaceExplorer:MiniBoosters","floor":1},{"not_picked":["RobotSpaceExplorer:FrostMissile","RobotSpaceExplorer:Ammunition"],"picked":"RobotSpaceExplorer:Jetpack","floor":6},{"not_picked":["RobotSpaceExplorer:LuckyStrike","RobotSpaceExplorer:ShockKick","RobotSpaceExplorer:ShovelStrike"],"picked":"SKIP","floor":10},{"not_picked":["RobotSpaceExplorer:ScrapMissile","RobotSpaceExplorer:Reload","RobotSpaceExplorer:LuckyStrike"],"picked":"SKIP","floor":12},{"not_picked":["RobotSpaceExplorer:SurgingStrike","RobotSpaceExplorer:ShovelStrike"],"picked":"RobotSpaceExplorer:MiniDrones","floor":13},{"not_picked":["RobotSpaceExplorer:ShovelStrike","RobotSpaceExplorer:Probe"],"picked":"RobotSpaceExplorer:DoubleFind","floor":14},{"not_picked":["RobotSpaceExplorer:Asteroid","RobotSpaceExplorer:Scanner"],"picked":"RobotSpaceExplorer:Exploration","floor":16},{"not_picked":["RobotSpaceExplorer:Electropulse+1","RobotSpaceExplorer:ShovelStrike","RobotSpaceExplorer:FrostMissile"],"picked":"SKIP","floor":18},{"not_picked":["RobotSpaceExplorer:JunkDive","RobotSpaceExplorer:RigExplosive+1"],"picked":"RobotSpaceExplorer:Pulsar","floor":21},{"not_picked":["RobotSpaceExplorer:Blitz+1","RobotSpaceExplorer:SurgingStrike","RobotSpaceExplorer:ImprovisedAttack"],"picked":"SKIP","floor":23},{"not_picked":["RobotSpaceExplorer:PowerCollector+1","RobotSpaceExplorer:ShockKick"],"picked":"RobotSpaceExplorer:PlasmaMissile","floor":24},{"not_picked":["RobotSpaceExplorer:SlimeMissile","RobotSpaceExplorer:ShovelStrike+1"],"picked":"RobotSpaceExplorer:Pulsar","floor":27},{"not_picked":["RobotSpaceExplorer:Discharger+1","RobotSpaceExplorer:Fix+1","RobotSpaceExplorer:SwiftStep"],"picked":"SKIP","floor":28},{"not_picked":["RobotSpaceExplorer:Discharger","RobotSpaceExplorer:Blaster","RobotSpaceExplorer:FreezeRay+1"],"picked":"SKIP","floor":29},{"not_picked":["RobotSpaceExplorer:Explosion","RobotSpaceExplorer:Asteroid"],"picked":"RobotSpaceExplorer:Exploration","floor":33},{"not_picked":["RobotSpaceExplorer:GlueSpray","RobotSpaceExplorer:MiniDrones"],"picked":"RobotSpaceExplorer:Pulsar","floor":35},{"not_picked":["RobotSpaceExplorer:FranticSearch","RobotSpaceExplorer:SlimeMissile+1","RobotSpaceExplorer:ShockKick+1"],"picked":"SKIP","floor":36},{"not_picked":["RobotSpaceExplorer:DoubleFind","RobotSpaceExplorer:ImprovisedAttack+1","RobotSpaceExplorer:Probe"],"picked":"SKIP","floor":37},{"not_picked":["RobotSpaceExplorer:SlimeMissile+1","RobotSpaceExplorer:SwiftStep+1"],"picked":"RobotSpaceExplorer:MiniBoosters","floor":39},{"not_picked":["RobotSpaceExplorer:ShockKick","RobotSpaceExplorer:ToxicBomb"],"picked":"RobotSpaceExplorer:MiniDrones","floor":46},{"not_picked":["RobotSpaceExplorer:Electropulse","RobotSpaceExplorer:Explosion","RobotSpaceExplorer:Reload+1"],"picked":"SKIP","floor":47}],"player_experience":168493,"relics_obtained":[{"floor":6,"key":"StuffTheSpire:CocoNut"},{"floor":9,"key":"Dota2Spire:EchoSabre"},{"floor":21,"key":"Dota2Spire:PhaseBoots"},{"floor":23,"key":"Turnip"},{"floor":26,"key":"BicycleWheel"},{"floor":35,"key":"trackpad:BottledShadow"},{"floor":36,"key":"wanderingMiniBosses:OtherGremlinHorn"},{"floor":43,"key":"InkBottle"}],"event_choices":[{"damage_healed":0,"gold_gain":0,"player_choice":"Relic ","damage_taken":12,"max_hp_gain":0,"max_hp_loss":0,"event_name":"betterThird:BetterScrap","floor":3,"gold_loss":0,"cards_obtained":["StuffTheSpire:BloodClot"]},{"damage_healed":0,"gold_gain":0,"player_choice":"Disagree","damage_taken":0,"max_hp_gain":0,"max_hp_loss":0,"event_name":"conspire:LoneGhost","floor":8,"gold_loss":0},{"cards_removed":["Shame"],"damage_healed":0,"gold_gain":0,"player_choice":"Purged","damage_taken":0,"max_hp_gain":0,"max_hp_loss":0,"event_name":"Purifier","floor":48,"gold_loss":0}],"is_beta":false,"boss_relics":[{"not_picked":["hubris:HollowSoul","halation:CatFaceCupcake"],"picked":"vexMod:MysteryBossChallenge"},{"not_picked":["Honey Jar","qcfpunch:Crimson_Sash"],"picked":"vexMod:ImprovementManual"}],"items_purged_floors":[20,45],"is_endless":false,"potions_floor_spawned":[13,16,18,24,33,37],"ascension_level":0}}