{"host":"yhemb00fn7g5zwp1","time":1609840510,"event":{"mods":["AchievementEnabler","Act Like it!","BaseMod","CapriCore","Gensokyo","Highlight Path","KinomotoSakuraMod(ƒæ÷Æ±æ”£)","Koishi","KomeijiMod","Lobotomy","LobotomyExtend","Marisa£®ÏF”Í°°ƒß¿Ì…≥£©","Minty Spire (QoL Compilation)","MostiFishMod","Pale of the Ancients","Prisma Mod","Reimu£®≤©¿ˆ¡È√Œ£©","StSLib","Td1madao Mod","The Immortal","The Servant 0.9.4","Yakumo Yukari mod","Youmu£®ªÍ∆«—˝√Œ£©","Yuyuko","°æ“≈ŒÔø®≈∆°øREMEMod","ÛÙª÷∏ƒœ"],"gold_per_floor":[116,116,132,132,422,422,434,434,509,529,529,529,128,141,141,244,244,261,277,291,291,291],"floor_reached":21,"playtime":1191,"items_purged":["BloodyDesire"],"score":223,"play_id":"8d61b2d8-253f-404a-9593-540c976803df","local_time":"20210105175510","is_ascension_mode":false,"campfire_choices":[{"floor":8,"key":"REST"}],"circlet_count":0,"master_deck":["SpecialBullet","SpecialBullet","SpecialBullet","SpecialBullet","SpecialBullet","InformationCode","ControlCode","RecordCode","Christmas","OSAHOGD","Penitence","Bloodbath","Wingbeat","Wingbeat","BlueScar","WallGazer","RapturousDream","DreamingCurrent","BlueScar","SpiderBud","Lamp+5","Gaze+1","Mercenary","Wingbeat+1","VoidDream","Pinks+1","Rudolta","WristCuter+1","SpecialBullet","Woodsman","BlueScar+1","SpecialBullet","LittleHelper","ScreamingWedge+1"],"relics":["CogitoBucket","REME_ComplimentaryCards","DaveBox","BirthdayGift-Tetrahedron","LetterFromLob","SynthV:TestCard","Gensokyo:OccultBall","Toxic Egg 2","SkinProphecy","ShadowXiaoBlade"],"acts_visited":["Exordium","Gensokyo:Gensokyo"],"potions_floor_usage":[],"damage_taken":[{"damage":4,"enemies":"Gensokyo:3_Fairies","floor":1,"turns":3},{"damage":3,"enemies":"Gensokyo:2_Kodama","floor":3,"turns":2},{"damage":30,"enemies":"Gensokyo:Gryphon","floor":5,"turns":2},{"damage":6,"enemies":"Gensokyo:3_Kodama","floor":7,"turns":3},{"damage":3,"enemies":"Gensokyo:2_Rabbits","floor":10,"turns":1},{"damage":10,"enemies":"Gensokyo:CorruptedTreant","floor":14,"turns":6},{"damage":16,"enemies":"Gensokyo:Reimu","floor":16,"turns":7},{"damage":16,"enemies":"Gensokyo:3_Dogs","floor":18,"turns":5},{"damage":18,"enemies":"Gensokyo:Chomper","floor":19,"turns":2},{"damage":47,"enemies":"Gensokyo:Wraith","floor":20,"turns":3},{"damage":22,"enemies":"Gensokyo:Slime_Group","floor":21,"turns":1}],"seed_played":"-9055100583457264850","potions_obtained":[{"floor":18,"key":"ColorlessPotion"}],"is_trial":false,"path_per_floor":["M","?","M","?","M","R","M","R","T","M","?","?","R","M","R","B",null,"M","M","M","M"],"character_chosen":"Angela","items_purchased":["Toxic Egg 2","Gaze+1"],"campfire_rested":1,"item_purchase_floors":[13,13],"current_hp_per_floor":[59,59,56,56,26,26,20,38,38,36,36,36,36,58,58,63,65,67,46,20,0,0],"gold":291,"neow_bonus":"TRANSFORM_TWO_CARDS","is_daily":false,"chose_seed":false,"campfire_upgraded":0,"win_rate":0.0,"timestamp":1609840510,"path_taken":["M","?","M","?","?","R","M","R","T","M","?","?","R","M","R","BOSS","M","M","M","?"],"items_purchased_type":["Relic","Card"],"build_version":"2020-12-22","purchased_purges":1,"victory":false,"max_hp_per_floor":[63,63,63,63,63,63,63,63,63,63,63,63,63,63,63,65,65,67,69,71,75,75],"card_choices":[{"not_picked":["SnowQueen","WallGazer"],"picked":"OSAHOGD","floor":1},{"not_picked":["Tough"],"picked":"Penitence","floor":1},{"not_picked":["CherryBlossoms","OldLady"],"picked":"Bloodbath","floor":3},{"not_picked":["SomewhereSpear","BearPaw","BloodyDesire"],"picked":"Wingbeat","floor":3},{"not_picked":["Horn","BloodyDesire","Tough"],"picked":"Wingbeat","floor":4},{"not_picked":["Harvest","Horn","WristCuter"],"picked":"BlueScar","floor":4},{"not_picked":["UniverseFragment","MHz"],"picked":"WallGazer","floor":5},{"not_picked":["Lantern","CherryBlossom","FeatherOfHonor"],"picked":"RapturousDream","floor":5},{"not_picked":["ShyLook","UniverseFragment"],"picked":"DreamingCurrent","floor":7},{"not_picked":["CherryBlossom","TodaysExpression","Tough"],"picked":"BlueScar","floor":7},{"not_picked":["Murderer","PunishingBird"],"picked":"SpiderBud","floor":10},{"not_picked":["Moonlight","FourthMatchFlame","GoldRush"],"picked":"Lamp","floor":10},{"not_picked":["MeatLantern","WhiteNight"],"picked":"Mercenary","floor":14},{"not_picked":["BloodyDesire+1","TodaysExpression+1","Logging"],"picked":"Wingbeat+1","floor":14},{"not_picked":["OldLady","PunishingBird"],"picked":"VoidDream","floor":16},{"not_picked":["SoundOfStar+1","CENSORED_ego+1","GoldRush"],"picked":"Pinks+1","floor":16},{"not_picked":["OldLady","ShyLook"],"picked":"Rudolta","floor":18},{"not_picked":["Regret_ego","TodaysExpression+1","Tough"],"picked":"WristCuter+1","floor":18},{"not_picked":["PunishingBird","Scorched"],"picked":"Woodsman","floor":19},{"not_picked":["Tough","Noise+1","Twilight"],"picked":"BlueScar+1","floor":19},{"not_picked":["Murderer","Scorched"],"picked":"LittleHelper","floor":20},{"not_picked":["LifeForTheDareDevil","Gaze+1","Regret_ego"],"picked":"ScreamingWedge+1","floor":20}],"player_experience":431593,"relics_obtained":[{"floor":1,"key":"LetterFromLob"},{"floor":1,"key":"SynthV:TestCard"},{"floor":3,"key":"Gensokyo:OccultBall"},{"floor":7,"key":"Gensokyo:OccultBall"},{"floor":16,"key":"Gensokyo:OccultBall"}],"event_choices":[],"is_beta":false,"boss_relics":[{"not_picked":["Sozu","Black Star"],"picked":"ShadowXiaoBlade"}],"items_purged_floors":[13],"is_endless":false,"potions_floor_spawned":[18],"killed_by":"Gensokyo:Slime_Group","ascension_level":0}}