{"host":"yknvfbbdiwou5sqc","time":1609850170,"event":{"mods":["AchievementEnabler","BaseMod","Colored Map","Colored Powertips","DeckTracker","Minty Spire (QoL Compilation)","Relic Sorter","SuperFastMode"],"gold_per_floor":[114,189,205,230,230,230,244,264,311,338,338,353,303,313,313,313,313],"floor_reached":16,"playtime":454,"items_purged":[],"score":92,"play_id":"c82b5659-c9a0-4954-b350-77316c249055","local_time":"20210105143610","is_ascension_mode":false,"campfire_choices":[{"data":"Eruption","floor":6.0,"key":"SMITH"},{"data":"Defend_P","floor":11.0,"key":"SMITH"},{"floor":15.0,"key":"REST"}],"circlet_count":0,"master_deck":["Strike_P","Strike_P","Strike_P","Defend_P","Defend_P","Defend_P","Defend_P+1","Eruption+1","Vigilance","FearNoEvil"],"relics":["PureWater"],"acts_visited":[],"potions_floor_usage":[16,16],"damage_taken":[{"damage":0.0,"enemies":"2 Louse","floor":1.0,"turns":2.0},{"damage":11.0,"enemies":"Cultist","floor":3.0,"turns":5.0},{"damage":6.0,"enemies":"Jaw Worm","floor":7.0,"turns":3.0},{"damage":3.0,"enemies":"Exordium Thugs","floor":8.0,"turns":4.0},{"damage":18.0,"enemies":"2 Fungi Beasts","floor":12.0,"turns":2.0},{"damage":0.0,"enemies":"Looter","floor":14.0,"turns":2.0},{"damage":68,"enemies":"Slime Boss","floor":16,"turns":4}],"seed_played":"2190635821266898909","potions_obtained":[{"floor":3.0,"key":"SkillPotion"},{"floor":7.0,"key":"Weak Potion"},{"floor":12.0,"key":"GamblersBrew"},{"floor":14.0,"key":"BottledMiracle"}],"is_trial":false,"path_per_floor":["M","?","M","T","?","R","M","M","T","T","R","M","?","M","R","B"],"character_chosen":"WATCHER","items_purchased":[],"campfire_rested":1,"item_purchase_floors":[],"current_hp_per_floor":[79,72,61,61,61,61,55,52,52,52,52,34,34,34,57,0,0],"gold":313,"neow_bonus":"TEN_PERCENT_HP_BONUS","is_daily":false,"chose_seed":false,"campfire_upgraded":2,"win_rate":0.0,"timestamp":1609850170,"path_taken":["M","?","?","?","?","R","M","M","T","?","R","?","?","M","R","BOSS"],"items_purchased_type":[],"build_version":"2020-12-22","purchased_purges":0,"victory":false,"max_hp_per_floor":[79,79,79,79,79,79,79,79,79,79,79,79,79,79,79,79,79],"card_choices":[{"not_picked":["Prostrate","WaveOfTheHand","WreathOfFlame"],"picked":"SKIP","floor":1.0},{"not_picked":["CutThroughFate","Nirvana","FlyingSleeves"],"picked":"SKIP","floor":3.0},{"not_picked":["WaveOfTheHand","PathToVictory"],"picked":"FearNoEvil","floor":7.0},{"not_picked":["FearNoEvil","EmptyFist","MentalFortress"],"picked":"SKIP","floor":8.0},{"not_picked":["Wish","LikeWater","Halt"],"picked":"SKIP","floor":12.0},{"not_picked":["SignatureMove","MentalFortress","JustLucky"],"picked":"SKIP","floor":14.0}],"player_experience":158255,"relics_obtained":[],"event_choices":[{"damage_healed":0.0,"max_hp_gain":0.0,"max_hp_loss":0.0,"gold_gain":75.0,"event_name":"FaceTrader","player_choice":"Touch","floor":2.0,"gold_loss":0.0,"damage_taken":7.0},{"damage_healed":0.0,"max_hp_gain":0.0,"max_hp_loss":0.0,"gold_gain":0.0,"event_name":"Liars Game","player_choice":"Ignored","floor":5.0,"gold_loss":0.0,"damage_taken":0.0},{"cards_removed":["Strike_P"],"damage_healed":0.0,"max_hp_gain":0.0,"max_hp_loss":0.0,"gold_gain":0.0,"event_name":"The Cleric","player_choice":"Card Removal","floor":13.0,"gold_loss":50.0,"damage_taken":0.0}],"is_beta":false,"boss_relics":[],"items_purged_floors":[],"is_endless":false,"potions_floor_spawned":[3,7,12,14],"killed_by":"Slime Boss","ascension_level":0}}