{"host":"0azimyi6n3ugndj4","time":1609809236,"event":{"mods":["2.2 Compatiblity","BaseMod","Bestiary","Conspire","Curses Come First","Defuse TimeMaze Blight","Hermit","Hubris","Hyrulean Relics","Infinite Spire","Jorbs\u0027s Wanderer Trilogy","Minty Spire (QoL Compilation)","Relic Stats","Replay The Spire","StSLib","SuperFastMode","The Cursed","The Hierophant","Uncapped","¡¼?Úª?ø«¡½REMEMod"],"gold_per_floor":[124,124,124,124,124,163,5,26,75,114,114,133,87,87,87],"floor_reached":14,"playtime":229,"items_purged":[],"score":292,"play_id":"f2481185-193e-4cf2-93df-a88aa6e2ca30","local_time":"20210105101356","daily_mods":["SealedDeck","Hoarder","Insanity","Chimera","Specialized","ControlledChaos","Allstar","Diverse","Colorless Cards","Heirloom","Time Dilation","Flight","Elite Swarm","Binary"],"is_ascension_mode":true,"campfire_choices":[],"circlet_count":0,"master_deck":["Demon Form","Wraith Form v2","Echo Form","DevaForm","stsjorbsmod:ArcaneForm","stsjorbsmod:WastingForm","AscendersBane","Bash","Survivor","Zap","Strike_R","Strike_G","Strike_B","Defend_R","Defend_G","Defend_P","Run Through","stsjorbsmod:Firebolt","hermit:CalledShot","FollowUp","hermit:TrackingShot","hermit:Snipe","hermit:Determination","stsjorbsmod:Hibernate","hierophant:Racketeering","Sucker Punch","Shrug It Off","Panic Button","hierophant:RepressedViolence","PiercingWail","Replay:ManipulateFuture","TheCursedMod:WearCloak","Consecrate","TheCursedMod:CursedBlade","Barrage","hermit:ShadowCloak","Bloodletting","hierophant:CursedGold","REME_TwoStrings","hierophant:MorningPrayer","hermit:Snipe","Poisoned Stab","EmptyBody","TheCursedMod:RapidMovement","SashWhip","hermit:CalledShot","hierophant:Doubloon","ReplayTheSpireMod:Repulse","hermit:NoHoldsBarred","hierophant:Flagellation","hierophant:AuricBeam","hierophant:Martyrdom","hermit:CursedWeapon","hermit:Manifest","hierophant:Zeal","hermit:LowProfile","Stack","hermit:HoleUp","Dark Shackles","hermit:Headshot","Consecrate","TheCursedMod:CircleOfCorruption","hermit:TrackingShot","True Grit","Pummel","Backstab","stsjorbsmod:ScorchingRay","stsjorbsmod:ScorchingRay","stsjorbsmod:ScorchingRay","stsjorbsmod:ScorchingRay","stsjorbsmod:ScorchingRay","stsjorbsmod:ScorchingRay","stsjorbsmod:ScorchingRay","stsjorbsmod:ScorchingRay","stsjorbsmod:ScorchingRay","stsjorbsmod:ScorchingRay","stsjorbsmod:ScorchingRay","stsjorbsmod:ScorchingRay","stsjorbsmod:ScorchingRay","stsjorbsmod:ScorchingRay","stsjorbsmod:ScorchingRay","TheCursedMod:Stigma","TheCursedMod:Stigma","TheCursedMod:Stigma","hermit:Snipe","hermit:Snipe","hermit:Snipe","stsjorbsmod:Introspection","stsjorbsmod:Introspection","stsjorbsmod:Introspection","Beam Cell","Beam Cell","Beam Cell","Heavy Blade","Heavy Blade","Heavy Blade","Good Instincts","Good Instincts","Good Instincts","hermit:BodyArmor","hermit:BodyArmor","hermit:BodyArmor","stsjorbsmod:BookOfTongues","stsjorbsmod:BookOfTongues","stsjorbsmod:BookOfTongues","TheCursedMod:SaltUponWound","TheCursedMod:SaltUponWound","Rampage","Rampage","Rampage","Tools of the Trade","Tools of the Trade","Tools of the Trade"],"relics":["TheCursedMod:BlackMagic101","Frozen Eye","Busted Crown","REME_ComplimentaryCards","Torii","infinitespire:Cubic Diamond","zeldaRelics:CourageTriforce","Anchor","zeldaRelics:WisdomPiece"],"acts_visited":["Exordium"],"potions_floor_usage":[14,14],"damage_taken":[{"damage":6,"enemies":"Small Slimes","floor":1,"turns":2},{"damage":13,"enemies":"Gremlin Nob","floor":6,"turns":3},{"damage":0,"enemies":"2 Louse","floor":8,"turns":2},{"damage":40,"enemies":"Lagavulin","floor":10,"turns":5},{"damage":0,"enemies":"Cultist","floor":12,"turns":3},{"damage":7,"enemies":"3 Sentries","floor":14,"turns":2}],"seed_played":"-2920888869833530967","potions_obtained":[{"floor":8,"key":"Weak Potion"},{"floor":10,"key":"Ancient Potion"}],"is_trial":true,"path_per_floor":["M","?","?","?","T","E","$","M","T","E","?","M","?","E"],"character_chosen":"HIEROPHANT","items_purchased":["Anchor"],"campfire_rested":0,"item_purchase_floors":[7],"current_hp_per_floor":[62,65,65,58,58,45,45,45,45,5,5,5,5,0,0],"gold":87,"neow_bonus":"","is_daily":false,"chose_seed":false,"campfire_upgraded":0,"win_rate":0.0,"timestamp":1609809236,"path_taken":["M","?","?","?","?","E","$","?","T","E","?","M","?","E"],"items_purchased_type":["Relic"],"build_version":"2020-12-22","purchased_purges":0,"victory":false,"max_hp_per_floor":[75,78,78,78,78,78,78,78,78,78,78,78,78,78,78],"relic_stats":{"Busted Crown":22,"Torii":0,"counters":[6,17],"obtain_stats":[{"Frozen Eye":0,"TheCursedMod:BlackMagic101":3,"Anchor":7,"zeldaRelics:WisdomPiece":10,"Busted Crown":0,"Torii":0,"hierophant:PropheticMaskRelic":0,"infinitespire:Cubic Diamond":3,"zeldaRelics:CouragePiece":5,"zeldaRelics:CourageTriforce":9,"REME_ComplimentaryCards":0},{"Frozen Eye":0,"TheCursedMod:BlackMagic101":1,"Anchor":2,"zeldaRelics:WisdomPiece":4,"Busted Crown":0,"Torii":0,"hierophant:PropheticMaskRelic":0,"infinitespire:Cubic Diamond":1,"zeldaRelics:CouragePiece":1,"zeldaRelics:CourageTriforce":3,"REME_ComplimentaryCards":0},{"Frozen Eye":0,"TheCursedMod:BlackMagic101":2,"Anchor":5,"zeldaRelics:WisdomPiece":12,"Busted Crown":0,"Torii":0,"hierophant:PropheticMaskRelic":0,"infinitespire:Cubic Diamond":2,"zeldaRelics:CouragePiece":2,"zeldaRelics:CourageTriforce":7,"REME_ComplimentaryCards":0}]},"card_choices":[],"player_experience":1540615,"relics_obtained":[{"floor":5,"key":"zeldaRelics:CouragePiece"},{"floor":6,"key":"zeldaRelics:CouragePiece"},{"floor":9,"key":"zeldaRelics:CouragePiece"},{"floor":10,"key":"zeldaRelics:WisdomPiece"}],"event_choices":[{"cards_removed":["Eruption"],"damage_healed":0,"gold_gain":0,"player_choice":"Card Removal","damage_taken":7,"max_hp_gain":0,"max_hp_loss":0,"event_name":"Golden Wing","floor":4,"gold_loss":0},{"cards_removed":["TheCursedMod:SaltUponWound"],"damage_healed":0,"gold_gain":0,"player_choice":"Forget","damage_taken":0,"max_hp_gain":0,"max_hp_loss":0,"event_name":"Living Wall","floor":11,"gold_loss":0},{"damage_healed":0,"gold_gain":0,"player_choice":"Left Gold","damage_taken":0,"max_hp_gain":0,"max_hp_loss":0,"event_name":"World of Goop","floor":13,"gold_loss":46}],"is_beta":false,"boss_relics":[],"items_purged_floors":[],"is_endless":false,"potions_floor_spawned":[8,10,12],"killed_by":"3 Sentries","ascension_level":20}}