{"host":"m77rrhbqzv44va4v","time":1609843096,"event":{"mods":["AchievementEnabler","BaseMod","Colored Map","DeckTracker","Keyboard Shortcuts","Minty Spire (QoL Compilation)","StSLib","SuperFastMode","everything is the same but u backflip on backflip"],"gold_per_floor":[116,116,131,144,159,159,187,187,213,238,66,78,78,78,78,197,197,211,231,52,52,52,52,67,67,67,110,110,25,25,25],"floor_reached":30,"playtime":678,"items_purged":["Strike_B","Strike_B"],"score":384,"play_id":"687640fd-964a-4954-997d-6e4553177a6e","local_time":"20210105193816","is_ascension_mode":true,"campfire_choices":[{"data":"Dualcast","floor":6,"key":"SMITH"},{"data":"Glacier","floor":8,"key":"SMITH"},{"floor":15,"key":"REST"},{"floor":23,"key":"REST"},{"data":"Undo","floor":25,"key":"SMITH"},{"floor":28,"key":"REST"}],"circlet_count":0,"master_deck":["AscendersBane","Strike_B","Defend_B","Defend_B","Defend_B","Zap","Dualcast+1","Streamline","Go for the Eyes","Compile Driver","Glacier+1","Cold Snap","Undo+1","Capacitor","Turbo","Echo Form","Ball Lightning+1","Conserve Battery","FTL","Sunder","Heatsinks","Self Repair"],"relics":["Cracked Core","NeowsBlessing","Nunchaku","PreservedInsect","DataDisk","Bronze Scales","Golden Idol","Inserter","Frozen Egg 2","Blue Candle","Omamori"],"acts_visited":["Exordium","TheCity"],"potions_floor_usage":[5,7,7,16,27],"damage_taken":[{"damage":0,"enemies":"2 Louse","floor":1,"turns":1},{"damage":0,"enemies":"Cultist","floor":3,"turns":1},{"damage":0,"enemies":"Jaw Worm","floor":4,"turns":1},{"damage":8,"enemies":"Blue Slaver","floor":5,"turns":2},{"damage":14,"enemies":"3 Sentries","floor":7,"turns":5},{"damage":12,"enemies":"Gremlin Nob","floor":10,"turns":3},{"damage":0,"enemies":"Looter","floor":12,"turns":3},{"damage":25,"enemies":"Slime Boss","floor":16,"turns":10},{"damage":19,"enemies":"Spheric Guardian","floor":18,"turns":5},{"damage":34,"enemies":"3 Byrds","floor":19,"turns":4},{"damage":13,"enemies":"3 Cultists","floor":24,"turns":6},{"damage":26,"enemies":"Slavers","floor":27,"turns":5},{"damage":34,"enemies":"Cultist and Chosen","floor":30,"turns":7}],"seed_played":"-3044124115907929998","potions_obtained":[{"floor":1,"key":"PowerPotion"},{"floor":3,"key":"FearPotion"},{"floor":4,"key":"FearPotion"},{"floor":5,"key":"Explosive Potion"},{"floor":19,"key":"ColorlessPotion"},{"floor":27,"key":"ColorlessPotion"}],"is_trial":false,"path_per_floor":["M","?","M","M","M","R","E","R","T","E","$","M","?","?","R","B",null,"M","M","$","?","?","R","M","R","T","E","R","?","M"],"character_chosen":"DEFECT","items_purchased":["Capacitor","Turbo","FTL"],"campfire_rested":3,"item_purchase_floors":[11,11,20],"current_hp_per_floor":[68,68,68,68,60,60,46,46,46,34,34,34,16,16,38,13,60,41,7,7,32,32,54,41,41,41,22,44,44,10,10],"gold":25,"neow_bonus":"THREE_ENEMY_KILL","is_daily":false,"chose_seed":false,"campfire_upgraded":3,"win_rate":0.0,"timestamp":1609843096,"path_taken":["M","?","M","M","M","R","E","R","T","E","?","M","?","?","R","BOSS","M","M","$","?","?","R","M","R","T","E","R","?","M"],"items_purchased_type":["Card","Card","Card"],"build_version":"2020-12-22","purchased_purges":2,"victory":false,"max_hp_per_floor":[75,75,75,75,75,75,75,75,75,75,75,75,75,75,75,75,75,75,75,75,75,75,75,75,75,75,75,75,75,75,75],"card_choices":[{"not_picked":["Reprogram","Rebound"],"picked":"Streamline","floor":1},{"not_picked":["Tempest","Stack"],"picked":"Go for the Eyes","floor":3},{"not_picked":["Aggregate","Streamline"],"picked":"Compile Driver","floor":4},{"not_picked":["Compile Driver","Hello World"],"picked":"Glacier","floor":5},{"not_picked":["Melter","Machine Learning"],"picked":"Cold Snap","floor":7},{"not_picked":["Cold Snap","Go for the Eyes"],"picked":"Undo","floor":10},{"not_picked":["Fusion","Steam","Undo"],"picked":"SKIP","floor":12},{"not_picked":["Buffer","Machine Learning"],"picked":"Echo Form","floor":16},{"not_picked":["Doom and Gloom","Hologram"],"picked":"Ball Lightning+1","floor":18},{"not_picked":["White Noise","Go for the Eyes+1"],"picked":"Conserve Battery","floor":19},{"not_picked":["Steam","Go for the Eyes+1"],"picked":"Self Repair","floor":24},{"not_picked":["Capacitor+1","Sweeping Beam","Lockon"],"picked":"SKIP","floor":27}],"player_experience":894251,"relics_obtained":[{"floor":2,"key":"Nunchaku"},{"floor":7,"key":"PreservedInsect"},{"floor":9,"key":"DataDisk"},{"floor":10,"key":"Bronze Scales"},{"floor":26,"key":"Frozen Egg 2"},{"floor":27,"key":"Blue Candle"}],"event_choices":[{"damage_healed":0,"gold_gain":0,"player_choice":"Relic","damage_taken":0,"max_hp_gain":0,"max_hp_loss":0,"event_name":"Wheel of Change","floor":2,"gold_loss":0},{"damage_healed":0,"gold_gain":0,"player_choice":"Take Damage","damage_taken":18,"relics_obtained":["Golden Idol"],"max_hp_gain":0,"max_hp_loss":0,"event_name":"Golden Idol","floor":13,"gold_loss":0},{"damage_healed":0,"gold_gain":0,"player_choice":"Searched \u00271\u0027 times","damage_taken":0,"max_hp_gain":0,"max_hp_loss":0,"event_name":"Dead Adventurer","floor":14,"gold_loss":0},{"damage_healed":25,"gold_gain":0,"player_choice":"Heal","damage_taken":0,"max_hp_gain":0,"max_hp_loss":0,"event_name":"The Library","floor":21,"gold_loss":0},{"damage_healed":0,"gold_gain":0,"cards_transformed":["Defend_B","Strike_B"],"player_choice":"Became Test Subject","damage_taken":0,"max_hp_gain":0,"max_hp_loss":0,"event_name":"Drug Dealer","floor":22,"gold_loss":0,"cards_obtained":["Sunder","Heatsinks"]},{"damage_healed":0,"gold_gain":0,"player_choice":"Obtained Relic","damage_taken":0,"relics_obtained":["Omamori"],"max_hp_gain":0,"max_hp_loss":0,"event_name":"Addict","floor":29,"gold_loss":85}],"is_beta":false,"boss_relics":[{"not_picked":["Astrolabe","Black Star"],"picked":"Inserter"}],"items_purged_floors":[11,20],"is_endless":false,"potions_floor_spawned":[1,3,4,5,19,27],"killed_by":"Cultist and Chosen","ascension_level":10}}