{"host":"wj90f2q0h2omert0","time":1609865307,"event":{"mods":["BaseMod","Beaked The Cultist","Better Third Choice","ChefMod","Clawfect","Colored Map","DeckTracker","Downfall","Gremlin Mod","Hubris","JesterMod","Minty Spire (QoL Compilation)","READ ME - Guardian Mod","Relic Stats","Robot Space Explorer","Shade Mod","StSLib","The Animator","The Blackbeard","The Bug Knight","The Caster","The Construct","The Dragon Tamer","The Druid","The Servant 0.9.4","TheLocksmith","TheSwordswoman"],"gold_per_floor":[118,393,93,110,124,157,157,169,192,207,207,207,66,66,66,164,164,164],"floor_reached":17,"playtime":1210,"items_purged":["Regret","Regret"],"score":155,"play_id":"5f86106a-b09d-4293-9bf6-40f36c828846","local_time":"20210105114827","is_ascension_mode":false,"campfire_choices":[{"data":"beaked:Ceremony","floor":7.0,"key":"SMITH"},{"data":"beaked:Ceremony","floor":12.0,"key":"SMITH"},{"floor":15.0,"key":"REST"}],"circlet_count":0,"master_deck":["beaked:Strike_Y","beaked:Strike_Y","beaked:Strike_Y","beaked:Strike_Y","beaked:Strike_Y","beaked:Strike_Y","beaked:Defend_Y","beaked:Defend_Y","beaked:Defend_Y","beaked:Defend_Y","beaked:Ceremony+1","beaked:Ceremony","beaked:Ceremony+1","beaked:DarkPact","beaked:WarriorSpirit","beaked:Insight","Mayhem","beaked:MaddeningMurmurs","beaked:HuntressSpirit","beaked:Foresight","beaked:Tweet","beaked:Brace","beaked:MaddeningMurmurs","beaked:VolatileMisfortune"],"relics":["beaked:MendingPlumage","Pantograph","Boot","Bag of Preparation","Juzu Bracelet"],"acts_visited":["TheCity"],"potions_floor_usage":[],"damage_taken":[{"damage":11.0,"enemies":"Small Slimes","floor":1.0,"turns":5.0},{"damage":9.0,"enemies":"Cultist","floor":4.0,"turns":5.0},{"damage":24.0,"enemies":"2 Louse","floor":5.0,"turns":6.0},{"damage":26.0,"enemies":"Gremlin Nob","floor":6.0,"turns":4.0},{"damage":25.0,"enemies":"Blue Slaver","floor":8.0,"turns":6.0},{"damage":22.0,"enemies":"Exordium Wildlife","floor":10.0,"turns":7.0},{"damage":24.0,"enemies":"Hexaghost","floor":16.0,"turns":10.0}],"seed_played":"-2787875438510270991","potions_obtained":[{"floor":1.0,"key":"PowerPotion"},{"floor":5.0,"key":"Explosive Potion"},{"floor":8.0,"key":"EssenceOfSteel"},{"floor":16.0,"key":"PowerPotion"}],"is_trial":false,"path_per_floor":["M","?","$","M","M","E","R","M","T","M","?","R","$","?","R","B",null],"character_chosen":"BEAKED_THE_CULTIST","items_purchased":["beaked:Insight","Mayhem","beaked:MaddeningMurmurs"],"campfire_rested":1,"item_purchase_floors":[3,3,13],"current_hp_per_floor":[50,50,50,49,41,32,32,26,26,30,30,30,30,18,33,50,50,50],"gold":164,"neow_bonus":"ONE_RANDOM_RARE_CARD","is_daily":false,"chose_seed":false,"campfire_upgraded":2,"win_rate":0.0,"timestamp":1609865307,"path_taken":["M","?","$","?","M","E","R","M","T","M","?","R","$","?","R","BOSS"],"items_purchased_type":["Card","Card","Card"],"build_version":"2020-12-22","purchased_purges":2,"victory":false,"max_hp_per_floor":[50,50,50,50,50,50,50,50,50,50,50,50,50,50,50,50,50,50],"relic_stats":{"counters":[0,0],"Pantograph":0,"Bag of Preparation":[0],"Juzu Bracelet":0,"Boot":[0],"obtain_stats":[{"Pantograph":0,"Bag of Preparation":0,"Juzu Bracelet":0,"beaked:MendingPlumage":0,"Boot":0},{"Pantograph":0,"Bag of Preparation":0,"Juzu Bracelet":0,"beaked:MendingPlumage":0,"Boot":0},{"Pantograph":0,"Bag of Preparation":0,"Juzu Bracelet":0,"beaked:MendingPlumage":0,"Boot":0}]},"card_choices":[{"not_picked":["beaked:WarriorEssence","beaked:SurvivalInstinct"],"picked":"beaked:WarriorSpirit","floor":1.0},{"not_picked":["beaked:Cower","beaked:Insight"],"picked":"beaked:MaddeningMurmurs","floor":4.0},{"not_picked":["beaked:Devastation","beaked:Cower"],"picked":"beaked:HuntressSpirit","floor":5.0},{"not_picked":["beaked:Brace","beaked:Tradeoff"],"picked":"beaked:Foresight","floor":6.0},{"not_picked":["beaked:FeelMyPain","beaked:Daydream"],"picked":"beaked:Tweet","floor":8.0},{"not_picked":["beaked:Cower","beaked:FeelMyPain"],"picked":"beaked:Brace","floor":10.0},{"not_picked":["beaked:ScreechingChant","beaked:FakeOut"],"picked":"beaked:VolatileMisfortune","floor":16.0}],"player_experience":687361,"relics_obtained":[{"floor":6.0,"key":"Pantograph"},{"floor":9.0,"key":"Boot"}],"event_choices":[{"damage_healed":0.0,"max_hp_gain":0.0,"max_hp_loss":0.0,"gold_gain":275.0,"event_name":"Golden Shrine","player_choice":"Desecrate","floor":2.0,"gold_loss":0.0,"damage_taken":0.0,"cards_obtained":["Regret"]},{"damage_healed":0.0,"max_hp_gain":0.0,"max_hp_loss":0.0,"gold_gain":0.0,"event_name":"Big Fish","player_choice":"Box","floor":11.0,"gold_loss":0.0,"damage_taken":0.0,"relics_obtained":["Bag of Preparation"],"cards_obtained":["Regret"]},{"damage_healed":0.0,"max_hp_gain":0.0,"max_hp_loss":0.0,"gold_gain":0.0,"event_name":"Scrap Ooze","player_choice":"Success","floor":14.0,"gold_loss":0.0,"damage_taken":12.0,"relics_obtained":["Juzu Bracelet"]}],"is_beta":false,"boss_relics":[{"not_picked":[]}],"items_purged_floors":[3,13],"is_endless":false,"potions_floor_spawned":[1,5,8,16],"ascension_level":0}}