{"host":"q3i87yx2dgqr54co","time":1609813567,"event":{"mods":["BaseMod","Block Reminder","Colored Map","Colored Powertips","DeckTracker","Highlight Path","Minty Spire (QoL Compilation)","Permanent Neow","Potionbrewer","Quick Restart","Relic Sorter","Relic Stats","StSLib","The Bug Knight","The Gatherer","The Sage"],"gold_per_floor":[115,126,146,71,71,101,117,131,131,158,174,174,174,174,174,275,275,289,304,322,83,96,96,96,96],"floor_reached":24,"playtime":2917,"items_purged":[],"score":210,"play_id":"6457101d-a583-49c3-9a99-dc49eb05d99a","local_time":"20210104212607","is_ascension_mode":false,"campfire_choices":[{"floor":12,"key":"RECALL"},{"data":"HollowMod:FocusHealStart","floor":15,"key":"SMITH"},{"floor":23,"key":"REST"}],"circlet_count":0,"master_deck":["HollowMod:NailStrikeStart","HollowMod:NailStrikeStart","HollowMod:NailStrikeStart","HollowMod:NailStrikeStart","HollowMod:QuickDashStart","HollowMod:QuickDashStart","HollowMod:QuickDashStart","HollowMod:QuickDashStart","HollowMod:FocusHealStart+1","HollowMod:PogoStrike","HollowMod:MonarchWings","HollowMod:QuirrelsAssistance","HollowMod:SiblingsSouls","HollowMod:NewLittleFool","HollowMod:VengefulSpirit","HollowMod:SoulStrike","HollowMod:DoubleDash","HollowMod:Weaversong","HollowMod:HowlingWraiths+1","HollowMod:BaldurShell","HollowMod:DreamGate","HollowMod:SoulStrike","HollowMod:SiblingsSouls","HollowMod:ChannelNail","HollowMod:MothsMistake","HollowMod:SoulShaman","HollowMod:ZotesMagnificence","HollowMod:MothsMistake","HollowMod:DashSlash","HollowMod:DashSlash"],"relics":["HollowMod:VesselMask","HollowMod:MillibellesNoteRelic","HornCleat","potionbrewer:ToyAutogyro","SacredBark","potionbrewer:BoosterPack"],"acts_visited":["Exordium","TheCity"],"potions_floor_usage":[6,6,8,16],"damage_taken":[{"damage":0,"enemies":"Small Slimes","floor":1,"turns":3},{"damage":0,"enemies":"Cultist","floor":2,"turns":4},{"damage":1,"enemies":"Jaw Worm","floor":3,"turns":3},{"damage":6,"enemies":"Lagavulin","floor":6,"turns":5},{"damage":2,"enemies":"Looter","floor":7,"turns":3},{"damage":0,"enemies":"Lots of Slimes","floor":8,"turns":1},{"damage":17,"enemies":"HollowMod:MossKnight","floor":10,"turns":8},{"damage":8,"enemies":"2 Fungi Beasts","floor":11,"turns":5},{"damage":72,"enemies":"The Guardian","floor":16,"turns":19},{"damage":26,"enemies":"HollowMod:HuskSentry","floor":18,"turns":7},{"damage":29,"enemies":"Shell Parasite","floor":19,"turns":7},{"damage":15,"enemies":"Centurion and Healer","floor":20,"turns":5},{"damage":28,"enemies":"Chosen and Byrds","floor":22,"turns":7},{"damage":45,"enemies":"Slavers","floor":24,"turns":4}],"seed_played":"6677973186187843924","potions_obtained":[{"floor":1,"key":"Explosive Potion"},{"floor":2,"key":"AttackPotion"},{"floor":3,"key":"potionbrewer:NoxiousPotion"},{"floor":11,"key":"potionbrewer:StunPotion"},{"floor":19,"key":"LiquidMemories"}],"is_trial":false,"path_per_floor":["M","M","M","?","?","E","M","M","T","E","M","R","?","?","R","B",null,"M","M","M","$","M","R","E"],"character_chosen":"THE_BUGKNIGHT","items_purchased":["potionbrewer:BoosterPack","HollowMod:MothsMistake","HollowMod:DashSlash"],"campfire_rested":1,"item_purchase_floors":[21,21,21],"current_hp_per_floor":[75,75,74,79,79,79,77,77,77,70,62,62,62,80,80,18,80,64,45,36,36,14,38,0,0],"gold":96,"neow_bonus":"RANDOM_COMMON_RELIC","is_daily":false,"chose_seed":false,"campfire_upgraded":1,"win_rate":0.0,"timestamp":1609813567,"path_taken":["M","M","M","?","?","E","M","M","T","E","M","R","?","?","R","BOSS","M","?","M","$","?","R","E"],"items_purchased_type":["Relic","Card","Card"],"build_version":"2020-12-22","purchased_purges":0,"victory":false,"max_hp_per_floor":[75,75,75,80,80,80,80,80,80,80,80,80,80,80,80,80,80,80,80,80,80,80,80,80,80],"relic_stats":{"counters":[14,81],"obtain_stats":[{"HornCleat":6,"potionbrewer:BoosterPack":21,"SacredBark":17,"HollowMod:VesselMask":0,"potionbrewer:ToyAutogyro":10,"HollowMod:MillibellesNoteRelic":0},{"HornCleat":4,"potionbrewer:BoosterPack":12,"SacredBark":9,"HollowMod:VesselMask":0,"potionbrewer:ToyAutogyro":7,"HollowMod:MillibellesNoteRelic":0},{"HornCleat":15,"potionbrewer:BoosterPack":70,"SacredBark":51,"HollowMod:VesselMask":0,"potionbrewer:ToyAutogyro":27,"HollowMod:MillibellesNoteRelic":0}]},"card_choices":[{"not_picked":["HollowMod:CoiledNail","HollowMod:NewLittleFool"],"picked":"HollowMod:MonarchWings","floor":1},{"not_picked":["HollowMod:CloakDash","HollowMod:BlackTendrils"],"picked":"HollowMod:QuirrelsAssistance","floor":2},{"not_picked":["HollowMod:SharpenedShadows","HollowMod:DoubleDash"],"picked":"HollowMod:SiblingsSouls","floor":3},{"not_picked":["HollowMod:DescendingDark","HollowMod:SoulVessel"],"picked":"HollowMod:NewLittleFool","floor":6},{"not_picked":["HollowMod:AbyssShriek","HollowMod:RecoilStrike"],"picked":"HollowMod:VengefulSpirit","floor":7},{"not_picked":["HollowMod:NewLittleFool","HollowMod:NewJinnsSoul","HollowMod:GoodIntentions"],"picked":"SKIP","floor":8},{"not_picked":["HollowMod:NewJinnsSoul","HollowMod:GoodIntentions"],"picked":"HollowMod:SoulVessel","floor":10},{"not_picked":["HollowMod:WraithStrike","HollowMod:TaintedHusks"],"picked":"HollowMod:SoulStrike","floor":11},{"not_picked":["HollowMod:theNailsmith","HollowMod:ElderbugsWisdom"],"picked":"HollowMod:Weaversong","floor":16},{"not_picked":["HollowMod:GoodIntentions","HollowMod:SoulStrike"],"picked":"HollowMod:HowlingWraiths+1","floor":18},{"not_picked":["HollowMod:DesolateDive+1","HollowMod:DescendingDark"],"picked":"HollowMod:BaldurShell","floor":19},{"not_picked":["HollowMod:NewLittleFool+1","HollowMod:SoulEater+1"],"picked":"HollowMod:DreamGate","floor":20},{"not_picked":["HollowMod:Hiveblood","HollowMod:BlackTendrils"],"picked":"HollowMod:DashSlash","floor":22}],"player_experience":125693,"relics_obtained":[{"floor":6,"key":"HornCleat"},{"floor":10,"key":"potionbrewer:ToyAutogyro"}],"event_choices":[{"damage_healed":0,"gold_gain":0,"player_choice":"Ignored","damage_taken":0,"max_hp_gain":0,"max_hp_loss":0,"event_name":"Golden Idol","floor":5,"gold_loss":0},{"damage_healed":0,"gold_gain":0,"cards_transformed":["HollowMod:SoulVessel"],"player_choice":"Change","damage_taken":0,"max_hp_gain":0,"max_hp_loss":0,"event_name":"Living Wall","floor":13,"gold_loss":0,"cards_obtained":["HollowMod:DoubleDash"]},{"damage_healed":18,"gold_gain":0,"player_choice":"Full Heal","damage_taken":0,"max_hp_gain":0,"max_hp_loss":0,"event_name":"Wheel of Change","floor":14,"gold_loss":0}],"is_beta":false,"boss_relics":[{"not_picked":["Snecko Eye","Velvet Choker"],"picked":"SacredBark"}],"items_purged_floors":[],"is_endless":false,"potions_floor_spawned":[1,2,3,11,19],"killed_by":"Slavers","ascension_level":0}}