{"host":"gsmj583br51y3r1c","time":1609839632,"event":{"mods":["AchievementEnabler","BaseMod","Better Note","Colored Map","Downfall","Hermit","Highlight Path","Hubris","Infinite Spire","Koishi","Marisa????????","Minty Spire (QoL Compilation)","Permanent Neow","Quick Restart","Shade Mod","StSLib","Td1madao Mod","The Bug Knight","The Cursed","The Disciple","The Elementalist","The Marked","The Mystic","The Runesmith","The Servant 0.9.4","everything is the same but u backflip on backflip"],"gold_per_floor":[117,117,117,25,25,25,25,25,25,25,41,41,56,73,73,73,73],"floor_reached":16,"playtime":902,"items_purged":[],"score":88,"play_id":"37700442-7262-4a3c-8ee2-5767472e1a6a","local_time":"20210105114032","is_ascension_mode":false,"campfire_choices":[{"data":"hermit:Manifest","floor":6,"key":"SMITH"},{"data":"hermit:Magnum","floor":8,"key":"SMITH"},{"data":"hermit:Midnight","floor":10,"key":"SMITH"},{"data":"hermit:GoldenBullet","floor":12,"key":"SMITH"},{"data":"hermit:Maintenance","floor":15,"key":"SMITH"}],"circlet_count":0,"master_deck":["hermit:Strike_Hermit","hermit:Strike_Hermit","hermit:Strike_Hermit","hermit:Defend_Hermit","hermit:Defend_Hermit","hermit:Defend_Hermit","hermit:Defend_Hermit","hermit:Snapshot","hermit:Covet","hermit:Magnum+1","hermit:Manifest+1","hermit:Spite","hermit:Determination","hermit:Misfire","hermit:Midnight+1","hermit:GoldenBullet+1","hermit:CalledShot","hermit:Maintenance+1"],"relics":["hermit:Momento","Ginger"],"acts_visited":["Exordium"],"potions_floor_usage":[16],"damage_taken":[{"damage":0,"enemies":"2 Louse","floor":1,"turns":3},{"damage":12,"enemies":"Jaw Worm","floor":11,"turns":3},{"damage":0,"enemies":"Small Slimes","floor":13,"turns":3},{"damage":1,"enemies":"Exordium Wildlife","floor":14,"turns":2},{"damage":33,"enemies":"Slime Boss","floor":16,"turns":7}],"seed_played":"4497043051108516710","potions_obtained":[{"floor":14,"key":"DistilledChaos"}],"is_trial":false,"path_per_floor":["M","?","?","$","$","R","?","R","T","R","M","R","M","M","R","B"],"character_chosen":"HERMIT","items_purchased":["hermit:Determination","hermit:Misfire"],"campfire_rested":0,"item_purchase_floors":[4,4],"current_hp_per_floor":[54,54,54,54,54,54,54,54,54,54,42,42,42,41,41,8,8],"gold":73,"neow_bonus":"THREE_RARE_CARDS","is_daily":false,"chose_seed":false,"campfire_upgraded":5,"win_rate":0.0,"timestamp":1609839632,"path_taken":["M","?","?","?","$","R","?","R","T","R","?","R","M","M","R","BOSS"],"items_purchased_type":["Card","Card"],"build_version":"2020-12-22","purchased_purges":0,"victory":false,"max_hp_per_floor":[75,75,75,75,75,75,75,75,75,75,75,75,75,75,75,75,75],"card_choices":[{"not_picked":["hermit:BlackWind","hermit:OverwhelmingPower"],"picked":"hermit:Magnum","floor":0},{"not_picked":["hermit:Desperado","hermit:HighCaliber"],"picked":"hermit:Manifest","floor":1},{"not_picked":["hermit:Midnight","hermit:Desperado"],"picked":"hermit:GoldenBullet","floor":11},{"not_picked":["hermit:BodyArmor","hermit:Snipe"],"picked":"hermit:CalledShot","floor":13},{"not_picked":["hermit:CalledShot","hermit:NoHoldsBarred"],"picked":"hermit:Maintenance","floor":14}],"player_experience":328935,"relics_obtained":[{"floor":9,"key":"Ginger"}],"event_choices":[{"damage_healed":0,"gold_gain":0,"cards_transformed":["hermit:Strike_Hermit"],"player_choice":"Change","damage_taken":0,"max_hp_gain":0,"max_hp_loss":0,"event_name":"Living Wall","floor":7,"gold_loss":0,"cards_obtained":["hermit:Midnight"]}],"is_beta":false,"boss_relics":[],"items_purged_floors":[],"is_endless":false,"potions_floor_spawned":[14],"killed_by":"Slime Boss","ascension_level":0}}