{"host":"xjswtcr3kbf32wgr","time":1609848846,"event":{"mods":["Act Like it!","Arknights The Spire","Aspiration","BaseMod","Dota2Spire","Downfall","Lobotomy","Minty Spire (QoL Compilation)","MostiFishMod","Replay The Spire","Ryuuou¡˙Õı","Shop Mod","StSLib","The Cursed","UnlockEverythingMod","Waifu the Spire","[IsaacMod]“‘»ˆº‚À˛","vexMod"],"gold_per_floor":[118,118,118,129,173,173,206,206,232,232,232,232,259,278,278,380,380,395,405,405,416,434,434,468,468,513,527,527,552,552,585,585,683,683,703,703,703,753,753,753,788,788,788,788,788,821,731,1078,1078,1078,1078,1078,570,595,1095,1095],"floor_reached":55,"playtime":2799,"items_purged":[],"score":1038,"play_id":"39d2b7e1-0e94-4054-bf86-5886a467af2e","local_time":"20210105201406","is_ascension_mode":false,"campfire_choices":[{"data":"TheCursedMod:CircleOfCorruption","floor":6,"key":"SMITH"},{"floor":8,"key":"RECALL"},{"floor":15,"key":"DIG"},{"floor":23,"key":"DIG"},{"floor":28,"key":"DIG"},{"data":"TheCursedMod:SpitefulPray","floor":30,"key":"SMITH"},{"floor":32,"key":"DIG"},{"floor":40,"key":"DIG"},{"data":"TheCursedMod:SpitefulPray","floor":42,"key":"SMITH"},{"floor":44,"key":"DIG"},{"floor":49,"key":"DIG"},{"floor":52,"key":"DIG"}],"circlet_count":0,"master_deck":["Apo_SoulSlash","Apo_Charge","Apo_Charge","Apo_Charge","Apo_Charge","Apo_Beam","Apo_Beam","Apo_Beam","Apo_Execute","Apo_Slash","Apo_Slash","Apo_SoulSlash","TheCursedMod:AshesToAshes+1","MeatLantern","Mayhem","QueenBee"],"relics":["TheCursedMod:BlackMagic101","HushsDoor","DaveBox","SynthV","MoneyPower","CogitoBucket","SynthV:TestCard","Centennial Puzzle","Shovel","War Paint","vexMod:InvisibilityCloak","PatriotShield","TreeSap","Dota2Spire:Desolator","MaYiHuaBei","Blood Vial","BehaviorAdjustment","White Beast Statue","Juzu Bracelet","Red Mask","Mercury Hourglass","Black Star","DianPoetry","Bag of Marbles","Dota2Spire:ArmletOfMordiggian","Ancient Tea Set","aspiration:HatOfInfinitePower","ApostleMask","Bronze Scales","Pocketwatch","Dota2Spire:AghanimScepter","MerchantsRug","Medical Kit","Shuriken","Toy Ornithopter"],"acts_visited":["Exordium","TheCity","TheBeyond","TheEnding"],"potions_floor_usage":[27,27,27,55,55],"damage_taken":[{"damage":1,"enemies":"Jaw Worm","floor":1,"turns":2},{"damage":2,"enemies":"2 Louse","floor":4,"turns":2},{"damage":12,"enemies":"Lagavulin","floor":7,"turns":4},{"damage":0,"enemies":"Gremlin Nob","floor":13,"turns":2},{"damage":0,"enemies":"Cultist","floor":14,"turns":1},{"damage":26,"enemies":"Slime Boss","floor":16,"turns":6},{"damage":6,"enemies":"3 Byrds","floor":18,"turns":1},{"damage":0,"enemies":"Chosen","floor":19,"turns":2},{"damage":0,"enemies":"Centurion and Healer","floor":21,"turns":2},{"damage":0,"enemies":"Snecko","floor":22,"turns":4},{"damage":2,"enemies":"Gremlin Leader","floor":24,"turns":2},{"damage":2,"enemies":"Cultist and Chosen","floor":27,"turns":1},{"damage":3,"enemies":"Slavers","floor":29,"turns":1},{"damage":0,"enemies":"Masked Bandits","floor":31,"turns":1},{"damage":13,"enemies":"Automaton","floor":33,"turns":1},{"damage":3,"enemies":"3 Shapes","floor":35,"turns":2},{"damage":2,"enemies":"Mind Bloom Boss Battle","floor":38,"turns":3},{"damage":18,"enemies":"Giant Head","floor":41,"turns":3},{"damage":0,"enemies":"R_Hoarder","floor":46,"turns":2},{"damage":0,"enemies":"2 Orb Walkers","floor":48,"turns":1},{"damage":0,"enemies":"Time Eater","floor":50,"turns":2},{"damage":0,"enemies":"Shield and Spear","floor":54,"turns":1},{"damage":87,"enemies":"Delirium","floor":55,"turns":6}],"seed_played":"3334221004973757353","potions_obtained":[{"floor":4,"key":"Strength Potion"},{"floor":5,"key":"Languid Potion"},{"floor":5,"key":"Slimebound:ThreeZeroPotion"},{"floor":5,"key":"champ:CounterPotion"},{"floor":29,"key":"FearPotion"},{"floor":31,"key":"SkillPotion"},{"floor":33,"key":"Fire Potion"}],"is_trial":false,"path_per_floor":["M","?","?","M","?","R","E","R","T","?","?","T","E","M","R","B",null,"M","M","?","M","M","R","E","?","T","M","R","E","R","?","R","B",null,"M","?","?","?","?","R","E","R","T","R","M","E","?","?","R","B",null,"R","$","E","B"],"character_chosen":"THE_CURSED","items_purchased":["Whetstone","MerchantsRug","Mayhem","Medical Kit"],"campfire_rested":0,"item_purchase_floors":[53,53,53,53],"current_hp_per_floor":[74,75,75,73,73,73,61,61,61,46,53,53,53,53,53,27,75,69,69,69,69,70,70,68,68,68,72,72,71,71,73,73,62,75,73,73,73,75,75,75,69,69,69,69,70,70,70,70,70,70,70,70,70,70,0,0],"gold":1095,"neow_bonus":"","is_daily":false,"chose_seed":false,"campfire_upgraded":3,"win_rate":0.0,"timestamp":1609848846,"path_taken":["M","?","?","M","?","R","E","R","T","?","?","?","E","M","R","BOSS","M","M","?","M","M","R","E","?","T","M","R","E","R","?","R","BOSS","M","?","?","?","?","R","E","R","T","R","M","E","?","?","R","BOSS","R","$","E","BOSS"],"items_purchased_type":["Relic","Relic","Card","Relic"],"build_version":"2020-12-22","purchased_purges":0,"victory":false,"max_hp_per_floor":[75,75,75,75,75,75,75,75,75,75,75,75,75,75,75,75,75,75,75,75,75,75,75,75,75,75,75,75,75,75,75,75,75,75,75,75,75,75,75,75,75,75,75,75,72,72,72,72,72,72,72,72,72,72,72,72],"card_choices":[{"not_picked":[],"picked":"BloodyBrimstone","floor":0},{"not_picked":["Bloodbath","OldLady","CrumblingArmor"],"picked":"Singing Bowl","floor":1},{"not_picked":["OldLady","Scorched"],"picked":"BeautyBeast","floor":1},{"not_picked":["TheCursedMod:TacticalStrike","TheCursedMod:TroublousMinions"],"picked":"TheCursedMod:NeowsMight","floor":1},{"not_picked":["OSAHOGD","Wellcheers","PunishingBird"],"picked":"Singing Bowl","floor":4},{"not_picked":["Variant","OSAHOGD"],"picked":"Scorched","floor":4},{"not_picked":["TheCursedMod:ReleasedKnowledge","TheCursedMod:PrepareRite","TheCursedMod:CircleOfBlood","TheCursedMod:CircleOfFocus"],"picked":"TheCursedMod:SpitefulStrike","floor":4},{"not_picked":["TheCursedMod:CircleOfWindfury","TheCursedMod:WearCloak","TheCursedMod:Hemoplague","TheCursedMod:CursedSpellbook"],"picked":"TheCursedMod:CircleOfCorruption","floor":5},{"not_picked":["Bloodbath","OldLady"],"picked":"SpiderBud","floor":7},{"not_picked":["TheCursedMod:Stigma","TheCursedMod:WearCloak","TheCursedMod:EmpowerCircles","TheCursedMod:SpitefulStrike"],"picked":"TheCursedMod:StingEye","floor":7},{"not_picked":["UniverseFragment","Wellcheers"],"picked":"MHz","floor":13},{"not_picked":["TheCursedMod:RavingStaff","TheCursedMod:Wield","TheCursedMod:DemonicPact","TheCursedMod:RapidMovement","TheCursedMod:Hemoplague"],"picked":"SKIP","floor":13},{"not_picked":["CherryBlossoms","Variant"],"picked":"OldLady","floor":14},{"not_picked":["TheCursedMod:CircleOfAmplification","TheCursedMod:CursedShiv","TheCursedMod:RavingStaff","TheCursedMod:SpitefulStrike","TheCursedMod:FleshFromBone"],"picked":"SKIP","floor":14},{"not_picked":["TheCursedMod:CircleOfAmplification","TheCursedMod:CursedShiv","TheCursedMod:RavingStaff","TheCursedMod:SpitefulStrike","TheCursedMod:FleshFromBone"],"picked":"SKIP","floor":14},{"not_picked":["UniverseFragment","Woodsman"],"picked":"ShyLook","floor":16},{"not_picked":["VoidDream","PunishingBird"],"picked":"MeltingLove","floor":18},{"not_picked":["TheCursedMod:CircleOfFlame","TheCursedMod:CircleOfBlood","TheCursedMod:Evocation","TheCursedMod:RapidMovement","TheCursedMod:Wield+1"],"picked":"SKIP","floor":18},{"not_picked":["TheCursedMod:CircleOfFlame","TheCursedMod:CircleOfBlood","TheCursedMod:Evocation","TheCursedMod:RapidMovement","TheCursedMod:Wield+1"],"picked":"SKIP","floor":18},{"not_picked":["Variant","WallGazer"],"picked":"FairyFestival","floor":19},{"not_picked":["TheCursedMod:Obscuration","TheCursedMod:CursedMace+1","TheCursedMod:TacticalStrike","TheCursedMod:WearCloak"],"picked":"TheCursedMod:AbyssShockwave","floor":19},{"not_picked":["Yin","PunishingBird"],"picked":"Porccubus","floor":21},{"not_picked":["TheCursedMod:CursedBoomerang","TheCursedMod:ShockAndAwe","TheCursedMod:BloodBarrier","TheCursedMod:Stigma"],"picked":"TheCursedMod:CursedShiv+1","floor":21},{"not_picked":["UniverseFragment","GreedKing"],"picked":"CrumblingArmor","floor":22},{"not_picked":["TheCursedMod:WearCloak","TheCursedMod:SpreadPlague","TheCursedMod:SoulCrush","TheCursedMod:RavingStaff"],"picked":"TheCursedMod:SpitefulPray+1","floor":22},{"not_picked":["Woodsman","WallGazer"],"picked":"RedShoes","floor":24},{"not_picked":["TheCursedMod:SpitefulStrike","TheCursedMod:CursedStaff","TheCursedMod:BloodBarrier","TheCursedMod:Stigma+1"],"picked":"TheCursedMod:StingEye","floor":24},{"not_picked":["PunishingBird","Murderer"],"picked":"Mercenary","floor":27},{"not_picked":["TheCursedMod:CircleOfAbyss","TheCursedMod:Mangle+1","TheCursedMod:CircleOfCorruption","TheCursedMod:Wield+1","TheCursedMod:Stigma"],"picked":"SKIP","floor":27},{"not_picked":["Murderer","Wellcheers"],"picked":"Rudolta","floor":29},{"not_picked":["TheCursedMod:BloodBarrier","TheCursedMod:ManaBullet","TheCursedMod:HellsGateOpen","TheCursedMod:Torture"],"picked":"TheCursedMod:SpitefulPray","floor":29},{"not_picked":["HeroicMonk","OSAHOGD","MeatLantern"],"picked":"Singing Bowl","floor":31},{"not_picked":["GreedKing","SnowQueen"],"picked":"Bloodbath","floor":31},{"not_picked":["BlackSwan","WallGazer"],"picked":"QueenOfHatred","floor":33},{"not_picked":["WallGazer","Variant"],"picked":"DreamingCurrent","floor":35},{"not_picked":["TheCursedMod:Wield+1","TheCursedMod:Stretching+1","TheCursedMod:CursedMace","TheCursedMod:Neurasthenia","TheCursedMod:CursedAmulet"],"picked":"SKIP","floor":35},{"not_picked":["TheCursedMod:Wield+1","TheCursedMod:Stretching+1","TheCursedMod:CursedMace","TheCursedMod:Neurasthenia","TheCursedMod:CursedAmulet"],"picked":"SKIP","floor":35},{"not_picked":["Replay:SS_hec_1","Crow Ritual","expansioncontent:BronzeBeam","expansioncontent:Collect"],"picked":"Trip","floor":36},{"not_picked":["WallGazer","Alriune"],"picked":"BigBadWolf","floor":38},{"not_picked":["VoidDream","HappyTeddy"],"picked":"PlagueDoctor","floor":41},{"not_picked":["TheCursedMod:Grudge","TheCursedMod:VitalStrike+1","TheCursedMod:CursedMace","TheCursedMod:CursedArmor+1"],"picked":"TheCursedMod:SpitefulPray","floor":41},{"not_picked":["WhitesApple","LittlePrince"],"picked":"SilentOrchestra","floor":46},{"not_picked":["TheCursedMod:CursedBlade","TheCursedMod:CursedAmulet","TheCursedMod:Grudge","TheCursedMod:CircleOfCorruption"],"picked":"TheCursedMod:AshesToAshes+1","floor":46},{"not_picked":["Rudolta","GalaxyChild","BlackSwan"],"picked":"Singing Bowl","floor":48},{"not_picked":["LaLuna","Rudolta"],"picked":"MeatLantern","floor":48},{"not_picked":["FieryBird","NothingThere"],"picked":"QueenBee","floor":54},{"not_picked":["TheCursedMod:CursedMace+1","TheCursedMod:CursedAmulet+1","TheCursedMod:AntiAging","TheCursedMod:DemonicPact","TheCursedMod:CollectTribute"],"picked":"SKIP","floor":54}],"player_experience":379226,"relics_obtained":[{"floor":1,"key":"SynthV:TestCard"},{"floor":7,"key":"Centennial Puzzle"},{"floor":12,"key":"Shovel"},{"floor":13,"key":"War Paint"},{"floor":15,"key":"vexMod:InvisibilityCloak"},{"floor":23,"key":"Dota2Spire:Desolator"},{"floor":24,"key":"MaYiHuaBei"},{"floor":26,"key":"Blood Vial"},{"floor":28,"key":"White Beast Statue"},{"floor":29,"key":"Juzu Bracelet"},{"floor":31,"key":"Red Mask"},{"floor":32,"key":"Mercury Hourglass"},{"floor":38,"key":"DianPoetry"},{"floor":40,"key":"Bag of Marbles"},{"floor":41,"key":"Dota2Spire:ArmletOfMordiggian"},{"floor":41,"key":"Ancient Tea Set"},{"floor":43,"key":"Smiling Mask"},{"floor":44,"key":"aspiration:HatOfInfinitePower"},{"floor":46,"key":"Dream Catcher"},{"floor":46,"key":"Bronze Scales"},{"floor":48,"key":"Old Coin"},{"floor":49,"key":"Pocketwatch"},{"floor":52,"key":"Dota2Spire:AghanimScepter"},{"floor":54,"key":"Shuriken"},{"floor":54,"key":"Toy Ornithopter"}],"event_choices":[{"damage_healed":25,"gold_gain":0,"player_choice":"Banana","damage_taken":0,"max_hp_gain":0,"max_hp_loss":0,"event_name":"Big Fish","floor":2,"gold_loss":0},{"damage_healed":0,"gold_gain":0,"player_choice":"Entered Light","damage_taken":15,"max_hp_gain":0,"max_hp_loss":0,"event_name":"Shining Light","floor":10,"gold_loss":0,"cards_upgraded":["TheCursedMod:Strike_TheCursed","TheCursedMod:Strike_TheCursed"]},{"damage_healed":0,"gold_gain":0,"player_choice":"Ignored","damage_taken":0,"max_hp_gain":0,"max_hp_loss":0,"event_name":"Vampires","floor":20,"gold_loss":0},{"damage_healed":0,"gold_gain":0,"player_choice":"Fought Bandits","damage_taken":0,"max_hp_gain":0,"max_hp_loss":0,"event_name":"Masked Bandits","floor":31,"gold_loss":0},{"damage_healed":0,"gold_gain":0,"player_choice":"Memory 1","damage_taken":0,"max_hp_gain":0,"max_hp_loss":0,"event_name":"SensoryStone","floor":36,"gold_loss":0},{"damage_healed":0,"gold_gain":0,"player_choice":"Fight","damage_taken":0,"max_hp_gain":0,"max_hp_loss":0,"event_name":"MindBloom","floor":38,"gold_loss":0},{"damage_healed":0,"gold_gain":0,"player_choice":"Full Heal","damage_taken":0,"max_hp_gain":0,"max_hp_loss":0,"event_name":"Wheel of Change","floor":39,"gold_loss":0},{"cards_removed":["SilentOrchestra"],"damage_healed":0,"gold_gain":0,"player_choice":"Removal","damage_taken":0,"max_hp_gain":0,"max_hp_loss":0,"event_name":"Designer","floor":47,"gold_loss":90},{"damage_healed":0,"gold_gain":0,"player_choice":"Fight","damage_taken":0,"max_hp_gain":0,"max_hp_loss":0,"event_name":"Mysterious Sphere","floor":48,"gold_loss":0}],"is_beta":false,"boss_relics":[{"not_picked":["Replay:Bronze Core","RhineFirstAidKit"],"picked":"PatriotShield"},{"not_picked":[]},{"not_picked":["Replay:Drink Me","Cursed Key"],"picked":"Black Star"},{"not_picked":[]}],"items_purged_floors":[],"is_endless":false,"potions_floor_spawned":[4,14,19,22,29,31,33,35,38,48],"killed_by":"Delirium","ascension_level":0}}