{"host":"gc9rk8b4vlc0bstx","time":1609823292,"event":{"mods":["Ascension Unlocker","BaseMod","Minty Spire (QoL Compilation)","Permanent Neow","Relic Stats","StSLib"],"gold_per_floor":[119,119,131,149,1,1,35,97,97,122,136,136,136,155,155,234,234,250,250,267,277,295,328,253,278,278,291,321,321,340,368,368,441,441,458,27,27,39,39,70,70,101,149,175,195,195,195,225,225,225,225],"floor_reached":52,"playtime":98125,"items_purged":[],"score":2466,"play_id":"6308ac15-51da-49c5-a9ae-1d1bd0c4cdfa","local_time":"20210104210812","is_ascension_mode":true,"campfire_choices":[{"data":"BowlingBash","floor":6.0,"key":"SMITH"},{"data":"Perseverance","floor":12.0,"key":"SMITH"},{"data":"Tantrum","floor":15.0,"key":"SMITH"},{"floor":29.0,"key":"REST"},{"floor":32.0,"key":"REST"},{"floor":41.0,"key":"REST"},{"floor":49,"key":"REST"}],"circlet_count":0,"master_deck":["AscendersBane","Strike_P","Strike_P+1","Defend_P+1","Eruption","Vigilance+1","Consecrate+1","ReachHeaven+1","Halt+1","BowlingBash+1","Fasting2+1","Tantrum+1","Halt+1","Perseverance+1","Halt","WheelKick+1","Tantrum+1","FearNoEvil+1","CrushJoints+1","Wallop+1","Protect+1","Secret Weapon","Trip+1","Cloak And Dagger+1","Acrobatics"],"relics":["Empty Cage","Meat on the Bone","Frozen Egg 2","Torii","FossilizedHelix","Bottled Lightning","Astrolabe","MutagenicStrength","Whetstone","Vajra","Potion Belt","The Courier","Tiny Chest","Velvet Choker","Oddly Smooth Stone","PrismaticShard","Damaru","Bag of Preparation","Centennial Puzzle","Toy Ornithopter","Juzu Bracelet","PreservedInsect"],"acts_visited":["Exordium","TheCity","TheBeyond"],"potions_floor_usage":[44,51,51],"damage_taken":[{"damage":0.0,"enemies":"Cultist","floor":1.0,"turns":2.0},{"damage":1.0,"enemies":"Small Slimes","floor":3.0,"turns":5.0},{"damage":0.0,"enemies":"Jaw Worm","floor":4.0,"turns":2.0},{"damage":10.0,"enemies":"Gremlin Nob","floor":7.0,"turns":3.0},{"damage":0.0,"enemies":"Gremlin Nob","floor":8.0,"turns":2.0},{"damage":0.0,"enemies":"3 Sentries","floor":10.0,"turns":3.0},{"damage":0.0,"enemies":"Blue Slaver","floor":11.0,"turns":2.0},{"damage":1.0,"enemies":"3 Louse","floor":14.0,"turns":4.0},{"damage":0.0,"enemies":"The Guardian","floor":16.0,"turns":6.0},{"damage":0.0,"enemies":"Spheric Guardian","floor":18.0,"turns":3.0},{"damage":0.0,"enemies":"Shell Parasite","floor":20.0,"turns":2.0},{"damage":32.0,"enemies":"Snake Plant","floor":21.0,"turns":3.0},{"damage":0.0,"enemies":"Centurion and Healer","floor":22.0,"turns":6.0},{"damage":22.0,"enemies":"Slavers","floor":23.0,"turns":3.0},{"damage":0.0,"enemies":"Book of Stabbing","floor":25.0,"turns":2.0},{"damage":0.0,"enemies":"3 Cultists","floor":27.0,"turns":4.0},{"damage":0.0,"enemies":"Gremlin Leader","floor":28.0,"turns":6.0},{"damage":39.0,"enemies":"Snake Plant","floor":30.0,"turns":4.0},{"damage":0.0,"enemies":"Book of Stabbing","floor":31.0,"turns":2.0},{"damage":0.0,"enemies":"Automaton","floor":33.0,"turns":6.0},{"damage":0.0,"enemies":"3 Darklings","floor":35.0,"turns":4.0},{"damage":0.0,"enemies":"3 Shapes","floor":38.0,"turns":4.0},{"damage":50.0,"enemies":"Nemesis","floor":40.0,"turns":8.0},{"damage":1.0,"enemies":"Giant Head","floor":42.0,"turns":5.0},{"damage":37,"enemies":"Nemesis","floor":44,"turns":5},{"damage":0,"enemies":"Sphere and 2 Shapes","floor":45,"turns":3},{"damage":0,"enemies":"Reptomancer","floor":48,"turns":4},{"damage":48,"enemies":"Time Eater","floor":50,"turns":9},{"damage":19,"enemies":"Donu and Deca","floor":51,"turns":5}],"seed_played":"-4289787928410002016","potions_obtained":[{"floor":7.0,"key":"SteroidPotion"},{"floor":8.0,"key":"Fire Potion"},{"floor":10.0,"key":"Explosive Potion"},{"floor":14.0,"key":"AttackPotion"},{"floor":18.0,"key":"SteroidPotion"},{"floor":20.0,"key":"Energy Potion"},{"floor":25.0,"key":"Energy Potion"},{"floor":27.0,"key":"SneckoOil"},{"floor":31.0,"key":"Dexterity Potion"},{"floor":35.0,"key":"AttackPotion"},{"floor":38.0,"key":"SpeedPotion"},{"floor":45,"key":"CultistPotion"}],"is_trial":false,"path_per_floor":["M","T","M","M","$","R","E","?","T","E","M","R","?","M","R","B",null,"M","?","M","M","M","E","?","E","T","M","E","R","M","E","R","B",null,"M","$","?","M","?","E","R","E","T","E","M","?","T","E","R","B","B",null],"character_chosen":"WATCHER","items_purchased":["Halt","BowlingBash","Fasting2","Oddly Smooth Stone","Secret Weapon","PrismaticShard"],"campfire_rested":4,"item_purchase_floors":[5,5,5,36,36,36],"current_hp_per_floor":[61,61,60,60,60,60,50,50,50,50,50,50,50,49,49,49,63,63,63,63,43,43,33,33,45,45,45,45,65,38,38,58,58,66,66,66,65,65,65,27,46,45,45,20,32,32,32,44,63,27,30],"gold":225,"neow_bonus":"BOSS_RELIC","is_daily":false,"chose_seed":false,"campfire_upgraded":3,"win_rate":0.0,"timestamp":1609823292,"path_taken":["M","?","M","M","$","R","E","?","T","E","M","R","?","M","R","BOSS","M","?","M","M","M","E","?","E","T","M","E","R","M","E","R","BOSS","M","$","?","M","?","E","R","E","T","E","M","?","?","E","R","BOSS","BOSS"],"items_purchased_type":["Card","Card","Card","Relic","Card","Relic"],"build_version":"2020-12-22","purchased_purges":0,"victory":true,"max_hp_per_floor":[68,68,68,68,68,68,68,68,68,68,68,68,68,68,68,68,68,68,68,68,68,68,68,68,68,68,68,68,68,68,68,68,68,68,68,68,65,65,65,65,65,65,65,65,65,65,65,65,65,65,65],"relic_stats":{"Centennial Puzzle":[9],"Torii":9,"counters":[29,117],"Astrolabe":["SandsOfTime","WheelKick","Tantrum"],"Tiny Chest":1,"PreservedInsect":0,"Bag of Preparation":[10],"Juzu Bracelet":0,"Whetstone":["Strike_P","ReachHeaven"],"obtain_stats":[{"Potion Belt":26,"Torii":8,"Astrolabe":17,"Vajra":25,"Velvet Choker":34,"Oddly Smooth Stone":36,"Damaru":40,"The Courier":28,"PreservedInsect":48,"Bag of Preparation":42,"Juzu Bracelet":47,"Whetstone":23,"Frozen Egg 2":7,"Empty Cage":0,"PrismaticShard":36,"Centennial Puzzle":43,"MutagenicStrength":19,"Tiny Chest":31,"Bottled Lightning":10,"PureWater":0,"FossilizedHelix":9,"Toy Ornithopter":44,"Meat on the Bone":2},{"Potion Belt":15,"Torii":5,"Astrolabe":9,"Vajra":15,"Velvet Choker":20,"Oddly Smooth Stone":21,"Damaru":23,"The Courier":17,"PreservedInsect":27,"Bag of Preparation":24,"Juzu Bracelet":26,"Whetstone":14,"Frozen Egg 2":4,"Empty Cage":0,"PrismaticShard":21,"Centennial Puzzle":24,"MutagenicStrength":10,"Tiny Chest":19,"Bottled Lightning":6,"PureWater":0,"FossilizedHelix":5,"Toy Ornithopter":25,"Meat on the Bone":1},{"Potion Belt":48,"Torii":14,"Astrolabe":29,"Vajra":48,"Velvet Choker":70,"Oddly Smooth Stone":74,"Damaru":86,"The Courier":58,"PreservedInsect":103,"Bag of Preparation":91,"Juzu Bracelet":99,"Whetstone":46,"Frozen Egg 2":12,"Empty Cage":0,"PrismaticShard":74,"Centennial Puzzle":91,"MutagenicStrength":32,"Tiny Chest":64,"Bottled Lightning":17,"PureWater":0,"FossilizedHelix":14,"Toy Ornithopter":96,"Meat on the Bone":2}],"Toy Ornithopter":5,"Meat on the Bone":120},"card_choices":[{"not_picked":["JustLucky","EmptyFist"],"picked":"Consecrate","floor":1.0},{"not_picked":["Sanctity","Worship"],"picked":"ReachHeaven","floor":3.0},{"not_picked":["FlyingSleeves","EmptyFist","Swivel"],"picked":"SKIP","floor":4.0},{"not_picked":["Wallop","Judgement"],"picked":"Tantrum","floor":7.0},{"not_picked":["EmptyBody","Evaluate"],"picked":"Halt","floor":8.0},{"not_picked":["Fasting2+1","Study+1"],"picked":"Perseverance","floor":10.0},{"not_picked":["CrushJoints","Blasphemy"],"picked":"Halt","floor":11.0},{"not_picked":["Nirvana+1","Evaluate","ThirdEye"],"picked":"SKIP","floor":14.0},{"not_picked":["ConjureBlade","MasterReality+1"],"picked":"LessonLearned","floor":16.0},{"not_picked":["FlyingSleeves","Perseverance+1"],"picked":"FearNoEvil+1","floor":18.0},{"not_picked":["Evaluate+1","BowlingBash","ClearTheMind"],"picked":"SKIP","floor":20.0},{"not_picked":["Collect","Tantrum","LikeWater+1"],"picked":"SKIP","floor":21.0},{"not_picked":["Collect","EmptyBody"],"picked":"CrushJoints+1","floor":22.0},{"not_picked":["Perseverance","EmptyBody","Indignation"],"picked":"SKIP","floor":23.0},{"not_picked":["FearNoEvil","FlyingSleeves"],"picked":"Wallop","floor":25.0},{"not_picked":["ClearTheMind","BowlingBash"],"picked":"Protect+1","floor":27.0},{"not_picked":["CrushJoints","EmptyBody","CutThroughFate"],"picked":"SKIP","floor":28.0},{"not_picked":["EmptyBody","Nirvana+1","WheelKick"],"picked":"SKIP","floor":30.0},{"not_picked":["MasterReality+1","Nirvana+1","FearNoEvil"],"picked":"SKIP","floor":31.0},{"not_picked":["FollowUp","BowlingBash","Prostrate"],"picked":"SKIP","floor":35.0},{"not_picked":["PanicButton+1","Perfected Strike"],"picked":"Trip","floor":38.0},{"not_picked":["Redo+1","Clothesline"],"picked":"Cloak And Dagger+1","floor":40.0},{"not_picked":["WreathOfFlame","EmptyMind","Electrodynamics+1"],"picked":"SKIP","floor":42.0},{"not_picked":["Dark Embrace+1","LikeWater+1","Steam"],"picked":"SKIP","floor":44},{"not_picked":["Dark Embrace+1","LikeWater+1","Steam"],"picked":"SKIP","floor":44},{"not_picked":["Fasting2+1","Protect"],"picked":"Acrobatics","floor":45},{"not_picked":["ClearTheMind+1","Coolheaded+1","Darkness"],"picked":"SKIP","floor":48}],"player_experience":850921,"relics_obtained":[{"floor":2.0,"key":"Meat on the Bone"},{"floor":7.0,"key":"Frozen Egg 2"},{"floor":8.0,"key":"Torii"},{"floor":9.0,"key":"FossilizedHelix"},{"floor":10.0,"key":"Bottled Lightning"},{"floor":23.0,"key":"Whetstone"},{"floor":25.0,"key":"Vajra"},{"floor":26.0,"key":"Potion Belt"},{"floor":28.0,"key":"The Courier"},{"floor":31.0,"key":"Tiny Chest"},{"floor":40.0,"key":"Damaru"},{"floor":42.0,"key":"Bag of Preparation"},{"floor":43.0,"key":"Centennial Puzzle"},{"floor":44,"key":"Toy Ornithopter"},{"floor":47,"key":"Juzu Bracelet"},{"floor":48,"key":"PreservedInsect"}],"event_choices":[{"damage_healed":0.0,"max_hp_gain":0.0,"max_hp_loss":0.0,"gold_gain":30.0,"event_name":"Dead Adventurer","player_choice":"Searched \u00272\u0027 times","floor":8.0,"gold_loss":0.0,"damage_taken":0.0},{"damage_healed":0.0,"max_hp_gain":0.0,"max_hp_loss":0.0,"gold_gain":0.0,"event_name":"Living Wall","player_choice":"Grow","floor":13.0,"gold_loss":0.0,"damage_taken":0.0,"cards_upgraded":["Fasting2"]},{"damage_healed":0.0,"max_hp_gain":0.0,"max_hp_loss":0.0,"gold_gain":0.0,"event_name":"Drug Dealer","player_choice":"Inject Mutagens","floor":19.0,"gold_loss":0.0,"damage_taken":0.0,"relics_obtained":["MutagenicStrength"]},{"cards_removed":["SandsOfTime"],"damage_healed":0.0,"max_hp_gain":0.0,"max_hp_loss":0.0,"gold_gain":0.0,"event_name":"Beggar","player_choice":"Gave Gold","floor":24.0,"gold_loss":75.0,"damage_taken":0.0},{"damage_healed":0.0,"max_hp_gain":0.0,"max_hp_loss":3.0,"gold_gain":0.0,"event_name":"Winding Halls","player_choice":"Max HP","floor":37.0,"gold_loss":0.0,"damage_taken":0.0},{"damage_healed":0.0,"max_hp_gain":0.0,"max_hp_loss":0.0,"gold_gain":0.0,"event_name":"SensoryStone","player_choice":"Memory 1","floor":39.0,"gold_loss":0.0,"damage_taken":0.0},{"cards_removed":["LessonLearned"],"damage_healed":0,"gold_gain":0,"player_choice":"Removed Attack","damage_taken":0,"max_hp_gain":0,"max_hp_loss":0,"event_name":"Falling","floor":46,"gold_loss":0}],"is_beta":false,"boss_relics":[{"not_picked":["Calling Bell","SacredBark"],"picked":"Astrolabe"},{"not_picked":["Black Star","Philosopher\u0027s Stone"],"picked":"Velvet Choker"}],"items_purged_floors":[],"is_endless":false,"potions_floor_spawned":[7,8,10,14,18,20,21,25,27,31,35,38,45],"ascension_level":20}}