{"host":"54vghy6hfkyy1r39","time":1609810847,"event":{"mods":["AchievementEnabler","BaseMod","Minty Spire (QoL Compilation)","StSLib","SuperFastMode","everything is the same but u backflip on backflip"],"gold_per_floor":[114,131,131,17,17,17,37,48,74,24,24,59,59,69,69,173,173,188,188,188,198,198,198,232,269,269,269,305,90,90,0,0,126,126,164,164,164,239,176,211,236,271,346,111,137,167,15,50,50,50],"floor_reached":51,"playtime":2444,"items_purged":["Strike_P","Defend_P","Strike_P","Defend_P","Defend_P"],"score":910,"play_id":"8edf7fd1-a802-4e1e-b2f5-7975f1dc13e7","local_time":"20210105104047","is_ascension_mode":true,"campfire_choices":[{"data":"Tantrum","floor":6,"key":"SMITH"},{"data":"Vigilance","floor":13,"key":"SMITH"},{"data":"Adaptation","floor":15,"key":"SMITH"},{"floor":23,"key":"REST"},{"floor":27,"key":"REST"},{"data":"DevaForm","floor":30,"key":"SMITH"},{"data":"MentalFortress","floor":32,"key":"SMITH"},{"data":"Vault","floor":49,"key":"SMITH"}],"circlet_count":0,"master_deck":["Strike_P","Defend_P","Eruption+1","Vigilance+1","MentalFortress+1","Tantrum+1","Sanctity","Adaptation+1","DevaForm+1","CurseOfTheBell","Crescendo","EmptyBody","Wish","FearNoEvil","MentalFortress","Vault+1","FlurryOfBlows+1","Deep Breath","ClearTheMind+1","Adaptation+1","Mayhem","ConjureBlade"],"relics":["PureWater","NeowsBlessing","Oddly Smooth Stone","Happy Flower","Bottled Tornado","Calling Bell","PreservedInsect","Mummified Hand","Bird Faced Urn","Nilry\u0027s Codex","Anchor","Centennial Puzzle","Membership Card","SacredBark","GoldenEye","Question Card","Toolbox","MawBank","OrangePellets"],"acts_visited":["Exordium","TheCity","TheBeyond"],"potions_floor_usage":[12,16,18,33,40,41,45],"damage_taken":[{"damage":0,"enemies":"Small Slimes","floor":1,"turns":1},{"damage":0,"enemies":"2 Louse","floor":2,"turns":2},{"damage":0,"enemies":"Jaw Worm","floor":7,"turns":1},{"damage":3,"enemies":"Large Slime","floor":8,"turns":4},{"damage":4,"enemies":"Lagavulin","floor":12,"turns":4},{"damage":0,"enemies":"3 Louse","floor":14,"turns":3},{"damage":18,"enemies":"The Guardian","floor":16,"turns":9},{"damage":32,"enemies":"Chosen","floor":18,"turns":5},{"damage":4,"enemies":"2 Thieves","floor":21,"turns":5},{"damage":12,"enemies":"Book of Stabbing","floor":24,"turns":4},{"damage":3,"enemies":"Snake Plant","floor":25,"turns":6},{"damage":4,"enemies":"Cultist and Chosen","floor":28,"turns":7},{"damage":37,"enemies":"Automaton","floor":33,"turns":14},{"damage":17,"enemies":"3 Shapes","floor":35,"turns":6},{"damage":12,"enemies":"Mind Bloom Boss Battle","floor":38,"turns":6},{"damage":29,"enemies":"3 Darklings","floor":40,"turns":7},{"damage":0,"enemies":"Giant Head","floor":41,"turns":5},{"damage":10,"enemies":"Maw","floor":42,"turns":8},{"damage":11,"enemies":"Reptomancer","floor":45,"turns":5},{"damage":0,"enemies":"Spire Growth","floor":46,"turns":4},{"damage":0,"enemies":"Transient","floor":48,"turns":5},{"damage":0,"enemies":"Donu and Deca","floor":50,"turns":6}],"seed_played":"-5698733108246903971","potions_obtained":[{"floor":1,"key":"Ambrosia"},{"floor":12,"key":"LiquidBronze"},{"floor":16,"key":"Swift Potion"},{"floor":24,"key":"BlessingOfTheForge"},{"floor":25,"key":"Dexterity Potion"},{"floor":28,"key":"Dexterity Potion"},{"floor":38,"key":"StancePotion"},{"floor":40,"key":"SmokeBomb"},{"floor":42,"key":"Explosive Potion"}],"is_trial":false,"path_per_floor":["M","M","?","$","?","R","M","M","T","?","$","E","R","M","R","B",null,"M","?","?","M","?","R","E","M","T","R","M","$","R","?","R","B",null,"M","?","?","?","$","M","E","M","T","$","E","M","$","M","R","B",null],"character_chosen":"WATCHER","items_purchased":["Tantrum","Membership Card","MentalFortress","Mayhem","Toolbox","OrangePellets"],"campfire_rested":2,"item_purchase_floors":[4,29,29,44,44,47],"current_hp_per_floor":[72,72,65,65,65,65,65,62,62,62,62,58,58,58,58,40,72,40,24,24,24,11,34,28,29,29,52,54,54,54,54,54,27,77,61,61,61,57,57,38,46,48,48,48,45,53,53,67,67,77],"gold":50,"neow_bonus":"THREE_ENEMY_KILL","is_daily":false,"chose_seed":false,"campfire_upgraded":6,"win_rate":0.0,"timestamp":1609810847,"path_taken":["M","M","?","$","?","R","M","M","T","?","?","E","R","M","R","BOSS","M","?","?","M","?","R","E","M","T","R","M","$","R","?","R","BOSS","M","?","?","?","$","M","E","M","T","?","E","M","$","M","R","BOSS"],"items_purchased_type":["Card","Relic","Card","Card","Relic","Relic"],"build_version":"2020-12-22","purchased_purges":5,"victory":true,"max_hp_per_floor":[72,72,72,72,72,72,72,72,72,72,72,72,72,72,72,72,72,72,72,72,72,77,77,77,77,77,77,77,77,77,77,77,77,77,77,77,77,77,77,77,77,77,77,77,77,77,77,77,77,77],"card_choices":[{"not_picked":["Weave","PathToVictory","DeceiveReality"],"picked":"SKIP","floor":1},{"not_picked":["JustLucky","FlyingSleeves"],"picked":"MentalFortress","floor":2},{"not_picked":["FollowUp","Swivel","Protect"],"picked":"SKIP","floor":7},{"not_picked":["WaveOfTheHand","BattleHymn"],"picked":"Sanctity","floor":8},{"not_picked":["Evaluate","JustLucky","SashWhip"],"picked":"SKIP","floor":12},{"not_picked":["PathToVictory","Nirvana"],"picked":"Adaptation","floor":14},{"not_picked":["ConjureBlade","SpiritShield"],"picked":"DevaForm","floor":16},{"not_picked":["JustLucky+1","WheelKick+1"],"picked":"Crescendo","floor":18},{"not_picked":["FollowUp","Consecrate"],"picked":"EmptyBody","floor":21},{"not_picked":["FlyingSleeves+1","Vengeance"],"picked":"Wish","floor":24},{"not_picked":["Consecrate","JustLucky"],"picked":"FearNoEvil","floor":25},{"not_picked":["Indignation","ThirdEye","CutThroughFate+1"],"picked":"SKIP","floor":28},{"not_picked":["DevaForm","LessonLearned"],"picked":"Vault","floor":33},{"not_picked":["BattleHymn+1","FollowUp"],"picked":"FlurryOfBlows+1","floor":35},{"not_picked":["Bandage Up","Trip"],"picked":"Deep Breath","floor":37},{"not_picked":["SignatureMove","Fasting2+1"],"picked":"ClearTheMind+1","floor":40},{"not_picked":["Worship+1","FollowUp"],"picked":"Adaptation+1","floor":42},{"not_picked":["TalkToTheHand+1","SashWhip","EmptyMind","EmptyFist"],"picked":"SKIP","floor":45},{"not_picked":["Collect+1","JustLucky+1","CutThroughFate+1"],"picked":"ConjureBlade","floor":46},{"not_picked":["MentalFortress","WheelKick+1","Fasting2+1","PathToVictory+1"],"picked":"SKIP","floor":48}],"player_experience":186497,"relics_obtained":[{"floor":9,"key":"Happy Flower"},{"floor":12,"key":"Bottled Tornado"},{"floor":17,"key":"PreservedInsect"},{"floor":17,"key":"Mummified Hand"},{"floor":17,"key":"Bird Faced Urn"},{"floor":19,"key":"Nilry\u0027s Codex"},{"floor":24,"key":"Anchor"},{"floor":26,"key":"Centennial Puzzle"},{"floor":38,"key":"GoldenEye"},{"floor":43,"key":"Question Card"},{"floor":45,"key":"MawBank"}],"event_choices":[{"damage_healed":0,"gold_gain":0,"player_choice":"Success","damage_taken":7,"relics_obtained":["Oddly Smooth Stone"],"max_hp_gain":0,"max_hp_loss":0,"event_name":"Scrap Ooze","floor":3,"gold_loss":0},{"damage_healed":0,"gold_gain":0,"player_choice":"Grow","damage_taken":0,"max_hp_gain":0,"max_hp_loss":0,"event_name":"Living Wall","floor":5,"gold_loss":0,"cards_upgraded":["Eruption"]},{"cards_removed":["Strike_P"],"damage_healed":0,"gold_gain":0,"player_choice":"Card Removal","damage_taken":0,"max_hp_gain":0,"max_hp_loss":0,"event_name":"The Cleric","floor":10,"gold_loss":50},{"damage_healed":0,"gold_gain":0,"player_choice":"Obtained Book","damage_taken":16,"max_hp_gain":0,"max_hp_loss":0,"event_name":"Cursed Tome","floor":19,"gold_loss":0},{"damage_healed":0,"gold_gain":0,"player_choice":"Ignored","damage_taken":0,"max_hp_gain":0,"max_hp_loss":0,"event_name":"Vampires","floor":20,"gold_loss":0},{"damage_healed":0,"gold_gain":0,"player_choice":"Shed Blood","damage_taken":18,"max_hp_gain":5,"max_hp_loss":0,"event_name":"Forgotten Altar","floor":22,"gold_loss":0},{"damage_healed":0,"gold_gain":0,"player_choice":"Paid Fearfully","damage_taken":0,"max_hp_gain":0,"max_hp_loss":0,"event_name":"Masked Bandits","floor":31,"gold_loss":90},{"damage_healed":0,"gold_gain":0,"player_choice":"Ignored","damage_taken":0,"max_hp_gain":0,"max_hp_loss":0,"event_name":"Tomb of Lord Red Mask","floor":36,"gold_loss":0},{"damage_healed":0,"gold_gain":0,"player_choice":"Memory 1","damage_taken":0,"max_hp_gain":0,"max_hp_loss":0,"event_name":"SensoryStone","floor":37,"gold_loss":0},{"damage_healed":0,"gold_gain":0,"player_choice":"Fight","damage_taken":0,"max_hp_gain":0,"max_hp_loss":0,"event_name":"MindBloom","floor":38,"gold_loss":0}],"is_beta":false,"boss_relics":[{"not_picked":["VioletLotus","Runic Dome"],"picked":"Calling Bell"},{"not_picked":["Coffee Dripper","Velvet Choker"],"picked":"SacredBark"}],"items_purged_floors":[4,29,39,44,47],"is_endless":false,"potions_floor_spawned":[1,12,16,24,25,28,38,40,42],"ascension_level":3}}