{"host":"5wznv0010959mrmz","time":1609819854,"event":{"mods":["BaseMod","Highlight Path","Minty Spire (QoL Compilation)","Relic Stats"],"gold_per_floor":[110,120,270,287,299,299,328,328,328,328,328],"floor_reached":10,"playtime":262,"items_purged":[],"score":136,"play_id":"3b17be38-da29-4817-b460-d51353cc9314","local_time":"20210104221054","is_ascension_mode":true,"campfire_choices":[{"data":"Bouncing Flask","floor":6,"key":"SMITH"},{"data":"Catalyst","floor":8,"key":"SMITH"}],"circlet_count":0,"master_deck":["AscendersBane","Strike_G","Strike_G","Strike_G","Strike_G","Strike_G","Defend_G","Defend_G","Defend_G","Defend_G+1","Defend_G","Survivor","Neutralize","Die Die Die","Bouncing Flask+1","Doubt","Leg Sweep+1","Dagger Spray","Catalyst+1"],"relics":["Ring of the Snake","Anchor","War Paint"],"acts_visited":["Exordium"],"potions_floor_usage":[5,7,10],"damage_taken":[{"damage":0,"enemies":"Small Slimes","floor":1,"turns":2},{"damage":0,"enemies":"Jaw Worm","floor":2,"turns":5},{"damage":0,"enemies":"Cultist","floor":4,"turns":3},{"damage":5,"enemies":"Looter","floor":5,"turns":4},{"damage":35,"enemies":"Lagavulin","floor":7,"turns":7},{"damage":11,"enemies":"3 Sentries","floor":10,"turns":4}],"seed_played":"-3081166139173392087","potions_obtained":[{"floor":2,"key":"Dexterity Potion"},{"floor":4,"key":"BlessingOfTheForge"},{"floor":5,"key":"Regen Potion"}],"is_trial":false,"path_per_floor":["M","M","?","M","M","R","E","R","T","E"],"character_chosen":"THE_SILENT","items_purchased":[],"campfire_rested":0,"item_purchase_floors":[],"current_hp_per_floor":[44,44,44,44,39,39,19,19,19,8,8],"gold":328,"neow_bonus":"THREE_RARE_CARDS","is_daily":false,"chose_seed":false,"campfire_upgraded":2,"win_rate":0.0,"timestamp":1609819854,"path_taken":["M","M","?","M","M","R","E","R","T","E"],"items_purchased_type":[],"build_version":"2020-12-22","purchased_purges":0,"victory":false,"max_hp_per_floor":[66,66,66,66,66,66,66,66,66,66,66],"relic_stats":{"counters":[6,25],"War Paint":["Defend_G","Leg Sweep"],"obtain_stats":[{"Anchor":7,"War Paint":9,"Ring of the Snake":0},{"Anchor":5,"War Paint":5,"Ring of the Snake":0},{"Anchor":21,"War Paint":21,"Ring of the Snake":0}],"Ring of the Snake":[12]},"card_choices":[{"not_picked":["Night Terror","Phantasmal Killer"],"picked":"Die Die Die","floor":0},{"not_picked":["Poisoned Stab","Bane"],"picked":"Bouncing Flask","floor":1},{"not_picked":["PiercingWail","Cloak And Dagger","Concentrate"],"picked":"SKIP","floor":2},{"not_picked":["Backflip","Deflect"],"picked":"Leg Sweep","floor":4},{"not_picked":["Deadly Poison","Outmaneuver"],"picked":"Dagger Spray","floor":5},{"not_picked":["Escape Plan","PiercingWail"],"picked":"Catalyst","floor":7}],"player_experience":407612,"relics_obtained":[{"floor":7,"key":"Anchor"},{"floor":9,"key":"War Paint"}],"event_choices":[{"damage_healed":0,"gold_gain":150,"player_choice":"AGREE","damage_taken":0,"max_hp_gain":0,"max_hp_loss":0,"event_name":"Liars Game","floor":3,"gold_loss":0,"cards_obtained":["Doubt"]}],"is_beta":false,"boss_relics":[],"items_purged_floors":[],"is_endless":false,"potions_floor_spawned":[2,4,5],"killed_by":"3 Sentries","ascension_level":20}}