{"host":"pcbz64t4k17ey4z1","time":1609807675,"event":{"mods":["2.2 Compatiblity","AchievementEnabler","Act Like it!","Aspiration","BaseMod","Beaked The Cultist","Better Match","Better Third Choice","BetterRewards","Card Forge","Colored Map","Colored Powertips","Conspire","Disable Question Mark Monsters","Fireblade Mod","Friendly Minions","Gensokyo","GifTheSpireLib","Glutton Mod","Googly Eyes","Gremlin Mod","Hermit","Hubris","Infinite Spire","Koishi","Marisa????????","Minty Spire (QoL Compilation)","Permanent Neow","Potionbrewer","Quick Restart","Random Character Button","Rare Cards Sparkle","Relic Filter","Replay The Spire","Robot Space Explorer","Shade Mod","Shop Mod","Small Relic Pack","Spicy Shops","StSLib","Stuff the Spire","SuperFastMode","The Animator","The Cursed","The Druid","The Gatherer","The Hierophant","The IronCluck","The Jungle","The Marked","The Runesmith","Virulent Crown","Waifu the Spire","Wandering Minibosses","vexMod"],"gold_per_floor":[170,217,266,351,391,441,441],"floor_reached":6,"playtime":447,"items_purged":[],"score":80,"play_id":"92be3f36-404f-41c8-af02-e4a780c0d572","local_time":"20210105004755","is_ascension_mode":true,"campfire_choices":[],"circlet_count":0,"master_deck":["AscendersBane","animator:Strike_MadokaMagica+1","animator:Defend_MadokaMagica+1","animator:Strike+1","animator:Strike+1","animator:Strike+1","animator:Defend+1","animator:Defend+1","animator:Defend+1","animator:IrohaTamaki+1","animator:YuiTsuruno+1","Normality","animator:YachiyoNanami+1","animator:YuiTsuruno","animator:NagisaMomoe"],"relics":["animator:LivingPicture","animator:TheMissingPiece","Hammer of Thor","Seething Fire","Anvil of the Gods","animator:PurgingStone","Replay:Bandana","potionbrewer:Keyblade","StuffTheSpire:GrapeVine"],"acts_visited":["Exordium"],"potions_floor_usage":[2,6],"damage_taken":[{"damage":7,"enemies":"Jaw Worm","floor":1,"turns":5},{"damage":0,"enemies":"Cultist","floor":2,"turns":5},{"damage":0,"enemies":"Small Slimes","floor":3,"turns":3},{"damage":7,"enemies":"Exordium Wildlife","floor":4,"turns":6},{"damage":11,"enemies":"Looter","floor":5,"turns":3},{"damage":56,"enemies":"Gremlin Nob","floor":6,"turns":4}],"seed_played":"7731805226405162613","potions_obtained":[{"floor":1,"key":"Block Potion"},{"floor":3,"key":"potionbrewer:CleansingPotion"}],"is_trial":false,"path_per_floor":["M","M","M","M","M","E"],"character_chosen":"THE_ANIMATOR","items_purchased":["Replay:Bandana","potionbrewer:Keyblade","StuffTheSpire:GrapeVine","animator:YachiyoNanami"],"campfire_rested":0,"item_purchase_floors":[0,0,0,0],"current_hp_per_floor":[47,48,48,41,30,0,0],"gold":441,"neow_bonus":"","is_daily":false,"chose_seed":false,"campfire_upgraded":0,"win_rate":0.0,"timestamp":1609807675,"path_taken":["M","M","M","M","M","E"],"items_purchased_type":["Relic","Relic","Relic","Card"],"build_version":"2020-12-22","purchased_purges":0,"victory":false,"max_hp_per_floor":[60,61,61,61,61,61,61],"card_choices":[{"not_picked":["animator:SilverFang","animator:Shion"],"picked":"animator:Genos","floor":1},{"not_picked":["animator:WinryRockbell","animator:HighElfArcher"],"picked":"animator:Melzalgald","floor":2},{"not_picked":["animator:Chung","animator:ShinjiMatou"],"picked":"animator:YuiTsuruno","floor":3},{"not_picked":["animator:YuiTsuruno","animator:OrikoMikuni"],"picked":"animator:NagisaMomoe","floor":4},{"not_picked":["animator:Bozes","animator:AcuraTooru","animator:Kaijin"],"picked":"SKIP","floor":5}],"player_experience":3869176,"relics_obtained":[],"event_choices":[],"is_beta":false,"boss_relics":[],"items_purged_floors":[],"is_endless":false,"potions_floor_spawned":[1,3],"killed_by":"Gremlin Nob","ascension_level":20}}