{"host":"51f0ad793vly1w6u","time":1609860857,"event":{"mods":["BaseMod","Colored Map","DeckTracker","Minty Spire (QoL Compilation)","StSLib","SuperFastMode"],"gold_per_floor":[115,115,128,147,165,165,178,192,218,230,254,301,328,375,387,399,399],"floor_reached":16,"playtime":300,"items_purged":[],"score":232,"play_id":"ed86d773-df2a-4169-a7c8-7dab75dcb837","local_time":"20210106003417","is_ascension_mode":true,"campfire_choices":[{"data":"Blood for Blood","floor":6.0,"key":"SMITH"},{"data":"Feed","floor":10.0,"key":"SMITH"},{"data":"Anger","floor":15,"key":"SMITH"}],"circlet_count":0,"master_deck":["AscendersBane","Strike_R","Strike_R","Strike_R","Strike_R","Strike_R","Defend_R","Defend_R","Defend_R","Defend_R","Bash","Blood for Blood+1","Shrug It Off","Sword Boomerang","Feed+1","Pommel Strike","Anger+1"],"relics":["Burning Blood","Blood Vial","Bronze Scales","MawBank","Happy Flower","Akabeko"],"acts_visited":["Exordium"],"potions_floor_usage":[12,14,16],"damage_taken":[{"damage":12.0,"enemies":"Cultist","floor":1.0,"turns":5.0},{"damage":0.0,"enemies":"Small Slimes","floor":3.0,"turns":4.0},{"damage":10.0,"enemies":"2 Louse","floor":4.0,"turns":2.0},{"damage":21.0,"enemies":"Blue Slaver","floor":5.0,"turns":4.0},{"damage":14.0,"enemies":"Gremlin Gang","floor":7.0,"turns":5.0},{"damage":21.0,"enemies":"Large Slime","floor":8.0,"turns":6.0},{"damage":11.0,"enemies":"Blue Slaver","floor":11.0,"turns":4.0},{"damage":6,"enemies":"Gremlin Nob","floor":12,"turns":3},{"damage":20,"enemies":"Gremlin Gang","floor":13,"turns":4},{"damage":17,"enemies":"3 Sentries","floor":14,"turns":6},{"damage":33,"enemies":"Hexaghost","floor":16,"turns":7}],"seed_played":"1167804182444022249","potions_obtained":[{"floor":5.0,"key":"Dexterity Potion"},{"floor":7.0,"key":"SkillPotion"},{"floor":12,"key":"SkillPotion"}],"is_trial":false,"path_per_floor":["M","?","M","M","M","R","M","M","T","R","M","E","M","E","R","B"],"character_chosen":"IRONCLAD","items_purchased":[],"campfire_rested":0,"item_purchase_floors":[],"current_hp_per_floor":[64,64,72,70,57,57,51,41,41,41,42,48,40,31,31,0,0],"gold":399,"neow_bonus":"RANDOM_COMMON_RELIC","is_daily":false,"chose_seed":false,"campfire_upgraded":3,"win_rate":0.0,"timestamp":1609860857,"path_taken":["M","?","M","M","M","R","M","?","T","R","M","E","M","E","R","BOSS"],"items_purchased_type":[],"build_version":"2020-12-22","purchased_purges":0,"victory":false,"max_hp_per_floor":[75,75,75,75,75,75,75,78,78,78,82,86,90,90,90,90,90],"card_choices":[{"not_picked":["Clothesline","Rage"],"picked":"Wild Strike","floor":1.0},{"not_picked":["Perfected Strike","Armaments"],"picked":"Blood for Blood","floor":3.0},{"not_picked":["Heavy Blade","Pommel Strike"],"picked":"Shrug It Off","floor":4.0},{"not_picked":["Heavy Blade","Pommel Strike"],"picked":"Sword Boomerang","floor":5.0},{"not_picked":["Wild Strike","Armaments"],"picked":"Feed","floor":7.0},{"not_picked":["Dropkick","Wild Strike"],"picked":"Pommel Strike","floor":8.0},{"not_picked":["Warcry","Clothesline"],"picked":"Anger","floor":11.0},{"not_picked":["Pommel Strike","Sword Boomerang","Clash"],"picked":"SKIP","floor":12},{"not_picked":["Ghostly Armor","Burning Pact","Anger"],"picked":"SKIP","floor":13},{"not_picked":["Pommel Strike","Searing Blow","Power Through"],"picked":"SKIP","floor":14}],"player_experience":1385726,"relics_obtained":[{"floor":9.0,"key":"MawBank"},{"floor":12,"key":"Happy Flower"},{"floor":14,"key":"Akabeko"}],"event_choices":[{"cards_removed":["Wild Strike"],"damage_healed":0.0,"max_hp_gain":0.0,"max_hp_loss":0.0,"gold_gain":0.0,"event_name":"WeMeetAgain","player_choice":"Gave Card","floor":2.0,"gold_loss":0.0,"damage_taken":0.0,"relics_obtained":["Bronze Scales"]}],"is_beta":false,"boss_relics":[],"items_purged_floors":[],"is_endless":false,"potions_floor_spawned":[5,7,12,13],"killed_by":"Hexaghost","ascension_level":20}}