{"host":"hig4mmxcip4vq5ai","time":1609883933,"event":{"mods":["BaseMod","Colored Powertips","Energized Spire","Infinite Spire","Lobotomy","LobotomyExtend","Minty Spire (QoL Compilation)","Small Relic Pack","StSLib"],"gold_per_floor":[111,111,128,143,156,156,1,1,72,86,53,63,83,115,127,234,246,268,391,403,427,36,54,54,54,107,120,47,63,63,145,145,291,291,356,374,424,424,488,488,507,520,572,84,189,38,38,50,50,50,50],"floor_reached":50,"playtime":4261,"items_purged":["Laetitia"],"score":568,"play_id":"c4d5aa97-764a-4dd3-b826-3af73e158e47","local_time":"20210106005853","is_ascension_mode":false,"campfire_choices":[{"data":"Uppercut","floor":6,"key":"SMITH"},{"data":"Inflame","floor":8,"key":"SMITH"},{"floor":15,"key":"REST"},{"floor":24,"key":"REST"},{"data":"Infernal Blade","floor":30,"key":"SMITH"},{"data":"Metallicize","floor":32,"key":"SMITH"},{"floor":40,"key":"REST"},{"data":"infinitespire:Punishment","floor":47,"key":"SMITH"},{"data":"Inflame","floor":49,"key":"SMITH"}],"circlet_count":0,"master_deck":["Strike_R","Strike_R","Strike_R","Strike_R","Strike_R","Defend_R","Defend_R","Defend_R","Defend_R","Bash+1","Scorched","Disarm","OSAHOGD","Inflame+1","Murderer","Shrug It Off","Uppercut+1","BeautyBeast","WallGazer","Anger","Metallicize+1","CherryBlossoms","Spot Weakness","OldLady","Ghostly Armor","Power Through","Scarecrow","ShyLook","Bludgeon","Wellcheers","Inflame+1","Shrug It Off","LaLuna","infinitespire:Punishment+1","NakedNest","Heavy Blade","MHz","Perfected Strike+1","Rudolta","Cleave","Infernal Blade+1","Freischutz","Anger+1","Variant","Spot Weakness","MeatLantern","Feed","SingingMachine","Spot Weakness","Clothesline+1","UniverseFragment","Sword Boomerang+1","BigBird","BlackArmy","Warcry+1","Inflame","RedShoes","PlagueDoctor","Shrug It Off+1"],"relics":["Black Blood","CogitoBucket","LetterFromLob","Red Skull","InkBottle","Theresia","MawBank","relicPack:KazumaCape","AdjustmentMirror","infinitespire:FocusingShard","Vajra","Centennial Puzzle","infinitespire:Lucky Rock","AtMidnight","BehaviorAdjustment","Heaven_r","MealTicket","Frozen Eye","Mummified Hand","Dead Branch","Membership Card"],"acts_visited":["Exordium","TheCity","TheBeyond"],"potions_floor_usage":[12,16,19,21,23,29,31,41,42,50,50],"damage_taken":[{"damage":7,"enemies":"Small Slimes","floor":1,"turns":5},{"damage":30,"enemies":"Cultist","floor":3,"turns":3},{"damage":0,"enemies":"2 Louse","floor":4,"turns":1},{"damage":11,"enemies":"2 Fungi Beasts","floor":5,"turns":3},{"damage":34,"enemies":"Blue Slaver","floor":10,"turns":4},{"damage":9,"enemies":"Looter","floor":12,"turns":3},{"damage":2,"enemies":"Exordium Wildlife","floor":13,"turns":3},{"damage":9,"enemies":"3 Sentries","floor":14,"turns":3},{"damage":25,"enemies":"Slime Boss","floor":16,"turns":12},{"damage":4,"enemies":"Spheric Guardian","floor":18,"turns":7},{"damage":83,"enemies":"Chosen","floor":19,"turns":9},{"damage":2,"enemies":"Snecko","floor":21,"turns":3},{"damage":2,"enemies":"Chosen and Byrds","floor":23,"turns":4},{"damage":11,"enemies":"Shelled Parasite and Fungi","floor":27,"turns":3},{"damage":22,"enemies":"Centurion and Healer","floor":29,"turns":5},{"damage":16,"enemies":"Slavers","floor":31,"turns":5},{"damage":53,"enemies":"Collector","floor":33,"turns":9},{"damage":41,"enemies":"3 Shapes","floor":35,"turns":4},{"damage":0,"enemies":"Orb Walker","floor":36,"turns":1},{"damage":21,"enemies":"Orb Walker","floor":37,"turns":4},{"damage":4,"enemies":"Sphere and 2 Shapes","floor":39,"turns":3},{"damage":10,"enemies":"Maw","floor":41,"turns":6},{"damage":6,"enemies":"3 Darklings","floor":42,"turns":3},{"damage":6,"enemies":"2 Orb Walkers","floor":45,"turns":5},{"damage":12,"enemies":"4 Shapes","floor":48,"turns":4},{"damage":101,"enemies":"Time Eater","floor":50,"turns":6}],"seed_played":"8772330533645395409","potions_obtained":[{"floor":3,"key":"Dexterity Potion"},{"floor":5,"key":"Energy Potion"},{"floor":14,"key":"FairyPotion"},{"floor":16,"key":"Block Potion"},{"floor":19,"key":"FearPotion"},{"floor":23,"key":"Explosive Potion"},{"floor":27,"key":"Block Potion"},{"floor":39,"key":"ColorlessPotion"},{"floor":41,"key":"Explosive Potion"},{"floor":42,"key":"EssenceOfSteel"}],"is_trial":false,"path_per_floor":["M","?","M","M","M","R","$","R","T","M","$","M","M","E","R","B",null,"M","M","AVR","M","$","M","R","?","T","M","$","M","R","E","R","B",null,"M","M","?","AVR","M","R","M","M","T","$","?","$","R","M","R","B"],"character_chosen":"IRONCLAD","items_purchased":["Red Skull","Metallicize","infinitespire:FocusingShard","Vajra","Infernal Blade","Inflame","Frozen Eye","Mummified Hand","Membership Card"],"campfire_rested":3,"item_purchase_floors":[7,11,22,22,28,44,44,44,46],"current_hp_per_floor":[79,79,55,61,56,56,56,56,56,28,28,25,29,26,50,31,80,80,11,11,23,23,31,55,63,63,58,58,53,53,55,55,19,80,51,63,4,4,36,60,66,76,76,80,80,80,80,80,80,0,0],"gold":50,"neow_bonus":"","is_daily":false,"chose_seed":false,"campfire_upgraded":6,"win_rate":0.0,"timestamp":1609883933,"path_taken":["M","?","?","?","?","R","?","R","T","?","$","M","M","E","R","BOSS","M","M","AVR","M","$","M","R","?","T","M","$","M","R","E","R","BOSS","M","M","?","AVR","M","R","M","M","T","$","?","?","R","M","R","BOSS"],"items_purchased_type":["Relic","Card","Relic","Relic","Card","Card","Relic","Relic","Relic"],"build_version":"2020-12-22","purchased_purges":1,"victory":false,"max_hp_per_floor":[80,80,80,80,80,80,80,80,80,80,80,80,80,80,80,80,80,80,80,80,80,80,80,80,80,80,80,80,80,80,80,80,80,80,80,80,80,80,80,80,80,80,80,80,80,80,80,80,80,80,80],"card_choices":[{"not_picked":["SnowQueen","CherryBlossoms"],"picked":"Scorched","floor":1},{"not_picked":["Dual Wield","Dark Embrace"],"picked":"Disarm","floor":1},{"not_picked":["Rudolta","CherryBlossoms"],"picked":"OSAHOGD","floor":3},{"not_picked":["Blood for Blood","Perfected Strike"],"picked":"Inflame","floor":3},{"not_picked":["SpiderBud","BeautyBeast"],"picked":"Murderer","floor":4},{"not_picked":["Sever Soul","Fiend Fire"],"picked":"Shrug It Off","floor":4},{"not_picked":["Anger","Clothesline"],"picked":"Uppercut","floor":5},{"not_picked":["SpiderBud","CherryBlossoms"],"picked":"BeautyBeast","floor":5},{"not_picked":["QueenBee","MHz"],"picked":"WallGazer","floor":10},{"not_picked":["Pommel Strike","Second Wind"],"picked":"Anger","floor":10},{"not_picked":["WhitesApple","MeatLantern"],"picked":"CherryBlossoms","floor":12},{"not_picked":["True Grit","Flex"],"picked":"Spot Weakness","floor":12},{"not_picked":["ShyLook","SnowQueen"],"picked":"OldLady","floor":13},{"not_picked":["Perfected Strike","Wild Strike"],"picked":"Ghostly Armor","floor":13},{"not_picked":["Cleave","Sword Boomerang"],"picked":"Power Through","floor":14},{"not_picked":["MeatLantern","SpiderBud"],"picked":"Scarecrow","floor":14},{"not_picked":["MeatLantern","Rudolta"],"picked":"ShyLook","floor":16},{"not_picked":["Double Tap","Limit Break"],"picked":"Bludgeon","floor":16},{"not_picked":["Bloodbath","SpiderBud"],"picked":"Wellcheers","floor":18},{"not_picked":["Body Slam","Immolate"],"picked":"Inflame","floor":18},{"not_picked":["Twin Strike+1","Sword Boomerang+1"],"picked":"Shrug It Off","floor":19},{"not_picked":["SpiderBud","UniverseFragment"],"picked":"LaLuna","floor":19},{"not_picked":["GreedKing","Porccubus"],"picked":"NakedNest","floor":21},{"not_picked":["Armaments","Wild Strike"],"picked":"Heavy Blade","floor":21},{"not_picked":["Alriune","VoidDream"],"picked":"MHz","floor":23},{"not_picked":["Carnage","Sword Boomerang+1"],"picked":"Perfected Strike+1","floor":23},{"not_picked":["PunishingBird","HappyTeddy"],"picked":"Rudolta","floor":27},{"not_picked":["Armaments","Brutality"],"picked":"Cleave","floor":27},{"not_picked":["GalaxyChild","UniverseFragment"],"picked":"Freischutz","floor":29},{"not_picked":["Shrug It Off","Dual Wield"],"picked":"Anger+1","floor":29},{"not_picked":["UniverseFragment","BigBadWolf"],"picked":"Variant","floor":31},{"not_picked":["Reckless Charge","Bludgeon"],"picked":"Spot Weakness","floor":31},{"not_picked":["BigBadWolf","Yin"],"picked":"MeatLantern","floor":33},{"not_picked":["Demon Form","Corruption"],"picked":"Feed","floor":33},{"not_picked":["Alriune","CrumblingArmor"],"picked":"SingingMachine","floor":35},{"not_picked":["Warcry","Entrench"],"picked":"Spot Weakness","floor":35},{"not_picked":["HeroicMonk","LongBird"],"picked":"Laetitia","floor":36},{"not_picked":["Feel No Pain","Perfected Strike"],"picked":"Clothesline+1","floor":36},{"not_picked":["PunishingBird","SilentOrchestra"],"picked":"UniverseFragment","floor":39},{"not_picked":["Body Slam","Dropkick"],"picked":"Sword Boomerang+1","floor":39},{"not_picked":["CrumblingArmor","Laetitia"],"picked":"BigBird","floor":41},{"not_picked":["Wild Strike+1","Headbutt+1","Flex"],"picked":"SKIP","floor":41},{"not_picked":["BigBadWolf","CrumblingArmor"],"picked":"BlackArmy","floor":42},{"not_picked":["Burning Pact+1","Headbutt"],"picked":"Warcry+1","floor":42},{"not_picked":["BlackSwan","Alriune"],"picked":"RedShoes","floor":45},{"not_picked":["DreamingCurrent","Funeral"],"picked":"PlagueDoctor","floor":48},{"not_picked":["Shockwave","Clash"],"picked":"Shrug It Off+1","floor":48}],"player_experience":412266,"relics_obtained":[{"floor":1,"key":"LetterFromLob"},{"floor":9,"key":"InkBottle"},{"floor":14,"key":"MawBank"},{"floor":26,"key":"Centennial Puzzle"},{"floor":31,"key":"infinitespire:Lucky Rock"},{"floor":35,"key":"AtMidnight"},{"floor":43,"key":"MealTicket"},{"floor":45,"key":"Dead Branch"}],"event_choices":[{"damage_healed":0,"gold_gain":0,"player_choice":"Upgraded","damage_taken":0,"max_hp_gain":0,"max_hp_loss":0,"event_name":"Upgrade Shrine","floor":2,"gold_loss":0,"cards_upgraded":["Bash"]},{"damage_healed":0,"gold_gain":0,"player_choice":"Fight","damage_taken":0,"max_hp_gain":0,"max_hp_loss":0,"event_name":"Mysterious Sphere","floor":45,"gold_loss":0}],"is_beta":false,"boss_relics":[{"not_picked":["energizedSpire:OgreHead","Fusion Hammer"],"picked":"relicPack:KazumaCape"},{"not_picked":["energizedSpire:SpiderWeb","Mark of Pain"],"picked":"Black Blood"}],"items_purged_floors":[38],"is_endless":false,"potions_floor_spawned":[3,5,14,16,18,19,23,27,37,39,41,42],"killed_by":"Time Eater","ascension_level":0}}