{"host":"wghdsg8ym2wc7ov9","time":1609835971,"event":{"mods":["AchievementEnabler","Astrologer","BaseMod","Beaked The Cultist","Better Altar","Better Note","Colored Map","Downfall","Hermit","Highlight Path","Jorbs\u0027s Wanderer Trilogy","KinomotoSakuraMod(????)","Minty Spire (QoL Compilation)","Random Character Button","Relic Stats","SIMod","Shop Mod","StSLib","The Blackbeard","The Bladedancer","The Construct","The Cursed","The Death Knight","The Gatherer","The Hierophant","The Marked","The Mystic","The Necromancer","The Runesmith","The Senshi","The Servant 0.9.4"],"gold_per_floor":[99,110,121,140,157,157,234,266,294,322,332,348,273,300,315,416,416,416,439,439,49,65,65,65,184,184,184],"floor_reached":26,"playtime":5416,"items_purged":[],"score":245,"play_id":"494e0aa8-8eb2-456b-bd84-0998a70cb7b5","local_time":"20210105003931","is_ascension_mode":false,"campfire_choices":[{"data":"sneckomod:Unknown","floor":1.0,"key":"SMITH"},{"data":"sneckomod:SnakeSap","floor":6.0,"key":"SMITH"},{"floor":13.0,"key":"REST"},{"data":"sneckomod:Nope","floor":18.0,"key":"SMITH"}],"circlet_count":0,"master_deck":["sneckomod:Strike","sneckomod:Strike","sneckomod:Strike","sneckomod:Defend","sneckomod:Defend","sneckomod:Defend","sneckomod:TailWhip","sneckomod:SnekBite","sneckomod:Unknown+1","sneckomod:Unknown","sneckomod:Unknown0Cost","sneckomod:QuickBite","sneckomod:Nope+1","sneckomod:SnakeSap+1","sneckomod:UnknownClassBLACKBEARD_BLACK","sneckomod:UnknownClassCONSTRUCTMOD","sneckomod:Nope","sneckomod:UnknownClassHIEROPHANT_GOLD_COLOR+1","sneckomod:UnknownClassBLUE","sneckomod:UnknownClassBLADEMASTER_GRAY","sneckomod:DiceCrush","sneckomod:UnlimitedRolls+1","sneckomod:Unknown0Cost","sneckomod:Mudshield","sneckomod:UnknownUncommonPower","sneckomod:UnknownCommonSkill","sneckomod:UnknownVulnerable+1","sneckomod:ImprovisedGuard+1"],"relics":["sneckomod:SneckoSoul","Mercury Hourglass","Orichalcum","Odd Mushroom","Vajra","downfall:HeartBlessingGreen","Philosopher\u0027s Stone","theSenshi:FeatherClipsRelic","theSenshi:SailorFukuRelic","White Beast Statue"],"acts_visited":["Exordium","TheCity"],"potions_floor_usage":[19,21,26,26],"damage_taken":[{"damage":5.0,"enemies":"Jaw Worm","floor":2.0,"turns":5.0},{"damage":0.0,"enemies":"2 Louse","floor":3.0,"turns":2.0},{"damage":33.0,"enemies":"Small Slimes","floor":4.0,"turns":4.0},{"damage":17.0,"enemies":"Exordium Wildlife","floor":5.0,"turns":4.0},{"damage":35.0,"enemies":"3 Sentries","floor":8.0,"turns":7.0},{"damage":4.0,"enemies":"The Mushroom Lair","floor":9.0,"turns":4.0},{"damage":7.0,"enemies":"Lagavulin","floor":10.0,"turns":7.0},{"damage":0.0,"enemies":"3 Louse","floor":11.0,"turns":2.0},{"damage":4.0,"enemies":"Blue Slaver","floor":12.0,"turns":3.0},{"damage":0.0,"enemies":"Large Slime","floor":14.0,"turns":5.0},{"damage":6.0,"enemies":"Blue Slaver","floor":15.0,"turns":3.0},{"damage":59.0,"enemies":"downfall:Defect","floor":16.0,"turns":7.0},{"damage":48,"enemies":"3 Byrds","floor":19,"turns":5},{"damage":3,"enemies":"downfall:FleeingMerchant","floor":21,"turns":4},{"damage":25,"enemies":"Chosen","floor":22,"turns":5},{"damage":24,"enemies":"downfall:LadyInBlue","floor":25,"turns":8},{"damage":107,"enemies":"Gremlin Leader","floor":26,"turns":8}],"seed_played":"4169974110256545886","potions_obtained":[{"floor":3.0,"key":"sneckomod:DiceRollPotion"},{"floor":5.0,"key":"SteroidPotion"},{"floor":11.0,"key":"hexamod:EctoCoolerPotion"},{"floor":22,"key":"FairyPotion"},{"floor":23,"key":"PowerPotion"},{"floor":23,"key":"EntropicBrew"},{"floor":25,"key":"FairyPotion"}],"is_trial":false,"path_per_floor":["R","M","M","M","M","R","T","E","?","E","M","M","R","M","M","B",null,"R","M","?","$","M","?","T","?","E"],"character_chosen":"THE_SNECKO","items_purchased":["theSenshi:FeatherClipsRelic","sneckomod:UnknownUncommonPower","sneckomod:UnknownCommonSkill"],"campfire_rested":1,"item_purchase_floors":[21,21,21],"current_hp_per_floor":[99,95,95,98,81,81,81,47,44,37,43,40,71,72,66,7,105,105,58,50,49,31,31,31,13,0,0],"gold":184,"neow_bonus":"TEN_PERCENT_HP_BONUS","is_daily":false,"chose_seed":false,"campfire_upgraded":3,"win_rate":0.0,"timestamp":1609835971,"path_taken":["R","M","M","M","M","R","T","E","?","E","M","M","R","M","M","BOSS","R","M","?","$","M","?","T","?","E"],"items_purchased_type":["Relic","Card","Card"],"build_version":"2020-12-22","purchased_purges":0,"victory":false,"max_hp_per_floor":[99,100,100,100,100,100,100,101,102,102,103,104,104,105,105,105,105,105,106,106,108,109,109,109,109,109,109],"relic_stats":{"counters":[17,83],"Orichalcum":[78],"obtain_stats":[{"Vajra":10,"downfall:HeartBlessingGreen":13,"Philosopher\u0027s Stone":17,"theSenshi:FeatherClipsRelic":21,"construct:LongRangeLance":10,"Orichalcum":8,"Odd Mushroom":9,"theSenshi:SailorFukuRelic":24,"sneckomod:SneckoSoul":0,"White Beast Statue":25,"Mercury Hourglass":7},{"Vajra":7,"downfall:HeartBlessingGreen":9,"Philosopher\u0027s Stone":12,"theSenshi:FeatherClipsRelic":14,"construct:LongRangeLance":7,"Orichalcum":5,"Odd Mushroom":6,"theSenshi:SailorFukuRelic":15,"sneckomod:SneckoSoul":0,"White Beast Statue":16,"Mercury Hourglass":4},{"Vajra":33,"downfall:HeartBlessingGreen":38,"Philosopher\u0027s Stone":53,"theSenshi:FeatherClipsRelic":62,"construct:LongRangeLance":33,"Orichalcum":22,"Odd Mushroom":26,"theSenshi:SailorFukuRelic":67,"sneckomod:SneckoSoul":0,"White Beast Statue":75,"Mercury Hourglass":15}],"Mercury Hourglass":[257]},"card_choices":[{"not_picked":["sneckomod:UnknownVulnerable","sneckomod:UnknownClassRUNESMITH_BEIGE"],"picked":"sneckomod:Unknown0Cost","floor":2.0},{"not_picked":["sneckomod:MasterEye","sneckomod:UnknownClassAPPLEJACK_COLOR"],"picked":"sneckomod:QuickBite","floor":3.0},{"not_picked":["sneckomod:SoulRoll","sneckomod:UnknownClassRED"],"picked":"sneckomod:Nope","floor":4.0},{"not_picked":["sneckomod:UnknownClassDEFAULT_GRAY_COLOR","sneckomod:UnknownCommonAttack"],"picked":"sneckomod:SnakeSap","floor":5.0},{"not_picked":["sneckomod:DiceCrush","sneckomod:RainOfDice"],"picked":"sneckomod:UnknownClassBLACKBEARD_BLACK","floor":8.0},{"not_picked":["sneckomod:UnknownCommonAttack","sneckomod:SoulRoll"],"picked":"sneckomod:UnknownClassCONSTRUCTMOD","floor":9.0},{"not_picked":["sneckomod:DiceBoulder","sneckomod:Unknown1Cost"],"picked":"sneckomod:Nope","floor":10.0},{"not_picked":["sneckomod:QuickMove","sneckomod:UnknownCommonSkill"],"picked":"sneckomod:UnknownClassHIEROPHANT_GOLD_COLOR","floor":11.0},{"not_picked":["sneckomod:Mudshield","sneckomod:RainOfDice"],"picked":"sneckomod:UnknownClassBLUE","floor":12.0},{"not_picked":["sneckomod:ImprovisedGuard","sneckomod:Nope"],"picked":"sneckomod:UnknownClassBLADEMASTER_GRAY","floor":14.0},{"not_picked":["sneckomod:UnknownCommonAttack","sneckomod:UnknownClassTHE_CURSED_PURPLE"],"picked":"sneckomod:DiceCrush","floor":15.0},{"not_picked":["sneckomod:Restock","sneckomod:SerpentMind"],"picked":"sneckomod:UnlimitedRolls","floor":16.0},{"not_picked":["sneckomod:SlitherStrike","sneckomod:UnknownClassRUNESMITH_BEIGE"],"picked":"sneckomod:Unknown0Cost","floor":19},{"not_picked":["sneckomod:UnknownCommonSkill","sneckomod:IronFang"],"picked":"sneckomod:Mudshield","floor":21},{"not_picked":["sneckomod:UnknownStrike","sneckomod:DiceCrush"],"picked":"sneckomod:UnknownVulnerable+1","floor":22},{"not_picked":["sneckomod:RainOfDice","sneckomod:UnknownCommonAttack"],"picked":"sneckomod:ImprovisedGuard+1","floor":25}],"player_experience":611146,"relics_obtained":[{"floor":7.0,"key":"Mercury Hourglass"},{"floor":8.0,"key":"Orichalcum"},{"floor":9.0,"key":"Odd Mushroom"},{"floor":10.0,"key":"Vajra"},{"floor":24,"key":"theSenshi:SailorFukuRelic"},{"floor":25,"key":"White Beast Statue"}],"event_choices":[{"damage_healed":0.0,"max_hp_gain":0.0,"max_hp_loss":0.0,"gold_gain":0.0,"event_name":"Mushrooms","player_choice":"Fought Mushrooms","floor":9.0,"gold_loss":0.0,"damage_taken":0.0},{"damage_healed":0,"gold_gain":0,"player_choice":"Got Potions","damage_taken":0,"max_hp_gain":0,"max_hp_loss":0,"event_name":"Lab","floor":23,"gold_loss":0}],"is_beta":false,"boss_relics":[{"not_picked":["Runesmith:UraniumAnvil","Pandora\u0027s Box"],"picked":"Philosopher\u0027s Stone"}],"items_purged_floors":[],"is_endless":false,"potions_floor_spawned":[3,5,11,12,14,15,22],"killed_by":"Gremlin Leader","ascension_level":0}}