{"host":"6pgtslebjnyv5xmi","time":1609860440,"event":{"mods":["AchievementEnabler","BaseMod","Colored Map","Minty Spire (QoL Compilation)","Rare Cards Sparkle","StSLib","SuperFastMode","Td1madao Mod","everything is the same but u backflip on backflip"],"gold_per_floor":[117,117,80,97,114,145,145,171,171,121,121,121,121,134,134,213,213,225,4,4,15,25,25,25,69,95,95,95,95,204,53,53,136,136,153,153,201,48,77,77,77,108,133,145,157,169,16,56,56,56],"floor_reached":51,"playtime":2089,"items_purged":["Strike_R"],"score":1395,"play_id":"f1cd8591-3182-46b1-8ced-c674f9fb5729","local_time":"20210106002720","is_ascension_mode":true,"campfire_choices":[{"data":"Sword Boomerang","floor":7.0,"key":"SMITH"},{"floor":13.0,"key":"REST"},{"data":"Flex","floor":15.0,"key":"SMITH"},{"data":"Sword Boomerang","floor":23.0,"key":"SMITH"},{"data":"Inflame","floor":29.0,"key":"SMITH"},{"data":"Pummel","floor":32.0,"key":"SMITH"},{"floor":40,"key":"REST"},{"data":"Offering","floor":46,"key":"SMITH"},{"data":"Corruption","floor":49,"key":"SMITH"}],"circlet_count":0,"master_deck":["AscendersBane","Defend_R","Defend_R","Defend_R","Defend_R","Bash","Sword Boomerang+1","Spot Weakness+1","Disarm+1","Sword Boomerang+1","Dark Shackles","Flex+1","Offering+1","CurseOfTheBell","Inflame+1","Pummel+1","Offering","Seeing Red+1","Exhume","Corruption+1"],"relics":["Burning Blood","NeowsBlessing","War Paint","Matryoshka","Pen Nib","Happy Flower","Ice Cream","Calling Bell","CeramicFish","White Beast Statue","Ginger","HandDrill","Orichalcum","Boot","Ancient Tea Set","Incense Burner","Singing Bowl","Red Skull","Empty Cage","Dead Branch","Regal Pillow","Bronze Scales","MawBank","CaptainsWheel"],"acts_visited":["Exordium","TheCity","TheBeyond"],"potions_floor_usage":[33,35,37,42,42,48,50,50],"damage_taken":[{"damage":0.0,"enemies":"2 Louse","floor":1.0,"turns":1.0},{"damage":0.0,"enemies":"Cultist","floor":4.0,"turns":1.0},{"damage":0.0,"enemies":"Jaw Worm","floor":5.0,"turns":1.0},{"damage":44.0,"enemies":"Lagavulin","floor":6.0,"turns":7.0},{"damage":32.0,"enemies":"Gremlin Nob","floor":8.0,"turns":4.0},{"damage":6.0,"enemies":"3 Louse","floor":14.0,"turns":2.0},{"damage":22.0,"enemies":"Hexaghost","floor":16.0,"turns":8.0},{"damage":0.0,"enemies":"Shell Parasite","floor":18.0,"turns":2.0},{"damage":5.0,"enemies":"Chosen","floor":21.0,"turns":5.0},{"damage":13.0,"enemies":"Centurion and Healer","floor":22.0,"turns":5.0},{"damage":0.0,"enemies":"Snecko","floor":24.0,"turns":1.0},{"damage":6.0,"enemies":"Gremlin Leader","floor":25.0,"turns":3.0},{"damage":16.0,"enemies":"Colosseum Slavers","floor":30.0,"turns":3.0},{"damage":22.0,"enemies":"Colosseum Nobs","floor":30.0,"turns":3.0},{"damage":41,"enemies":"Champ","floor":33,"turns":5},{"damage":39,"enemies":"3 Shapes","floor":35,"turns":3},{"damage":7,"enemies":"2 Orb Walkers","floor":37,"turns":2},{"damage":6,"enemies":"3 Darklings","floor":39,"turns":3},{"damage":18,"enemies":"Reptomancer","floor":42,"turns":7},{"damage":6,"enemies":"Nemesis","floor":48,"turns":1},{"damage":3,"enemies":"Time Eater","floor":50,"turns":3}],"seed_played":"-8958389489589149294","potions_obtained":[{"floor":1.0,"key":"AttackPotion"},{"floor":4.0,"key":"SpeedPotion"},{"floor":6.0,"key":"SpeedPotion"},{"floor":16.0,"key":"ColorlessPotion"},{"floor":18.0,"key":"ColorlessPotion"},{"floor":20.0,"key":"SteroidPotion"},{"floor":20.0,"key":"LiquidMemories"},{"floor":21.0,"key":"AttackPotion"},{"floor":22.0,"key":"SmokeBomb"},{"floor":25.0,"key":"EntropicBrew"},{"floor":30.0,"key":"Ancient Potion"},{"floor":33,"key":"PowerPotion"},{"floor":35,"key":"LiquidMemories"},{"floor":37,"key":"SpeedPotion"},{"floor":39,"key":"PowerPotion"},{"floor":42,"key":"Weak Potion"},{"floor":48,"key":"Weak Potion"}],"is_trial":false,"path_per_floor":["M","?","$","M","M","E","R","E","T","?","?","?","R","M","R","B",null,"M","$","?","M","M","R","M","E","T","?","$","R","?","$","R","B",null,"M","?","?","$","M","R","$","E","T","?","$","R","$","E","R","B",null],"character_chosen":"IRONCLAD","items_purchased":["Spot Weakness","HandDrill","Red Skull","Regal Pillow","Exhume","CultistPotion"],"campfire_rested":2,"item_purchase_floors":[3,19,31,38,47,47],"current_hp_per_floor":[78,78,78,80,80,42,42,16,16,16,16,16,40,40,40,24,66,72,72,72,73,66,66,72,72,72,72,72,72,46,46,46,11,63,32,32,33,33,33,73,73,63,63,63,63,63,63,63,63,66],"gold":56,"neow_bonus":"THREE_ENEMY_KILL","is_daily":false,"chose_seed":false,"campfire_upgraded":7,"win_rate":0.0,"timestamp":1609860440,"path_taken":["M","?","$","M","?","E","R","E","T","?","?","?","R","?","R","BOSS","M","$","?","?","M","R","M","E","T","?","?","R","?","$","R","BOSS","M","?","?","?","M","R","?","E","T","?","?","R","$","E","R","BOSS"],"items_purchased_type":["Card","Relic","Relic","Relic","Card","Potion"],"build_version":"2020-12-22","purchased_purges":1,"victory":true,"max_hp_per_floor":[80,80,80,80,80,80,80,80,80,80,80,80,80,80,80,80,80,80,80,80,80,80,80,80,80,80,80,80,80,80,80,80,80,80,82,82,84,84,84,84,84,86,86,82,82,82,82,82,82,82],"card_choices":[{"not_picked":["Hemokinesis","Anger"],"picked":"Sword Boomerang","floor":1.0},{"not_picked":["Thunderclap","Dark Embrace","Blood for Blood"],"picked":"SKIP","floor":4.0},{"not_picked":["Perfected Strike","Cleave"],"picked":"Disarm","floor":5.0},{"not_picked":["Iron Wave","Shrug It Off"],"picked":"Sword Boomerang","floor":6.0},{"not_picked":["Immolate","Evolve","Warcry"],"picked":"SKIP","floor":8.0},{"not_picked":["Havoc","Armaments"],"picked":"Flex","floor":14.0},{"not_picked":["Feed","Fiend Fire"],"picked":"Offering","floor":16.0},{"not_picked":["Anger","Perfected Strike","Combust"],"picked":"SKIP","floor":18.0},{"not_picked":["Flex","Shrug It Off","Sentinel"],"picked":"SKIP","floor":21.0},{"not_picked":["Blood for Blood","Headbutt","Dark Embrace"],"picked":"SKIP","floor":22.0},{"not_picked":["Clash","Second Wind"],"picked":"Inflame","floor":25.0},{"not_picked":["Searing Blow","Dual Wield"],"picked":"Pummel","floor":30.0},{"not_picked":["Juggernaut","Corruption"],"picked":"Offering","floor":33},{"not_picked":["Intimidate","Searing Blow","Clash"],"picked":"Singing Bowl","floor":35},{"not_picked":["Perfected Strike","Anger+1","Pommel Strike+1"],"picked":"Singing Bowl","floor":37},{"not_picked":["Warcry+1","Cleave"],"picked":"Seeing Red+1","floor":39},{"not_picked":["Warcry","Immolate","Burning Pact"],"picked":"Singing Bowl","floor":42},{"not_picked":["Headbutt","Body Slam"],"picked":"Corruption","floor":48}],"player_experience":734422,"relics_obtained":[{"floor":6.0,"key":"War Paint"},{"floor":8.0,"key":"Matryoshka"},{"floor":9.0,"key":"Pen Nib"},{"floor":9.0,"key":"Happy Flower"},{"floor":17.0,"key":"CeramicFish"},{"floor":17.0,"key":"White Beast Statue"},{"floor":17.0,"key":"Ginger"},{"floor":25.0,"key":"Orichalcum"},{"floor":26.0,"key":"Boot"},{"floor":26.0,"key":"Ancient Tea Set"},{"floor":30.0,"key":"Incense Burner"},{"floor":30.0,"key":"Singing Bowl"},{"floor":37,"key":"Dead Branch"},{"floor":42,"key":"Bronze Scales"},{"floor":43,"key":"MawBank"},{"floor":48,"key":"CaptainsWheel"}],"event_choices":[{"damage_healed":0.0,"max_hp_gain":0.0,"max_hp_loss":0.0,"gold_gain":0.0,"event_name":"The Woman in Blue","player_choice":"Bought 0 Potions","floor":2.0,"gold_loss":0.0,"damage_taken":0.0},{"cards_removed":["Strike_R"],"damage_healed":0.0,"max_hp_gain":0.0,"max_hp_loss":0.0,"gold_gain":0.0,"event_name":"The Cleric","player_choice":"Card Removal","floor":10.0,"gold_loss":50.0,"damage_taken":0.0},{"damage_healed":0.0,"max_hp_gain":0.0,"max_hp_loss":0.0,"gold_gain":0.0,"event_name":"Dead Adventurer","player_choice":"Searched \u00271\u0027 times","floor":11.0,"gold_loss":0.0,"damage_taken":0.0,"relics_obtained":["Ice Cream"]},{"damage_healed":0.0,"max_hp_gain":0.0,"max_hp_loss":0.0,"gold_gain":0.0,"event_name":"Match and Keep!","player_choice":"1 cards matched","floor":12.0,"gold_loss":0.0,"damage_taken":0.0,"cards_obtained":["Dark Shackles"]},{"damage_healed":0.0,"max_hp_gain":0.0,"max_hp_loss":0.0,"gold_gain":0.0,"event_name":"Lab","player_choice":"Got Potions","floor":20.0,"gold_loss":0.0,"damage_taken":0.0},{"cards_removed":["Strike_R"],"damage_healed":0.0,"max_hp_gain":0.0,"max_hp_loss":0.0,"gold_gain":0.0,"event_name":"Back to Basics","player_choice":"Elegance","floor":27.0,"gold_loss":0.0,"damage_taken":0.0},{"damage_healed":0.0,"max_hp_gain":0.0,"max_hp_loss":0.0,"gold_gain":0.0,"event_name":"Colosseum","player_choice":"Fight","floor":30.0,"gold_loss":0.0,"damage_taken":0.0},{"damage_healed":0.0,"max_hp_gain":0.0,"max_hp_loss":0.0,"gold_gain":0.0,"event_name":"Colosseum","player_choice":"Fought Nobs","floor":30.0,"gold_loss":0.0,"damage_taken":0.0},{"damage_healed":0,"gold_gain":0,"player_choice":"Ignored","damage_taken":0,"max_hp_gain":0,"max_hp_loss":0,"event_name":"Tomb of Lord Red Mask","floor":36,"gold_loss":0},{"damage_healed":0,"gold_gain":0,"player_choice":"Fight","damage_taken":0,"max_hp_gain":0,"max_hp_loss":0,"event_name":"Mysterious Sphere","floor":37,"gold_loss":0},{"damage_healed":0,"gold_gain":0,"player_choice":"Max HP","damage_taken":0,"max_hp_gain":0,"max_hp_loss":4,"event_name":"Winding Halls","floor":44,"gold_loss":0}],"is_beta":false,"boss_relics":[{"not_picked":["Cursed Key","Runic Pyramid"],"picked":"Calling Bell"},{"not_picked":["Runic Dome","Runic Cube"],"picked":"Empty Cage"}],"items_purged_floors":[19],"is_endless":false,"potions_floor_spawned":[1,4,6,16,18,21,22,24,25,30,30,33,35,37,39,42,48],"ascension_level":13}}