{"host":"r6wilvrr1tovskr2","time":1609823680,"event":{"mods":["2.2 Compatiblity","AchievementEnabler","Aspiration","BaseMod","Bestiary","Better Altar","Better Match","Better Note","Better Sensory Stone","Better Skull","Better Third Choice","Colored Powertips","Conspire","Curses Come First","Energized Spire","GifTheSpireLib","Halation","Highlight Path","Hubris","Infinite Spire","Marked Mod","Minty Spire (QoL Compilation)","Quick Restart","Replay The Spire","Shop Mod","Spicy Shops","Spikes Relics","StSLib","Stuff the Spire","The Blue Laboratory","vexMod"],"gold_per_floor":[114,124,124,124,139,139,169,41,67,80,80,3,3,22,22,118,118,134,167,167,184,199,199,199,199],"floor_reached":24,"playtime":1762,"items_purged":["Regret"],"score":414,"play_id":"bf31cfc0-a059-44f7-8b08-38cfacdb5c83","local_time":"20210104231440","is_ascension_mode":true,"campfire_choices":[{"floor":6,"key":"RECALL"},{"floor":11,"key":"REST"},{"floor":15,"key":"REST"},{"floor":23,"key":"REST"}],"circlet_count":0,"master_deck":["Strike_G+1","Defend_G+1","Defend_G+1","Defend_G+1","Defend_G+1","Defend_G+1","Survivor","Neutralize","Finisher","Underhanded Strike","Dagger Spray","Infinite Blades+1","StuffTheSpire:FinalStruggle+1","hubris:SlightOfHand+1"],"relics":["Ring of the Snake","halation:PinkSoulGem","StuffTheSpire:RedRose","StuffTheSpire:GrapeVine","aspiration:Lifesprig","conspire:GlowingRock","Astrolabe","Red Mask"],"acts_visited":["Exordium","TheCity"],"potions_floor_usage":[16,22,24,24],"damage_taken":[{"damage":0,"enemies":"Small Slimes","floor":1,"turns":4},{"damage":1,"enemies":"Cultist","floor":2,"turns":4},{"damage":8,"enemies":"conspire:RoseBush","floor":5,"turns":6},{"damage":23,"enemies":"Replay:BlueRogue","floor":7,"turns":11},{"damage":7,"enemies":"Blue Slaver","floor":10,"turns":4},{"damage":18,"enemies":"Large Slime","floor":14,"turns":7},{"damage":19,"enemies":"Fading Forest","floor":16,"turns":11},{"damage":8,"enemies":"2 Thieves","floor":18,"turns":4},{"damage":39,"enemies":"Masked Bandits","floor":19,"turns":3},{"damage":20,"enemies":"conspire:FuzzyDice","floor":21,"turns":10},{"damage":16,"enemies":"3 Cultists","floor":22,"turns":3},{"damage":62,"enemies":"Nightmare","floor":24,"turns":8}],"seed_played":"1088318634746949740","potions_obtained":[{"floor":1,"key":"Elixir"},{"floor":7,"key":"Block Potion"},{"floor":10,"key":"Dexterity Potion"},{"floor":18,"key":"Block Potion"},{"floor":22,"key":"SneckoOil"}],"is_trial":false,"path_per_floor":["M","M","?","?","M","R","E","$","T","M","R","$","?","M","R","B",null,"M","?","?","M","M","R","NM"],"character_chosen":"THE_SILENT","items_purchased":["Dagger Spray","aspiration:Lifesprig"],"campfire_rested":3,"item_purchase_floors":[8,12],"current_hp_per_floor":[63,62,62,62,54,54,31,31,31,24,45,45,45,27,48,29,60,52,25,25,25,25,46,0,0],"gold":199,"neow_bonus":"REMOVE_CARD","is_daily":false,"chose_seed":false,"campfire_upgraded":0,"win_rate":0.0,"timestamp":1609823680,"path_taken":["M","M","?","?","M","R","E","$","T","M","R","$","?","M","R","BOSS","M","?","?","M","M","R","NM"],"items_purchased_type":["Card","Relic"],"build_version":"2020-12-22","purchased_purges":1,"victory":false,"max_hp_per_floor":[70,70,70,70,70,70,70,70,70,70,70,70,70,70,70,70,70,70,70,70,70,70,70,70,70],"card_choices":[{"not_picked":["Poisoned Stab","StuffTheSpire:Python"],"picked":"Riddle With Holes","floor":1},{"not_picked":["Flying Knee","hubris:SlightOfHand"],"picked":"Finisher","floor":2},{"not_picked":["hubris:SlightOfHand","Sucker Punch"],"picked":"Underhanded Strike","floor":5},{"not_picked":["Blade Dance","Replay:Poison Smokescreen","hubris:Sniper"],"picked":"SKIP","floor":7},{"not_picked":["Terror","StuffTheSpire:ClusterCrunch","Dodge and Roll"],"picked":"SKIP","floor":10},{"not_picked":["Prepared","Expertise","StuffTheSpire:Incantation"],"picked":"SKIP","floor":14},{"not_picked":["Hidden Blade+1","Finisher","Acrobatics+1"],"picked":"SKIP","floor":18},{"not_picked":["Deadly Poison+1","StuffTheSpire:Fury","Cloak And Dagger"],"picked":"SKIP","floor":21},{"not_picked":["Dodge and Roll+1","Flying Knee","Glass Knife"],"picked":"SKIP","floor":22}],"player_experience":1180518,"relics_obtained":[{"floor":7,"key":"StuffTheSpire:GrapeVine"},{"floor":19,"key":"Red Mask"}],"event_choices":[{"cards_removed":["Riddle With Holes"],"damage_healed":0,"gold_gain":0,"player_choice":"Gave Card","damage_taken":0,"relics_obtained":["conspire:GlowingRock"],"max_hp_gain":0,"max_hp_loss":0,"event_name":"WeMeetAgain","floor":13,"gold_loss":0},{"damage_healed":0,"gold_gain":0,"player_choice":"Fought Bandits","damage_taken":0,"max_hp_gain":0,"max_hp_loss":0,"event_name":"Masked Bandits","floor":19,"gold_loss":0},{"damage_healed":0,"gold_gain":0,"player_choice":"Simplicity","damage_taken":0,"max_hp_gain":0,"max_hp_loss":6,"event_name":"betterThird:BetterWriting","floor":20,"gold_loss":0}],"is_beta":false,"boss_relics":[{"not_picked":["Runic Dome","Honey Jar"],"picked":"Astrolabe"}],"items_purged_floors":[8],"is_endless":false,"potions_floor_spawned":[1,7,10,18,22],"killed_by":"Nightmare","ascension_level":8}}