{"host":"raaimkojny05jekw","time":1609840777,"event":{"mods":["AchievementEnabler","BaseMod","Colored Map","Colored Powertips","DeckTracker","Minty Spire (QoL Compilation)","Quick Restart","Rare Cards Sparkle","everything is the same but u backflip on backflip"],"gold_per_floor":[110,110,126,143,154,154,174,174,223,223,223],"floor_reached":10,"playtime":324,"items_purged":[],"score":120,"play_id":"e671fe9c-3957-4515-b9d4-df0c90831de8","local_time":"20210105185937","is_ascension_mode":true,"campfire_choices":[{"data":"Neutralize","floor":6,"key":"SMITH"},{"data":"Choke","floor":8,"key":"SMITH"}],"circlet_count":0,"master_deck":["AscendersBane","Strike_G","Strike_G","Strike_G","Strike_G","Strike_G","Defend_G","Defend_G","Defend_G","Defend_G","Defend_G","Survivor","Neutralize+1","Dodge and Roll","Predator","Choke+1","Flying Knee","Reflex"],"relics":["Ring of the Snake","Oddly Smooth Stone","Lantern"],"acts_visited":["Exordium"],"potions_floor_usage":[10],"damage_taken":[{"damage":0,"enemies":"Small Slimes","floor":1,"turns":3},{"damage":14,"enemies":"Jaw Worm","floor":3,"turns":5},{"damage":0,"enemies":"2 Louse","floor":4,"turns":2},{"damage":20,"enemies":"Large Slime","floor":5,"turns":7},{"damage":2,"enemies":"Red Slaver","floor":7,"turns":5},{"damage":31,"enemies":"3 Sentries","floor":10,"turns":8}],"seed_played":"2977178528144740698","potions_obtained":[{"floor":1,"key":"Weak Potion"},{"floor":4,"key":"BlessingOfTheForge"}],"is_trial":false,"path_per_floor":["M","?","M","M","M","R","M","R","T","E"],"character_chosen":"THE_SILENT","items_purchased":[],"campfire_rested":0,"item_purchase_floors":[],"current_hp_per_floor":[59,59,45,45,25,25,23,23,23,0,0],"gold":223,"neow_bonus":"RANDOM_COMMON_RELIC","is_daily":false,"chose_seed":false,"campfire_upgraded":2,"win_rate":0.0,"timestamp":1609840777,"path_taken":["M","?","M","M","M","R","M","R","T","E"],"items_purchased_type":[],"build_version":"2020-12-22","purchased_purges":0,"victory":false,"max_hp_per_floor":[66,66,66,66,66,66,66,66,66,66,66],"card_choices":[{"not_picked":["Caltrops","Bane"],"picked":"Dodge and Roll","floor":1},{"not_picked":["Acrobatics","Dagger Throw"],"picked":"Predator","floor":3},{"not_picked":["Underhanded Strike","Slice"],"picked":"Choke","floor":4},{"not_picked":["Night Terror","Masterful Stab"],"picked":"Flying Knee","floor":5},{"not_picked":["PiercingWail","Acrobatics"],"picked":"Reflex","floor":7}],"player_experience":713900,"relics_obtained":[{"floor":9,"key":"Lantern"}],"event_choices":[{"damage_healed":0,"gold_gain":0,"player_choice":"Ignored","damage_taken":0,"max_hp_gain":0,"max_hp_loss":0,"event_name":"Liars Game","floor":2,"gold_loss":0}],"is_beta":false,"boss_relics":[],"items_purged_floors":[],"is_endless":false,"potions_floor_spawned":[1,4],"killed_by":"3 Sentries","ascension_level":20}}