{"host":"gzsdmyo07u314vug","time":1609874136,"event":{"mods":["2.2 Compatiblity","BaseMod","Downfall","GifTheSpireLib","Minty Spire (QoL Compilation)","Quick Restart","Rare Cards Sparkle","Relic Stats","Replay The Spire","Shop Mod","StSLib","The Bug Knight","The Construct","The Elementalist","The IronCluck","The Servant 0.9.4","Unceasing Turn Reminder","everything is the same but u backflip on backflip","slay the spire mod where everything is the same but ironclad has a cowboy hat","vexMod"],"gold_per_floor":[11,27,47,59,59,59,73,73,97,77,94,94,105,133,133,205,205,221,221,232,232,232],"floor_reached":21,"playtime":955,"items_purged":[],"score":346,"play_id":"dd59023d-53bb-4fb1-b895-85906e4432b6","local_time":"20210105161536","is_ascension_mode":true,"campfire_choices":[{"data":"Dagger Spray","floor":6,"key":"SMITH"},{"data":"Neutralize","floor":8,"key":"SMITH"},{"data":"All Out Attack","floor":12,"key":"SMITH"},{"data":"Infinite Blades","floor":15,"key":"SMITH"}],"circlet_count":0,"master_deck":["AscendersBane","Strike_G","Strike_G","Strike_G","Strike_G","Defend_G","Defend_G","Defend_G","Defend_G","Survivor","Neutralize+1","Dagger Spray+1","Deflect","Infinite Blades+1","All Out Attack+1","Poison Darts","Pain","Leg Sweep"],"relics":["Ring of the Snake","Dream Catcher","Odd Mushroom","Runic Dome","WarpedTongs"],"acts_visited":["Exordium","TheCity"],"potions_floor_usage":[11,14,16,21],"damage_taken":[{"damage":1,"enemies":"Jaw Worm","floor":1,"turns":4},{"damage":1,"enemies":"Cultist","floor":2,"turns":5},{"damage":6,"enemies":"Small Slimes","floor":3,"turns":4},{"damage":2,"enemies":"Blue Slaver","floor":4,"turns":5},{"damage":0,"enemies":"Lots of Slimes","floor":7,"turns":1},{"damage":7,"enemies":"Exordium Thugs","floor":11,"turns":4},{"damage":0,"enemies":"Looter","floor":13,"turns":3},{"damage":0,"enemies":"The Mushroom Lair","floor":14,"turns":2},{"damage":22,"enemies":"Slime Boss","floor":16,"turns":7},{"damage":29,"enemies":"2 Thieves","floor":18,"turns":4},{"damage":17,"enemies":"3 Byrds","floor":20,"turns":5},{"damage":11,"enemies":"Shelled Parasite and Fungi","floor":21,"turns":1}],"seed_played":"7991675310209429626","potions_obtained":[{"floor":4,"key":"Fire Potion"},{"floor":10,"key":"CultistPotion"},{"floor":13,"key":"Swift Potion"},{"floor":14,"key":"Milkshake"},{"floor":20,"key":"ColorlessPotion"}],"is_trial":false,"path_per_floor":["M","M","M","M","$","R","M","R","T","?","M","R","M","?","R","B",null,"M","?","M","M"],"character_chosen":"THE_SILENT","items_purchased":[],"campfire_rested":0,"item_purchase_floors":[],"current_hp_per_floor":[58,57,51,49,49,49,49,49,49,49,42,42,42,42,42,20,55,26,26,9,0,0],"gold":232,"neow_bonus":"REMOVE_TWO","is_daily":false,"chose_seed":false,"campfire_upgraded":4,"win_rate":0.0,"timestamp":1609874136,"path_taken":["M","M","M","M","$","R","M","R","T","?","?","R","M","?","R","BOSS","M","?","M","?"],"items_purchased_type":[],"build_version":"2020-12-22","purchased_purges":0,"victory":false,"max_hp_per_floor":[66,66,66,66,66,66,66,66,66,66,66,66,66,66,66,66,66,66,66,66,66,66],"relic_stats":{"Dream Catcher":0,"counters":[12,45],"obtain_stats":[{"Runic Dome":17,"Dream Catcher":9,"Odd Mushroom":14,"Ring of the Snake":0,"WarpedTongs":19},{"Runic Dome":9,"Dream Catcher":5,"Odd Mushroom":8,"Ring of the Snake":0,"WarpedTongs":10},{"Runic Dome":35,"Dream Catcher":19,"Odd Mushroom":28,"Ring of the Snake":0,"WarpedTongs":39}],"Ring of the Snake":[24],"WarpedTongs":[6]},"card_choices":[{"not_picked":["Blade Dance","PiercingWail"],"picked":"Dagger Spray","floor":1},{"not_picked":["Fluid Movement","Dodge and Roll"],"picked":"Deflect","floor":2},{"not_picked":["Quick Slash","Dagger Throw"],"picked":"Infinite Blades","floor":3},{"not_picked":["PiercingWail","Quick Slash"],"picked":"All Out Attack","floor":4},{"not_picked":["Deadly Poison","Dodge and Roll","Poisoned Stab"],"picked":"SKIP","floor":7},{"not_picked":["Endless Agony","Heel Hook","PiercingWail"],"picked":"SKIP","floor":11},{"not_picked":["Deflect","Slice","Eviscerate"],"picked":"SKIP","floor":13},{"not_picked":["Unload","Phantasmal Killer"],"picked":"Poison Darts","floor":16},{"not_picked":["PiercingWail","ReplayTheSpireMod:Scrap Shanks","Outmaneuver"],"picked":"SKIP","floor":18},{"not_picked":["Tactician","Outmaneuver"],"picked":"Leg Sweep","floor":20}],"player_experience":655762,"relics_obtained":[{"floor":9,"key":"Dream Catcher"},{"floor":14,"key":"Odd Mushroom"}],"event_choices":[{"damage_healed":0,"gold_gain":0,"player_choice":"Bought 1 Potion","damage_taken":0,"max_hp_gain":0,"max_hp_loss":0,"event_name":"The Woman in Blue","floor":10,"gold_loss":0},{"damage_healed":0,"gold_gain":0,"player_choice":"Fought Mushrooms","damage_taken":0,"max_hp_gain":0,"max_hp_loss":0,"event_name":"Mushrooms","floor":14,"gold_loss":0},{"damage_healed":0,"gold_gain":0,"player_choice":"Rummage","damage_taken":0,"relics_obtained":["WarpedTongs"],"max_hp_gain":0,"max_hp_loss":0,"event_name":"Accursed Blacksmith","floor":19,"gold_loss":0,"cards_obtained":["Pain"]}],"is_beta":false,"boss_relics":[{"not_picked":["vexMod:MegatonBomb","Calling Bell"],"picked":"Runic Dome"}],"items_purged_floors":[],"is_endless":false,"potions_floor_spawned":[4,13,14,20],"killed_by":"Shelled Parasite and Fungi","ascension_level":20}}