{"host":"uceopoba4zvqsgiy","time":1609830843,"event":{"mods":["Act Like it!","BaseMod","Better Skull","Better Third Choice","Elementarium","Evolution","GifTheSpireLib","Hermit","Humility","Infinite Spire","Jorbs\u0027s Wanderer Trilogy","Marked Mod","Minty Spire (QoL Compilation)","Potionbrewer","Replay The Spire","Robot Space Explorer","Shade Mod","Spicy Shops","StSLib","Stuff the Spire","The Blue Laboratory","The Caster","The Cursed","The Dragon Tamer","The Hierophant","The Judge","The Jungle","Wandering Minibosses"],"gold_per_floor":[117,21,21,32,32,61,61,76,76,107,120,120,120,120,120],"floor_reached":14,"playtime":437,"items_purged":[],"score":178,"play_id":"844272e8-27d2-45bf-9195-107e59414a39","local_time":"20210105174403","is_ascension_mode":true,"campfire_choices":[{"data":"White Noise","floor":7,"key":"SMITH"}],"circlet_count":0,"master_deck":["Strike_B","Strike_B","Strike_B","Strike_B","Defend_B","Defend_B","Defend_B","Defend_B","Zap","Dualcast","White Noise+1","Burn","ReplayTheSpireMod:Calculation Training","Creative AI"],"relics":["Cracked Core","EVO:Axolotl","NeowsBlessing","Carrot","infinitespire:FocusingShard","StuffTheSpire:PointBlank","Pantograph","infinitespire:Eraser"],"acts_visited":["Exordium"],"potions_floor_usage":[14,14],"damage_taken":[{"damage":0,"enemies":"Cultist","floor":1,"turns":1},{"damage":0,"enemies":"Jaw Worm","floor":4,"turns":1},{"damage":0,"enemies":"3 Sentries","floor":6,"turns":1},{"damage":14,"enemies":"2 Louse","floor":8,"turns":2},{"damage":38,"enemies":"Lagavulin","floor":10,"turns":6},{"damage":6,"enemies":"Large Slime","floor":11,"turns":5},{"damage":17,"enemies":"3 Sentries","floor":14,"turns":3}],"seed_played":"113579130697857077","potions_obtained":[{"floor":1,"key":"blueLaboratory:LouseDecoction"},{"floor":10,"key":"FearPotion"},{"floor":11,"key":"LifebloodPotion"}],"is_trial":false,"path_per_floor":["M","$","$","M","?","E","R","M","T","E","M","?","?","E"],"character_chosen":"DEFECT","items_purchased":["Carrot"],"campfire_rested":0,"item_purchase_floors":[2],"current_hp_per_floor":[68,68,68,68,68,68,68,54,54,16,10,10,10,0,0],"gold":120,"neow_bonus":"THREE_ENEMY_KILL","is_daily":false,"chose_seed":false,"campfire_upgraded":1,"win_rate":0.0,"timestamp":1609830843,"path_taken":["M","?","$","?","?","E","R","M","T","E","M","?","?","E"],"items_purchased_type":["Relic"],"build_version":"2020-12-22","purchased_purges":0,"victory":false,"max_hp_per_floor":[75,75,75,75,75,75,75,75,75,75,75,75,75,75,75],"card_choices":[{"not_picked":["ReplayTheSpireMod:Reroute Power","Sweeping Beam"],"picked":"White Noise","floor":1},{"not_picked":["Cold Snap","StuffTheSpire:Rend","FTL"],"picked":"SKIP","floor":4},{"not_picked":["Coolheaded","Lockon","Sweeping Beam"],"picked":"SKIP","floor":6},{"not_picked":["Leap","Chaos"],"picked":"ReplayTheSpireMod:Calculation Training","floor":8},{"not_picked":["Beam Cell","StuffTheSpire:ShieldGenerator"],"picked":"Creative AI","floor":10},{"not_picked":["Leap","Turbo","StuffTheSpire:Rend"],"picked":"SKIP","floor":11}],"player_experience":1590429,"relics_obtained":[{"floor":6,"key":"infinitespire:FocusingShard"},{"floor":9,"key":"StuffTheSpire:PointBlank"},{"floor":10,"key":"Pantograph"},{"floor":12,"key":"infinitespire:Eraser"}],"event_choices":[{"damage_healed":68,"gold_gain":0,"player_choice":"Embrace Burn","damage_taken":0,"max_hp_gain":0,"max_hp_loss":75,"event_name":"betterThird:BetterShining","floor":5,"gold_loss":0},{"cards_removed":["Normality"],"damage_healed":0,"gold_gain":0,"player_choice":"Purged","damage_taken":0,"max_hp_gain":0,"max_hp_loss":0,"event_name":"Purifier","floor":13,"gold_loss":0}],"is_beta":false,"boss_relics":[],"items_purged_floors":[],"is_endless":false,"potions_floor_spawned":[1,10,11],"killed_by":"3 Sentries","ascension_level":9}}