{"host":"qbvxbacgnxuisbbe","time":1609809694,"event":{"mods":["AchievementEnabler","Alarm Clock","Ascension Unlocker","BaseMod","Block Reminder","Highlight Path","Minty Spire (QoL Compilation)","Poem Panic","Spicy Shops","StSLib","The Caster","Uncapped"],"gold_per_floor":[111,121,140,153,164,164,195,195,195,195,212,212,212,53,53,53,53],"floor_reached":16,"playtime":659,"items_purged":[],"score":204,"play_id":"1697c8c5-1bff-4808-b584-4a688c8875be","local_time":"20210105012134","is_ascension_mode":true,"campfire_choices":[{"data":"caster:Channeling","floor":6,"key":"SMITH"},{"data":"caster:FrostDriver","floor":15,"key":"SMITH"}],"circlet_count":0,"master_deck":["AscendersBane","caster:strike","caster:strike","caster:strike","caster:strike","caster:defend","caster:defend","caster:defend","caster:defend","caster:Meteor","caster:DivertFocus","caster:Channeling+1","caster:Explosion","caster:FrostDriver","caster:Charge","caster:PyroclasticTide+1","caster:Charge","caster:Eruption","caster:FrostDriver+1","caster:Explosion"],"relics":["caster:MagicBook","Art of War","Vajra","Anchor","MawBank"],"acts_visited":["Exordium"],"potions_floor_usage":[5,5,7,16],"damage_taken":[{"damage":2,"enemies":"Jaw Worm","floor":1,"turns":2},{"damage":2,"enemies":"2 Louse","floor":2,"turns":3},{"damage":0,"enemies":"Small Slimes","floor":3,"turns":3},{"damage":22,"enemies":"Exordium Wildlife","floor":4,"turns":4},{"damage":8,"enemies":"Lots of Slimes","floor":5,"turns":4},{"damage":8,"enemies":"Gremlin Nob","floor":7,"turns":3},{"damage":0,"enemies":"Red Slaver","floor":11,"turns":3},{"damage":6,"enemies":"Hexaghost","floor":16,"turns":3}],"seed_played":"-7388566695887654859","potions_obtained":[{"floor":3,"key":"LiquidMemories"},{"floor":4,"key":"SteroidPotion"},{"floor":5,"key":"Fruit Juice"},{"floor":11,"key":"Strength Potion"}],"is_trial":false,"path_per_floor":["M","M","M","M","M","R","E","?","T","?","M","?","?","$","R","B"],"character_chosen":"THE_CASTER","items_purchased":["caster:Explosion"],"campfire_rested":0,"item_purchase_floors":[14],"current_hp_per_floor":[37,35,35,13,10,10,2,2,2,2,2,2,2,2,2,0,0],"gold":53,"neow_bonus":"THREE_RARE_CARDS","is_daily":false,"chose_seed":false,"campfire_upgraded":2,"win_rate":0.0,"timestamp":1609809694,"path_taken":["M","M","M","M","M","R","E","?","T","?","M","?","?","$","R","BOSS"],"items_purchased_type":["Card"],"build_version":"2020-12-22","purchased_purges":0,"victory":false,"max_hp_per_floor":[60,60,60,60,65,65,65,65,65,65,65,65,65,65,65,65,65],"card_choices":[{"not_picked":["caster:ManaOverflow","caster:SunGoddessAmaterasu"],"picked":"caster:Explosion","floor":0},{"not_picked":["caster:FlashFrost","caster:FlashSpeed","caster:Enfeeble"],"picked":"SKIP","floor":1},{"not_picked":["caster:Sultry","caster:GlacialShield"],"picked":"caster:FrostDriver","floor":2},{"not_picked":["caster:Discharge","caster:WallOfSwords"],"picked":"caster:Charge","floor":3},{"not_picked":["caster:BloodRitual","caster:MegaloSpark"],"picked":"caster:PyroclasticTide","floor":4},{"not_picked":["caster:MegaloSpark","caster:Sandstorm"],"picked":"caster:Charge","floor":5},{"not_picked":["caster:DiamondDust","caster:Sandstorm"],"picked":"caster:Eruption","floor":7},{"not_picked":["caster:MagicResonance","caster:QuickCast"],"picked":"caster:FrostDriver","floor":11}],"player_experience":129540,"relics_obtained":[{"floor":7,"key":"Art of War"},{"floor":9,"key":"Anchor"}],"event_choices":[{"damage_healed":0,"gold_gain":0,"player_choice":"Fled","damage_taken":0,"max_hp_gain":0,"max_hp_loss":0,"event_name":"Scrap Ooze","floor":10,"gold_loss":0},{"damage_healed":0,"gold_gain":0,"player_choice":"Grow","damage_taken":0,"max_hp_gain":0,"max_hp_loss":0,"event_name":"Living Wall","floor":12,"gold_loss":0,"cards_upgraded":["caster:PyroclasticTide"]},{"damage_healed":0,"gold_gain":0,"player_choice":"Searched \u00272\u0027 times","damage_taken":0,"relics_obtained":["MawBank"],"max_hp_gain":0,"max_hp_loss":0,"event_name":"Dead Adventurer","floor":13,"gold_loss":0}],"is_beta":false,"boss_relics":[],"items_purged_floors":[],"is_endless":false,"potions_floor_spawned":[3,4,5,11],"killed_by":"Hexaghost","ascension_level":20}}