{"host":"x7n7968bn9ekn290","time":1609897913,"event":{"mods":["AchievementEnabler","BaseMod","Colored Map","Googly Eyes","Highlight Path","Minty Spire (QoL Compilation)","Quick Restart","Rare Cards Sparkle","Relic Stats","slay the spire mod where everything is the same but ironclad has a cowboy hat"],"gold_per_floor":[109,109,127,142,161,188,188,188,270,288,288,304,304,323,323,422,472,491,504,522,532,552,552,552,580,605,605,621,65,77,87,87,192,192,210,210,210,210,260,260,260,260,260,273,292,592,592,351,351,351],"floor_reached":51,"playtime":2297,"items_purged":["Decay"],"score":746,"play_id":"41016e84-e900-4d81-b378-342457d177e4","local_time":"20210105175153","is_ascension_mode":false,"campfire_choices":[{"floor":8,"key":"REST"},{"data":"Backstab","floor":15,"key":"SMITH"},{"data":"After Image","floor":24,"key":"SMITH"},{"floor":27,"key":"REST"},{"floor":32,"key":"REST"},{"data":"Backstab","floor":40,"key":"SMITH"},{"data":"Accuracy","floor":42,"key":"SMITH"},{"floor":47,"key":"REST"},{"floor":49,"key":"REST"}],"circlet_count":0,"master_deck":["Strike_G","Strike_G","Strike_G","Strike_G","Strike_G","Defend_G","Defend_G","Defend_G","Defend_G","Defend_G","Survivor+1","Neutralize","Backstab+1","Deflect","Backstab+1","Dagger Throw","Dash","Slice","Cloak And Dagger","Blade Dance","After Image+1","Blade Dance","Leg Sweep+1","Heel Hook","Slice","Terror","Accuracy+1","Deflect","Deflect","Dagger Throw","After Image","Dagger Spray","Enlightenment","Backstab+1","Backstab+1","Die Die Die+1","Finisher+1"],"relics":["Ring of the Snake","FossilizedHelix","Mercury Hourglass","Tiny House","PreservedInsect","Juzu Bracelet","Bag of Marbles","Membership Card","StoneCalendar","WristBlade","Unceasing Top","Molten Egg 2","Regal Pillow"],"acts_visited":["Exordium","TheCity","TheBeyond"],"potions_floor_usage":[16,22,33,45,50],"damage_taken":[{"damage":10.0,"enemies":"Jaw Worm","floor":1.0,"turns":11.0},{"damage":0.0,"enemies":"Small Slimes","floor":3.0,"turns":5.0},{"damage":0.0,"enemies":"Cultist","floor":4.0,"turns":3.0},{"damage":0.0,"enemies":"3 Louse","floor":5.0,"turns":3.0},{"damage":37,"enemies":"Lagavulin","floor":6,"turns":12},{"damage":0,"enemies":"Exordium Thugs","floor":10,"turns":3},{"damage":0,"enemies":"2 Fungi Beasts","floor":12,"turns":2},{"damage":0,"enemies":"Looter","floor":14,"turns":2},{"damage":63,"enemies":"The Guardian","floor":16,"turns":18},{"damage":0,"enemies":"Chosen","floor":18,"turns":4},{"damage":4,"enemies":"3 Byrds","floor":19,"turns":6},{"damage":13,"enemies":"Snake Plant","floor":20,"turns":5},{"damage":9,"enemies":"Shelled Parasite and Fungi","floor":21,"turns":9},{"damage":0,"enemies":"Snecko","floor":22,"turns":6},{"damage":40,"enemies":"Slavers","floor":25,"turns":7},{"damage":23,"enemies":"Snake Plant","floor":28,"turns":6},{"damage":0,"enemies":"Centurion and Healer","floor":30,"turns":6},{"damage":0,"enemies":"Cultist and Chosen","floor":31,"turns":6},{"damage":57,"enemies":"Champ","floor":33,"turns":15},{"damage":10,"enemies":"3 Darklings","floor":35,"turns":4},{"damage":1,"enemies":"Mind Bloom Boss Battle","floor":39,"turns":8},{"damage":6,"enemies":"3 Shapes","floor":44,"turns":2},{"damage":31,"enemies":"Transient","floor":45,"turns":5},{"damage":127,"enemies":"Donu and Deca","floor":50,"turns":14}],"seed_played":"-4176680548899480916","potions_obtained":[{"floor":1.0,"key":"Energy Potion"},{"floor":4.0,"key":"FairyPotion"},{"floor":11,"key":"FairyPotion"},{"floor":12,"key":"Regen Potion"},{"floor":16,"key":"SmokeBomb"},{"floor":17,"key":"Energy Potion"},{"floor":22,"key":"DistilledChaos"},{"floor":33,"key":"PowerPotion"},{"floor":45,"key":"SkillPotion"}],"is_trial":false,"path_per_floor":["M","?","M","M","M","E","?","R","T","M","?","M","?","M","R","B",null,"M","M","M","M","M","?","R","E","T","R","M","$","M","M","R","B",null,"M","?","?","?","?","R","?","R","T","M","M","?","R","$","R","B",null],"character_chosen":"THE_SILENT","items_purchased":["Bag of Marbles","Membership Card","Deflect","StoneCalendar","Regal Pillow","Die Die Die+1","Finisher+1","FairyPotion","CunningPotion"],"campfire_rested":5,"item_purchase_floors":[29,29,29,29,48,48,48,48,48],"current_hp_per_floor":[67,67,67,67,67,30,30,53,53,53,53,53,53,53,53,5,82,82,78,65,56,56,56,56,16,16,40,17,17,17,17,41,18,82,72,72,72,72,71,71,71,71,71,65,34,34,57,57,78,5],"gold":351,"neow_bonus":"TEN_PERCENT_HP_BONUS","is_daily":false,"chose_seed":false,"campfire_upgraded":4,"win_rate":0.0,"timestamp":1609897913,"path_taken":["M","?","M","M","M","E","?","R","T","M","?","?","?","M","R","BOSS","M","M","M","M","M","?","R","E","T","R","M","$","M","M","R","BOSS","M","?","?","?","?","R","?","R","T","M","M","?","R","$","R","BOSS"],"items_purchased_type":["Relic","Relic","Card","Relic","Relic","Card","Card","Potion","Potion"],"build_version":"2020-12-22","purchased_purges":1,"victory":true,"max_hp_per_floor":[77,77,77,77,77,77,77,77,77,77,77,77,77,77,77,77,82,82,82,82,82,82,82,82,82,82,82,82,82,82,82,82,82,82,82,82,82,82,82,82,78,78,78,78,78,78,78,78,78,78],"relic_stats":{"Regal Pillow":0,"counters":[24,159],"StoneCalendar":[170],"PreservedInsect":0,"Juzu Bracelet":1,"obtain_stats":[{"Regal Pillow":48,"Tiny House":17,"StoneCalendar":29,"PreservedInsect":25,"Juzu Bracelet":26,"Mercury Hourglass":9,"WristBlade":34,"Molten Egg 2":43,"Bag of Marbles":29,"Membership Card":29,"FossilizedHelix":6,"Unceasing Top":39,"Ring of the Snake":0},{"Regal Pillow":23,"Tiny House":9,"StoneCalendar":16,"PreservedInsect":15,"Juzu Bracelet":15,"Mercury Hourglass":5,"WristBlade":19,"Molten Egg 2":21,"Bag of Marbles":16,"Membership Card":16,"FossilizedHelix":5,"Unceasing Top":21,"Ring of the Snake":0},{"Regal Pillow":145,"Tiny House":59,"StoneCalendar":99,"PreservedInsect":94,"Juzu Bracelet":94,"Mercury Hourglass":34,"WristBlade":126,"Molten Egg 2":138,"Bag of Marbles":99,"Membership Card":99,"FossilizedHelix":34,"Unceasing Top":138,"Ring of the Snake":0}],"Unceasing Top":[10],"Ring of the Snake":[48],"Mercury Hourglass":[390]},"card_choices":[{"not_picked":["Dagger Spray","Expertise"],"picked":"Backstab","floor":1.0},{"not_picked":["Dagger Spray","Infinite Blades"],"picked":"Deflect","floor":3.0},{"not_picked":["Caltrops","Outmaneuver"],"picked":"Backstab","floor":4.0},{"not_picked":["Poisoned Stab","Endless Agony"],"picked":"Dagger Throw","floor":5.0},{"not_picked":["Cloak And Dagger","Poisoned Stab"],"picked":"Dash","floor":6},{"not_picked":["Underhanded Strike","Tactician"],"picked":"Slice","floor":10},{"not_picked":["Accuracy","Infinite Blades"],"picked":"Cloak And Dagger","floor":12},{"not_picked":["Flying Knee","Cloak And Dagger"],"picked":"Blade Dance","floor":14},{"not_picked":["Doppelganger","A Thousand Cuts"],"picked":"After Image","floor":16},{"not_picked":["Quick Slash","Skewer"],"picked":"Blade Dance","floor":17},{"not_picked":["Heel Hook","Acrobatics+1"],"picked":"Leg Sweep+1","floor":18},{"not_picked":["Underhanded Strike+1","Infinite Blades"],"picked":"Heel Hook","floor":19},{"not_picked":["PiercingWail","Bane+1"],"picked":"Slice","floor":20},{"not_picked":["Deadly Poison","Reflex"],"picked":"Terror","floor":21},{"not_picked":["Infinite Blades","Bane"],"picked":"Accuracy","floor":22},{"not_picked":["Dodge and Roll+1","Phantasmal Killer"],"picked":"Deflect","floor":25},{"not_picked":["Dodge and Roll","Sucker Punch","Quick Slash+1"],"picked":"SKIP","floor":28},{"not_picked":["Underhanded Strike","PiercingWail"],"picked":"Dagger Throw","floor":30},{"not_picked":["Riddle With Holes","Skewer"],"picked":"Endless Agony","floor":31},{"not_picked":["Bullet Time","A Thousand Cuts"],"picked":"After Image","floor":33},{"not_picked":["Expertise+1","Prepared+1"],"picked":"Dagger Spray","floor":35},{"not_picked":["Finesse","Good Instincts"],"picked":"Enlightenment","floor":37},{"not_picked":["Dagger Throw","Masterful Stab"],"picked":"Backstab","floor":39},{"not_picked":["Escape Plan","Prepared","Distraction+1"],"picked":"SKIP","floor":44},{"not_picked":["Tools of the Trade","Sucker Punch+1"],"picked":"Backstab+1","floor":45}],"player_experience":15697,"relics_obtained":[{"floor":6,"key":"FossilizedHelix"},{"floor":9,"key":"Mercury Hourglass"},{"floor":25,"key":"PreservedInsect"},{"floor":26,"key":"Juzu Bracelet"},{"floor":39,"key":"Unceasing Top"},{"floor":43,"key":"Molten Egg 2"}],"event_choices":[{"damage_healed":0.0,"max_hp_gain":0.0,"max_hp_loss":0.0,"gold_gain":0.0,"event_name":"Shining Light","player_choice":"Ignored","floor":2.0,"gold_loss":0.0,"damage_taken":0.0},{"damage_healed":0,"gold_gain":0,"player_choice":"Grow","damage_taken":0,"max_hp_gain":0,"max_hp_loss":0,"event_name":"Living Wall","floor":7,"gold_loss":0,"cards_upgraded":["Backstab"]},{"damage_healed":0,"gold_gain":0,"player_choice":"Got Potions","damage_taken":0,"max_hp_gain":0,"max_hp_loss":0,"event_name":"Lab","floor":11,"gold_loss":0},{"damage_healed":0,"gold_gain":0,"player_choice":"Ignored","damage_taken":0,"max_hp_gain":0,"max_hp_loss":0,"event_name":"Purifier","floor":13,"gold_loss":0},{"damage_healed":0,"gold_gain":0,"player_choice":"Smashed Altar","damage_taken":0,"max_hp_gain":0,"max_hp_loss":0,"event_name":"Forgotten Altar","floor":23,"gold_loss":0,"cards_obtained":["Decay"]},{"cards_removed":["Endless Agony"],"damage_healed":0,"gold_gain":0,"player_choice":"Removed Attack","damage_taken":0,"max_hp_gain":0,"max_hp_loss":0,"event_name":"Falling","floor":36,"gold_loss":0},{"damage_healed":0,"gold_gain":0,"player_choice":"Memory 1","damage_taken":0,"max_hp_gain":0,"max_hp_loss":0,"event_name":"SensoryStone","floor":37,"gold_loss":0},{"damage_healed":0,"gold_gain":0,"player_choice":"Ignored","damage_taken":0,"max_hp_gain":0,"max_hp_loss":0,"event_name":"Mysterious Sphere","floor":38,"gold_loss":0},{"damage_healed":0,"gold_gain":0,"player_choice":"Fight","damage_taken":0,"max_hp_gain":0,"max_hp_loss":0,"event_name":"MindBloom","floor":39,"gold_loss":0},{"damage_healed":0,"gold_gain":0,"player_choice":"Max HP","damage_taken":0,"max_hp_gain":0,"max_hp_loss":4,"event_name":"Winding Halls","floor":41,"gold_loss":0},{"damage_healed":0,"gold_gain":300,"player_choice":"Gold","damage_taken":0,"max_hp_gain":0,"max_hp_loss":0,"event_name":"Wheel of Change","floor":46,"gold_loss":0}],"is_beta":false,"boss_relics":[{"not_picked":["Black Star","Velvet Choker"],"picked":"Tiny House"},{"not_picked":["Fusion Hammer","Empty Cage"],"picked":"WristBlade"}],"items_purged_floors":[29],"is_endless":false,"potions_floor_spawned":[1,4,12,16,20,22,25,31,33,45],"ascension_level":0}}