{"host":"34w8p723gpcx9kua","time":1609877007,"event":{"mods":["100% Spire Juice","AchievementEnabler","Act Like it!","BaseMod","Bestiary","ChefMod","Colored Map","Colored Powertips","Evolution","Googly Eyes","Hallownest","Minty Spire (QoL Compilation)","Prisma Mod","StSLib","The IronCluck","The Marked","Yakumo Yukari mod"],"gold_per_floor":[115,115,126,144,156,182,12,31,110,110,110,45,71,71,71,169,49,65,65,83,102,102,102,2,2,28,28,42,62,62,62,62],"floor_reached":31,"playtime":2363,"items_purged":[],"score":272,"play_id":"bab88902-090d-4918-b4cb-e6dcc5f5ee59","local_time":"20210105200327","is_ascension_mode":false,"campfire_choices":[{"floor":11,"key":"REST"},{"data":"Moonworks:UnpaidWork","floor":15,"key":"SMITH"},{"floor":23,"key":"REST"}],"circlet_count":0,"master_deck":["Moonworks:Strike","Moonworks:Defend","Moonworks:Defend","Moonworks:Defend","Moonworks:Defend","Moonworks:LongDistanceShot","Moonworks:CookingTime","Moonworks:JonathanRush+1","Moonworks:DeployBits","Moonworks:UnpaidWork+1","Moonworks:EvilSpyWorkPreparation+1","Doubt","Moonworks:EvilSpyWorkPreparation","Regret","Moonworks:AnotherUltimateWeapon","Moonworks:IntelligenceOfficer+1","Moonworks:MetallicMonocoque+1","Moonworks:SinkOrSwim+1","Moonworks:LulusLuckyEgg","Moonworks:ImOnFire","Moonworks:BigMagnum+1","Writhe","Shame","Moonworks:CrystalBarrier","Moonworks:WindyEnchantment"],"relics":["Moonworks:BrokenBomb","Moonworks:Homemark","EVO:Axolotl","Vajra","Strawberry","HornCleat","Ginger","Centennial Puzzle","Astrolabe","NlothsMask","Gremlin Horn","Nunchaku","CaptainsWheel"],"acts_visited":["Exordium","TheCity"],"potions_floor_usage":[4,6,16,24,29,29,31],"damage_taken":[{"damage":0,"enemies":"Jaw Worm","floor":1,"turns":3},{"damage":0,"enemies":"Cultist","floor":3,"turns":4},{"damage":7,"enemies":"2 Louse","floor":4,"turns":3},{"damage":0,"enemies":"Looter","floor":5,"turns":4},{"damage":17,"enemies":"3 Sentries","floor":6,"turns":9},{"damage":6,"enemies":"Large Slime","floor":8,"turns":5},{"damage":0,"enemies":"Gremlin Nob","floor":13,"turns":3},{"damage":58,"enemies":"The Guardian","floor":16,"turns":7},{"damage":11,"enemies":"3 Byrds","floor":18,"turns":3},{"damage":14,"enemies":"Chosen","floor":20,"turns":6},{"damage":12,"enemies":"Sentry and Sphere","floor":21,"turns":4},{"damage":18,"enemies":"Snake Plant","floor":24,"turns":5},{"damage":49,"enemies":"Chosen and Byrds","floor":28,"turns":9},{"damage":7,"enemies":"Cultist and Chosen","floor":29,"turns":7},{"damage":8,"enemies":"Shelled Parasite and Fungi","floor":31,"turns":1}],"seed_played":"-1681470705350703495","potions_obtained":[{"floor":2,"key":"Strength Potion"},{"floor":2,"key":"SneckoOil"},{"floor":2,"key":"Block Potion"},{"floor":4,"key":"Fruit Juice"},{"floor":5,"key":"SpeedPotion"},{"floor":8,"key":"SpeedPotion"},{"floor":20,"key":"DistilledChaos"},{"floor":28,"key":"EssenceOfSteel"},{"floor":29,"key":"Block Potion"}],"is_trial":false,"path_per_floor":["M","?","M","M","M","E","?","M","T","?","R","?","E","?","R","B",null,"M","?","M","M","?","R","M","?","T","T","M","M","$","M"],"character_chosen":"THE_STARBREAKER","items_purchased":[],"campfire_rested":2,"item_purchase_floors":[],"current_hp_per_floor":[60,60,60,58,61,54,54,51,51,37,58,58,64,64,64,12,72,61,61,53,47,47,68,56,56,56,56,13,6,6,0,0],"gold":62,"neow_bonus":"RANDOM_COMMON_RELIC","is_daily":false,"chose_seed":false,"campfire_upgraded":1,"win_rate":0.0,"timestamp":1609877007,"path_taken":["M","?","?","M","M","E","?","M","T","?","R","?","E","?","R","BOSS","M","?","M","?","?","R","M","?","T","?","M","?","$","M"],"items_purchased_type":[],"build_version":"2020-12-22","purchased_purges":0,"victory":false,"max_hp_per_floor":[60,60,60,65,65,72,72,72,72,72,72,72,72,72,72,72,72,72,72,72,72,72,72,72,72,72,72,72,72,72,72,72],"card_choices":[{"not_picked":["Moonworks:CloudOfSeagulls","Moonworks:IndiscriminateFireSupport","Moonworks:Assault"],"picked":"SKIP","floor":1},{"not_picked":["Moonworks:AwakeningOfTalent","Moonworks:ForcedRevival"],"picked":"Moonworks:CookingTime","floor":3},{"not_picked":["Moonworks:SakisCookie","Moonworks:RagingMadness"],"picked":"Moonworks:JonathanRush","floor":4},{"not_picked":["Moonworks:NicePresent","Moonworks:BigMagnum"],"picked":"Moonworks:DeployBits","floor":5},{"not_picked":["Moonworks:AngelHand","Moonworks:JonathanRush"],"picked":"Moonworks:UnpaidWork","floor":6},{"not_picked":["Moonworks:WindyEnchantment","Moonworks:MiracleRedBeanIceCream"],"picked":"Moonworks:EvilSpyWorkPreparation","floor":8},{"not_picked":["Moonworks:ImOnFire","Moonworks:CookingTime"],"picked":"Moonworks:EvilSpyWorkPreparation","floor":13},{"not_picked":["Moonworks:StarBlastingFuse","Moonworks:FinalBattle"],"picked":"Moonworks:AnotherUltimateWeapon","floor":16},{"not_picked":["Moonworks:x16BigRocket","Moonworks:IndiscriminateFireSupport"],"picked":"Moonworks:LulusLuckyEgg","floor":18},{"not_picked":["Moonworks:Poppoformation+1","Moonworks:CookingTime"],"picked":"Moonworks:ImOnFire","floor":20},{"not_picked":["Moonworks:DeployBits+1","Moonworks:EvilSpyWorkPreparation"],"picked":"Moonworks:BigMagnum+1","floor":21},{"not_picked":["Moonworks:BeyondHell","Moonworks:Dinner+1","Moonworks:EvilSpyWorkPreparation"],"picked":"SKIP","floor":24},{"not_picked":["Moonworks:BigBangBell","Moonworks:JonathanRush"],"picked":"Moonworks:CrystalBarrier","floor":28},{"not_picked":["Moonworks:BigMagnum+1","Moonworks:JonathanRush"],"picked":"Moonworks:WindyEnchantment","floor":29}],"player_experience":34852,"relics_obtained":[{"floor":6,"key":"Strawberry"},{"floor":9,"key":"HornCleat"},{"floor":13,"key":"Ginger"},{"floor":27,"key":"CaptainsWheel"}],"event_choices":[{"damage_healed":0,"gold_gain":0,"player_choice":"Got Potions","damage_taken":0,"max_hp_gain":0,"max_hp_loss":0,"event_name":"Lab","floor":2,"gold_loss":0},{"cards_removed":["Moonworks:Assault"],"damage_healed":0,"gold_gain":0,"player_choice":"Card Removal","damage_taken":0,"max_hp_gain":0,"max_hp_loss":0,"event_name":"The Cleric","floor":7,"gold_loss":50},{"damage_healed":0,"gold_gain":0,"player_choice":"Entered Light","damage_taken":14,"max_hp_gain":0,"max_hp_loss":0,"event_name":"Shining Light","floor":10,"gold_loss":0,"cards_upgraded":["Moonworks:JonathanRush","Moonworks:EvilSpyWorkPreparation"]},{"damage_healed":0,"gold_gain":175,"player_choice":"AGREE","damage_taken":0,"max_hp_gain":0,"max_hp_loss":0,"event_name":"Liars Game","floor":12,"gold_loss":0,"cards_obtained":["Doubt"]},{"damage_healed":0,"gold_gain":0,"player_choice":"Box","damage_taken":0,"relics_obtained":["Centennial Puzzle"],"max_hp_gain":0,"max_hp_loss":0,"event_name":"Big Fish","floor":14,"gold_loss":0,"cards_obtained":["Regret"]},{"damage_healed":0,"gold_gain":0,"player_choice":"Trade","damage_taken":0,"relics_obtained":["NlothsMask"],"max_hp_gain":0,"max_hp_loss":0,"event_name":"FaceTrader","floor":19,"gold_loss":0},{"damage_healed":0,"gold_gain":0,"player_choice":"Opened","damage_taken":0,"relics_obtained":["Gremlin Horn"],"max_hp_gain":0,"max_hp_loss":0,"event_name":"The Mausoleum","floor":22,"gold_loss":0,"cards_obtained":["Writhe"]},{"damage_healed":0,"gold_gain":0,"player_choice":"Stole Relic","damage_taken":0,"relics_obtained":["Nunchaku"],"max_hp_gain":0,"max_hp_loss":0,"event_name":"Addict","floor":25,"gold_loss":0,"cards_obtained":["Shame"]}],"is_beta":false,"boss_relics":[{"not_picked":["Ectoplasm","Fusion Hammer"],"picked":"Astrolabe"}],"items_purged_floors":[],"is_endless":false,"potions_floor_spawned":[4,5,8,20,28,29],"killed_by":"Shelled Parasite and Fungi","ascension_level":0}}