{"host":"e48gchmu8shm63ip","time":1609871802,"event":{"mods":["Abigail Mod","AchievementEnabler","Act Like it!","BaseMod","Better Match","Better Note","Better Vampires","CapriCore","DeckTracker","Exacting","Gensokyo","Googly Eyes","Hallownest","Hermit","HololiveMod","Infinite Spire","Jorbs\u0027s Wanderer Trilogy","Koishi","Marisa????????","Minty Spire (QoL Compilation)","Railgun Mod","Rare Cards Sparkle","Relic Filter","Relic Stats","Remilia??????","Robot Space Explorer","Shade Mod","StSLib","The Animator","The Caster","The Construct","The Dragon Tamer","The Forsaken","The Immortal","The Judge","The Marked","The Poker Player","The Servant 0.9.4","TheSwordswoman","Waifu the Spire"],"gold_per_floor":[111,111,111,131,81,81,109,109,157,173,203,203,59,86,86,182,182,194,213,229,229,67,67,102,2,26,61,61,89,39,53,53,148,148,167,179,213,213,223,223,251,251,251,251,261,277,291,306,306,306],"floor_reached":51,"playtime":3158,"items_purged":[],"score":1096,"play_id":"31409f80-e22c-481f-abac-988634c0cc7c","local_time":"20210105193642","is_ascension_mode":true,"campfire_choices":[{"data":"RedMoon","floor":6,"key":"SMITH"},{"data":"SuperhumanBloodyKnife","floor":8,"key":"SMITH"},{"data":"TwelveNightmare","floor":12,"key":"SMITH"},{"data":"HunterOfTheNight","floor":15,"key":"SMITH"},{"floor":23,"key":"REST"},{"floor":28,"key":"REST"},{"data":"ScarletShoot","floor":32,"key":"SMITH"},{"data":"AfternoonTea","floor":40,"key":"SMITH"},{"data":"NightDance","floor":49,"key":"SMITH"}],"circlet_count":0,"master_deck":["Strike_RM","Strike_RM","Strike_RM","Defend_RM","Defend_RM+1","Defend_RM","Defend_RM+1","RedMoon+1","ScarletShoot+1","HunterOfTheNight+1","SuperhumanBloodyKnife+1","NightDance+1","TwelveNightmare+1","StarOfDavid","AfternoonTea+1","Panache","ScarletImprint+1","MastersStateliness+1","RedNightlessCastle+1"],"relics":["ScarletHat","infinitespire:PuzzleCube","Boot","Juzu Bracelet","construct:WeddingRing","Busted Crown","Letter Opener","Vajra","War Paint","theForsaken:Gavel"],"acts_visited":["Exordium","TheCity","TheCity"],"potions_floor_usage":[27],"damage_taken":[{"damage":0,"enemies":"2 Louse","floor":1,"turns":2},{"damage":5,"enemies":"2 Louse","floor":2,"turns":6},{"damage":0,"enemies":"Small Slimes","floor":4,"turns":5},{"damage":16,"enemies":"3 Sentries","floor":7,"turns":13},{"damage":0,"enemies":"Jaw Worm","floor":10,"turns":5},{"damage":5,"enemies":"Lagavulin","floor":11,"turns":5},{"damage":5,"enemies":"Gremlin Gang","floor":14,"turns":4},{"damage":27,"enemies":"Hexaghost","floor":16,"turns":5},{"damage":25,"enemies":"Shell Parasite","floor":18,"turns":6},{"damage":9,"enemies":"3 Byrds","floor":19,"turns":3},{"damage":17,"enemies":"Snecko","floor":20,"turns":6},{"damage":17,"enemies":"Slavers","floor":24,"turns":4},{"damage":19,"enemies":"Nightmare","floor":27,"turns":8},{"damage":1,"enemies":"Cultist and Chosen","floor":29,"turns":5},{"damage":0,"enemies":"Chosen and Byrds","floor":31,"turns":5},{"damage":42,"enemies":"Automaton","floor":33,"turns":8},{"damage":2,"enemies":"Gensokyo:3_Boulders","floor":35,"turns":4},{"damage":6,"enemies":"Gensokyo:AncientGuardian","floor":36,"turns":6},{"damage":0,"enemies":"Gensokyo:3_Boulders","floor":37,"turns":5},{"damage":11,"enemies":"Gensokyo:SeedOfUnknown","floor":39,"turns":7},{"damage":16,"enemies":"Gensokyo:Marisa","floor":41,"turns":6},{"damage":21,"enemies":"Gensokyo:4_Bats","floor":45,"turns":4},{"damage":5,"enemies":"Gensokyo:AtlasGolem","floor":46,"turns":4},{"damage":2,"enemies":"Gensokyo:Dusk_and_Dawn","floor":47,"turns":5},{"damage":21,"enemies":"Gensokyo:4_Bats","floor":48,"turns":2},{"damage":2,"enemies":"Gensokyo:Yuyuko","floor":50,"turns":9}],"seed_played":"8090657842824580592","potions_obtained":[{"floor":7,"key":"Strength Potion"},{"floor":11,"key":"Dexterity Potion"},{"floor":14,"key":"Fruit Juice"},{"floor":27,"key":"Regen Potion"},{"floor":36,"key":"Block Potion"}],"is_trial":false,"path_per_floor":["M","?","?","M","?","R","E","R","T","M","E","R","$","M","R","B",null,"M","M","M","?","$","R","E","?","T","NM","R","M","?","M","R","B",null,"M","M","M","?","M","R","E","?","T","?","M","M","M","M","R","B",null],"character_chosen":"REMILIA","items_purchased":["construct:WeddingRing","Panache"],"campfire_rested":2,"item_purchase_floors":[13,22],"current_hp_per_floor":[75,71,71,73,73,73,63,63,63,63,65,65,65,60,60,50,74,50,42,32,32,32,56,44,44,44,37,63,70,70,75,75,41,76,77,72,77,77,75,75,76,76,76,76,61,73,76,62,62,62],"gold":306,"neow_bonus":"TEN_PERCENT_HP_BONUS","is_daily":false,"chose_seed":false,"campfire_upgraded":7,"win_rate":0.0,"timestamp":1609871802,"path_taken":["M","?","?","M","?","R","E","R","T","M","E","R","?","M","R","BOSS","M","M","M","?","$","R","E","?","T","NM","R","M","?","M","R","BOSS","M","M","M","?","M","R","E","?","T","?","M","M","M","M","R","BOSS"],"items_purchased_type":["Relic","Card"],"build_version":"2020-12-22","purchased_purges":0,"victory":true,"max_hp_per_floor":[82,82,82,82,82,82,82,82,82,82,82,82,82,82,82,82,82,82,82,82,82,82,82,82,82,82,87,87,87,87,87,87,87,87,87,87,87,87,87,87,87,87,87,87,87,87,87,87,87,87],"relic_stats":{"Busted Crown":50,"counters":[26,142],"Juzu Bracelet":3,"Letter Opener":[85],"War Paint":["Defend_RM","Defend_RM"],"Boot":[38],"obtain_stats":[{"construct:WeddingRing":13,"Busted Crown":17,"Vajra":26,"Juzu Bracelet":11,"Letter Opener":24,"War Paint":27,"Boot":9,"theForsaken:Gavel":41,"ScarletHat":0,"infinitespire:PuzzleCube":7},{"construct:WeddingRing":6,"Busted Crown":8,"Vajra":12,"Juzu Bracelet":6,"Letter Opener":12,"War Paint":13,"Boot":4,"theForsaken:Gavel":21,"ScarletHat":0,"infinitespire:PuzzleCube":4},{"construct:WeddingRing":36,"Busted Crown":45,"Vajra":64,"Juzu Bracelet":36,"Letter Opener":64,"War Paint":72,"Boot":26,"theForsaken:Gavel":118,"ScarletHat":0,"infinitespire:PuzzleCube":26}]},"card_choices":[{"not_picked":["ScarletDevil","UnderTheZenith"],"picked":"HunterOfTheNight","floor":1},{"not_picked":["UnstableMagic","RedRainbow"],"picked":"SuperhumanBloodyKnife","floor":4},{"not_picked":["BloodAndWine","TwelveNightmare"],"picked":"NightDance","floor":7},{"not_picked":["ScarletSymphony","Stigmanizer","ChainGang"],"picked":"SKIP","floor":10},{"not_picked":["BloodyHallows","ReincarnationDial"],"picked":"TwelveNightmare","floor":11},{"not_picked":["RedRainbow","EmergencyRegeneration"],"picked":"StarOfDavid","floor":14},{"not_picked":["DiffusionOfMisfortune+1"],"picked":"SKIP","floor":18},{"not_picked":["RedRainbow"],"picked":"SKIP","floor":19},{"not_picked":[],"picked":"AfternoonTea","floor":20},{"not_picked":["UnderTheZenith"],"picked":"SKIP","floor":24},{"not_picked":[],"picked":"ScarletImprint+1","floor":27},{"not_picked":["BombardNight"],"picked":"SKIP","floor":29},{"not_picked":["Septette+1"],"picked":"SKIP","floor":31},{"not_picked":["BloodyTrap"],"picked":"SKIP","floor":35},{"not_picked":["ScarletDevil"],"picked":"SKIP","floor":36},{"not_picked":["ScarletDevil"],"picked":"SKIP","floor":36},{"not_picked":["GlobalNightmare"],"picked":"SKIP","floor":37},{"not_picked":["MastersStateliness+1"],"picked":"SKIP","floor":39},{"not_picked":[],"picked":"MastersStateliness+1","floor":39},{"not_picked":["ChainGang+1"],"picked":"SKIP","floor":41},{"not_picked":["Stigmanizer+1"],"picked":"SKIP","floor":45},{"not_picked":["MastersStateliness"],"picked":"SKIP","floor":46},{"not_picked":[],"picked":"RedNightlessCastle+1","floor":47},{"not_picked":["VampireSweep+1"],"picked":"SKIP","floor":48}],"player_experience":665033,"relics_obtained":[{"floor":7,"key":"infinitespire:PuzzleCube"},{"floor":9,"key":"Boot"},{"floor":11,"key":"Juzu Bracelet"},{"floor":24,"key":"Letter Opener"},{"floor":26,"key":"Vajra"},{"floor":27,"key":"War Paint"},{"floor":41,"key":"theForsaken:Gavel"}],"event_choices":[{"cards_removed":["Strike_RM"],"damage_healed":0,"gold_gain":0,"player_choice":"Card Removal","damage_taken":0,"max_hp_gain":0,"max_hp_loss":0,"event_name":"The Cleric","floor":5,"gold_loss":50},{"damage_healed":0,"gold_gain":0,"player_choice":"Ignored","damage_taken":0,"max_hp_gain":0,"max_hp_loss":0,"event_name":"betterNote:BetterNote","floor":21,"gold_loss":0,"cards_obtained":["Iron Wave"]},{"damage_healed":0,"gold_gain":0,"player_choice":"Bet on Owner","damage_taken":0,"max_hp_gain":0,"max_hp_loss":0,"event_name":"The Joust","floor":30,"gold_loss":50},{"damage_healed":0,"gold_gain":0,"player_choice":"2","damage_taken":0,"max_hp_gain":0,"max_hp_loss":0,"event_name":"betterMatch:BetterMatch","floor":42,"gold_loss":0,"cards_obtained":["betterMatch:UncommonCard","betterMatch:CommonCard"]}],"is_beta":false,"boss_relics":[{"not_picked":["APieceOfRedMist","construct:ClawGrip"],"picked":"Busted Crown"},{"not_picked":["Philosopher\u0027s Stone","SlaversCollar","Velvet Choker"]}],"items_purged_floors":[],"is_endless":false,"potions_floor_spawned":[7,11,14,20,24,27,35,36,45,46,47,48],"ascension_level":9}}