{"host":"p4zclu0beiy6gkiq","time":1609837833,"event":{"mods":["AchievementEnabler","BaseMod","Bestiary","Colored Map","Colored Powertips","DeckTracker","Minty Spire (QoL Compilation)","Quick Restart","StSLib","SuperFastMode","The Cursed"],"gold_per_floor":[116,1,11,11,11,11,36,36,60,60,76,4,4,24,24,145,145,158,233,10,26,49,85,85,85,85,85,109,127,127,161,161,287,287,303,166,50,50,419,419,458,458,481,517,517,535,559,572,572,572,572,572,4,44,44],"floor_reached":56,"playtime":7304,"items_purged":["Pain","Strike_P"],"score":1443,"play_id":"a6d50371-c241-40bf-b170-a607bde9d21b","local_time":"20210105181033","is_ascension_mode":true,"campfire_choices":[{"data":"EmptyFist","floor":6.0,"key":"SMITH"},{"data":"Strike_P","floor":8.0,"key":"PURGE"},{"data":"Defend_P","floor":13.0,"key":"PURGE"},{"data":"Blasphemy","floor":15.0,"key":"SMITH"},{"data":"Scrawl","floor":25.0,"key":"SMITH"},{"data":"Adaptation","floor":27.0,"key":"SMITH"},{"data":"Crescendo","floor":30.0,"key":"SMITH"},{"data":"Defend_P","floor":32.0,"key":"PURGE"},{"data":"Vault","floor":40.0,"key":"SMITH"},{"floor":42.0,"key":"RECALL"},{"data":"Study","floor":45.0,"key":"SMITH"},{"data":"Strike_P","floor":49.0,"key":"PURGE"},{"data":"WaveOfTheHand","floor":52.0,"key":"SMITH"}],"circlet_count":0,"master_deck":["Eruption+1","Vigilance","Study+1","ClearTheMind+1","ThirdEye","Weave","EmptyFist+1","Crescendo+1","EmptyFist+1","Blasphemy+1","Protect","Scrawl+1","ThirdEye","MentalFortress","CutThroughFate+1","Adaptation+1","Halt+1","FlurryOfBlows+1","FearNoEvil+1","Weave","Vault+1","CutThroughFate+1","Nirvana","Nirvana","FlurryOfBlows+1","Wireheading+1","WaveOfTheHand+1","ClearTheMind+1","Adaptation+1","FlurryOfBlows","Weave+1","TalkToTheHand","Panacea","Master of Strategy","FlurryOfBlows"],"relics":["PureWater","Peace Pipe","Golden Idol","Philosopher\u0027s Stone","ClockworkSouvenir","Lantern","Darkstone Periapt","Juzu Bracelet","Coffee Dripper","Old Coin","Toy Ornithopter","MealTicket","Whetstone","Art of War","Bag of Marbles"],"acts_visited":["Exordium","TheCity","TheBeyond","TheEnding"],"potions_floor_usage":[55,55],"damage_taken":[{"damage":13.0,"enemies":"Small Slimes","floor":1.0,"turns":4.0},{"damage":4.0,"enemies":"2 Louse","floor":3.0,"turns":2.0},{"damage":1.0,"enemies":"Gremlin Nob","floor":7.0,"turns":3.0},{"damage":0.0,"enemies":"Jaw Worm","floor":11.0,"turns":2.0},{"damage":14.0,"enemies":"Exordium Thugs","floor":14.0,"turns":4.0},{"damage":11.0,"enemies":"The Guardian","floor":16.0,"turns":9.0},{"damage":0.0,"enemies":"Chosen","floor":18.0,"turns":2.0},{"damage":16.0,"enemies":"2 Thieves","floor":21.0,"turns":2.0},{"damage":0.0,"enemies":"Chosen and Byrds","floor":22.0,"turns":2.0},{"damage":0.0,"enemies":"Slavers","floor":23.0,"turns":3.0},{"damage":8.0,"enemies":"Shelled Parasite and Fungi","floor":28.0,"turns":3.0},{"damage":0.0,"enemies":"Snake Plant","floor":29.0,"turns":1.0},{"damage":0.0,"enemies":"Gremlin Leader","floor":31.0,"turns":1.0},{"damage":10.0,"enemies":"Champ","floor":33.0,"turns":5.0},{"damage":0.0,"enemies":"Orb Walker","floor":35.0,"turns":1.0},{"damage":0.0,"enemies":"2 Orb Walkers","floor":39.0,"turns":3.0},{"damage":22.0,"enemies":"Reptomancer","floor":41.0,"turns":4.0},{"damage":0.0,"enemies":"Nemesis","floor":44.0,"turns":3.0},{"damage":0.0,"enemies":"3 Shapes","floor":46.0,"turns":1.0},{"damage":2.0,"enemies":"Spire Growth","floor":47.0,"turns":4.0},{"damage":0.0,"enemies":"3 Darklings","floor":48.0,"turns":2.0},{"damage":28.0,"enemies":"Donu and Deca","floor":50.0,"turns":5.0},{"damage":21.0,"enemies":"Shield and Spear","floor":54.0,"turns":4.0},{"damage":10,"enemies":"The Heart","floor":55,"turns":7}],"seed_played":"-8158456028761910773","potions_obtained":[{"floor":1.0,"key":"BottledMiracle"},{"floor":7.0,"key":"Strength Potion"},{"floor":18.0,"key":"Energy Potion"},{"floor":22.0,"key":"FearPotion"},{"floor":23.0,"key":"Strength Potion"},{"floor":28.0,"key":"PowerPotion"},{"floor":33.0,"key":"PowerPotion"},{"floor":35.0,"key":"LiquidMemories"},{"floor":38.0,"key":"LiquidBronze"}],"is_trial":false,"path_per_floor":["M","$","M","?","?","R","E","R","T","?","M","$","R","M","R","B",null,"M","?","$","M","M","E","$","R","T","R","M","M","R","E","R","B",null,"M","$","$","?","?","R","E","R","T","E","R","M","M","M","R","B",null,"R","$","E","B",null],"character_chosen":"WATCHER","items_purchased":["Weave","Blasphemy","ClockworkSouvenir","MentalFortress","Nirvana","Nirvana","FlurryOfBlows","TalkToTheHand","Panacea","Master of Strategy","DuplicationPotion","Art of War"],"campfire_rested":0,"item_purchase_floors":[2,12,20,20,36,37,37,53,53,53,53,53],"current_hp_per_floor":[59,59,55,48,34,34,33,33,33,33,33,33,33,19,19,8,67,67,61,61,45,45,45,45,45,45,45,37,37,37,37,37,27,67,67,67,67,67,67,67,45,45,45,45,45,45,43,43,43,15,67,67,67,46,46],"gold":44,"neow_bonus":"TRANSFORM_TWO_CARDS","is_daily":false,"chose_seed":false,"campfire_upgraded":8,"win_rate":0.0,"timestamp":1609837833,"path_taken":["M","$","M","?","?","R","E","R","T","?","M","$","R","M","R","BOSS","M","?","?","?","M","E","$","R","T","R","M","M","R","E","R","BOSS","M","?","$","?","?","R","E","R","T","E","R","M","M","M","R","BOSS","R","$","E","BOSS"],"items_purchased_type":["Card","Card","Relic","Card","Card","Card","Card","Card","Card","Card","Potion","Relic"],"build_version":"2020-12-22","purchased_purges":2,"victory":true,"max_hp_per_floor":[72,72,72,72,72,72,72,72,72,67,67,67,67,67,67,67,67,67,67,67,67,67,67,67,67,67,67,67,67,67,67,67,67,67,67,67,67,67,67,67,67,67,67,67,67,67,67,67,67,67,67,67,67,67,67],"card_choices":[{"not_picked":["Swivel","SignatureMove"],"picked":"ThirdEye","floor":1.0},{"not_picked":["PathToVictory","Protect"],"picked":"EmptyFist","floor":3.0},{"not_picked":["SashWhip","EmptyFist"],"picked":"Crescendo","floor":7.0},{"not_picked":["Collect","CrushJoints"],"picked":"EmptyFist","floor":11.0},{"not_picked":["MasterReality","CarveReality"],"picked":"Protect","floor":14.0},{"not_picked":["Blasphemy","MasterReality"],"picked":"Scrawl","floor":16.0},{"not_picked":["EmptyMind+1","SashWhip"],"picked":"ThirdEye","floor":18.0},{"not_picked":["Indignation","Meditate"],"picked":"CutThroughFate+1","floor":21.0},{"not_picked":["PathToVictory+1","ForeignInfluence"],"picked":"Adaptation","floor":22.0},{"not_picked":["ForeignInfluence","Pray+1"],"picked":"Halt+1","floor":23.0},{"not_picked":["Protect","WheelKick"],"picked":"FlurryOfBlows+1","floor":28.0},{"not_picked":["Consecrate","Vengeance"],"picked":"FearNoEvil+1","floor":29.0},{"not_picked":["SignatureMove+1","InnerPeace+1"],"picked":"Weave","floor":31.0},{"not_picked":["MasterReality","DeusExMachina"],"picked":"Vault","floor":33.0},{"not_picked":["Perseverance+1","Fasting2"],"picked":"CutThroughFate+1","floor":35.0},{"not_picked":["Consecrate+1","PathToVictory"],"picked":"Wireheading+1","floor":39.0},{"not_picked":["ClearTheMind","PathToVictory"],"picked":"WaveOfTheHand","floor":41.0},{"not_picked":["EmptyFist","EmptyBody+1"],"picked":"ClearTheMind+1","floor":44.0},{"not_picked":["Wish","FollowUp+1"],"picked":"Adaptation+1","floor":46.0},{"not_picked":["Halt+1","FollowUp+1"],"picked":"FlurryOfBlows","floor":47.0},{"not_picked":["InnerPeace+1","Wallop"],"picked":"Weave+1","floor":48.0},{"not_picked":["EmptyBody+1","Study"],"picked":"FlurryOfBlows","floor":54.0}],"player_experience":228010,"relics_obtained":[{"floor":7.0,"key":"Peace Pipe"},{"floor":23.0,"key":"Lantern"},{"floor":26.0,"key":"Darkstone Periapt"},{"floor":31.0,"key":"Juzu Bracelet"},{"floor":39.0,"key":"Old Coin"},{"floor":41.0,"key":"Toy Ornithopter"},{"floor":43.0,"key":"MealTicket"},{"floor":44.0,"key":"Whetstone"},{"floor":54.0,"key":"Bag of Marbles"}],"event_choices":[{"cards_removed":["Strike_P"],"damage_healed":0.0,"max_hp_gain":0.0,"max_hp_loss":0.0,"gold_gain":0.0,"event_name":"Golden Wing","player_choice":"Card Removal","floor":4.0,"gold_loss":0.0,"damage_taken":7.0},{"damage_healed":0.0,"max_hp_gain":0.0,"max_hp_loss":0.0,"gold_gain":0.0,"event_name":"Shining Light","player_choice":"Entered Light","floor":5.0,"gold_loss":0.0,"damage_taken":14.0,"cards_upgraded":["Eruption","ClearTheMind"]},{"damage_healed":0.0,"max_hp_gain":0.0,"max_hp_loss":5.0,"gold_gain":0.0,"event_name":"Golden Idol","player_choice":"Lose Max HP","floor":10.0,"gold_loss":0.0,"damage_taken":0.0,"relics_obtained":["Golden Idol"]},{"damage_healed":0.0,"max_hp_gain":0.0,"max_hp_loss":0.0,"gold_gain":75.0,"event_name":"FaceTrader","player_choice":"Touch","floor":19.0,"gold_loss":0.0,"damage_taken":6.0},{"damage_healed":0.0,"max_hp_gain":0.0,"max_hp_loss":0.0,"gold_gain":0.0,"event_name":"Lab","player_choice":"Got Potions","floor":38.0,"gold_loss":0.0,"damage_taken":0.0},{"damage_healed":0.0,"max_hp_gain":0.0,"max_hp_loss":0.0,"gold_gain":0.0,"event_name":"Mysterious Sphere","player_choice":"Fight","floor":39.0,"gold_loss":0.0,"damage_taken":0.0}],"is_beta":false,"boss_relics":[{"not_picked":["Runic Pyramid","VioletLotus"],"picked":"Philosopher\u0027s Stone"},{"not_picked":["Pandora\u0027s Box","Black Star"],"picked":"Coffee Dripper"}],"items_purged_floors":[2,36],"is_endless":false,"potions_floor_spawned":[1,7,18,22,23,28,33,35,41,44],"ascension_level":2}}