{"host":"j0vzbnzm6n2ctevn","time":1609837055,"event":{"mods":["AchievementEnabler","BaseMod","Better Note","Dota2Spire","Minty Spire (QoL Compilation)","Quick Restart","Shop Mod","Spicy Shops","StSLib"],"gold_per_floor":[115,115,130,148,160,160,193,256,309,309,326,326,67,83,83,180,180,198,209,209,29,304,304,331,341,341,341,341],"floor_reached":27,"playtime":1253,"items_purged":["Strike_B","Defend_B"],"score":233,"play_id":"e9e239c8-f924-4423-9225-f829c4408990","local_time":"20210105165735","is_ascension_mode":false,"campfire_choices":[{"data":"Zap","floor":6,"key":"SMITH"},{"data":"Defragment","floor":10,"key":"SMITH"},{"data":"Doom and Gloom","floor":12,"key":"SMITH"},{"floor":15,"key":"REST"},{"data":"Double Energy","floor":23,"key":"SMITH"}],"circlet_count":0,"master_deck":["Defend_B+1","Defend_B","Zap+1","Dualcast+1","Coolheaded","Blizzard","Doom and Gloom+1","Cold Snap","Defragment+1","Chill","Static Discharge","Cold Snap","Electrodynamics","Amplify+1","Blizzard+1","Coolheaded+1","Redo","Buffer","Buffer","Double Energy+1","Regret","Turbo+1","FTL"],"relics":["Cracked Core","Dota2Spire:PhaseBoots","Shuriken","War Paint","Dota2Spire:EchoSabre","Oddly Smooth Stone","Astrolabe","Dota2Spire:PowerTreads","Matryoshka"],"acts_visited":["Exordium","TheCity"],"potions_floor_usage":[],"damage_taken":[{"damage":0,"enemies":"Small Slimes","floor":1,"turns":2},{"damage":5,"enemies":"Cultist","floor":3,"turns":4},{"damage":1,"enemies":"2 Louse","floor":4,"turns":3},{"damage":10,"enemies":"Blue Slaver","floor":5,"turns":3},{"damage":22,"enemies":"Gremlin Nob","floor":7,"turns":4},{"damage":6,"enemies":"3 Sentries","floor":8,"turns":7},{"damage":0,"enemies":"3 Louse","floor":11,"turns":1},{"damage":0,"enemies":"Gremlin Gang","floor":14,"turns":2},{"damage":17,"enemies":"The Guardian","floor":16,"turns":9},{"damage":14,"enemies":"2 Thieves","floor":18,"turns":4},{"damage":0,"enemies":"Spheric Guardian","floor":19,"turns":6},{"damage":31,"enemies":"Slavers","floor":24,"turns":3},{"damage":9,"enemies":"Snecko","floor":25,"turns":6},{"damage":23,"enemies":"Book of Stabbing","floor":27,"turns":5}],"seed_played":"4235540220831508736","potions_obtained":[{"floor":1,"key":"Energy Potion"},{"floor":3,"key":"Swift Potion"},{"floor":5,"key":"FearPotion"},{"floor":19,"key":"DistilledChaos"}],"is_trial":false,"path_per_floor":["M","?","M","M","M","R","E","?","T","R","M","R","$","M","R","B",null,"M","M","?","$","?","R","E","M","T","E"],"character_chosen":"DEFECT","items_purchased":["Static Discharge","Oddly Smooth Stone","Double Energy"],"campfire_rested":1,"item_purchase_floors":[13,13,21],"current_hp_per_floor":[75,75,70,69,59,59,37,31,31,31,31,31,31,31,53,36,75,61,61,61,61,61,61,30,21,21,0,0],"gold":341,"neow_bonus":"RANDOM_COMMON_RELIC","is_daily":false,"chose_seed":false,"campfire_upgraded":4,"win_rate":0.0,"timestamp":1609837055,"path_taken":["M","?","?","?","M","R","E","?","T","R","M","R","$","M","R","BOSS","M","M","?","$","?","R","E","M","T","E"],"items_purchased_type":["Card","Relic","Card"],"build_version":"2020-12-22","purchased_purges":2,"victory":false,"max_hp_per_floor":[75,75,75,75,75,75,75,75,75,75,75,75,75,75,75,75,75,75,75,75,75,75,75,75,75,75,75,75],"card_choices":[{"not_picked":["Streamline","Reprogram"],"picked":"Coolheaded","floor":1},{"not_picked":["Genetic Algorithm","Static Discharge"],"picked":"Blizzard","floor":3},{"not_picked":["Rebound","Barrage","Gash"],"picked":"SKIP","floor":4},{"not_picked":["Go for the Eyes","Coolheaded"],"picked":"Doom and Gloom","floor":5},{"not_picked":["Melter","Go for the Eyes"],"picked":"Cold Snap","floor":7},{"not_picked":["Go for the Eyes","Compile Driver"],"picked":"Defragment","floor":8},{"not_picked":["Hologram","Steam Power"],"picked":"Chill","floor":11},{"not_picked":["Self Repair","Coolheaded"],"picked":"Cold Snap","floor":14},{"not_picked":["Reboot","Hyperbeam"],"picked":"Electrodynamics","floor":16},{"not_picked":["Conserve Battery","Stack"],"picked":"Redo","floor":18},{"not_picked":["Redo","Chaos+1"],"picked":"Buffer","floor":19},{"not_picked":["Sweeping Beam+1","Loop"],"picked":"Turbo+1","floor":24},{"not_picked":["Steam+1","Barrage+1"],"picked":"FTL","floor":25}],"player_experience":135682,"relics_obtained":[{"floor":7,"key":"Shuriken"},{"floor":8,"key":"War Paint"},{"floor":9,"key":"Dota2Spire:EchoSabre"},{"floor":24,"key":"Dota2Spire:PowerTreads"},{"floor":26,"key":"Matryoshka"}],"event_choices":[{"cards_removed":["Strike_B"],"damage_healed":0,"gold_gain":0,"player_choice":"Card Removal","damage_taken":0,"max_hp_gain":0,"max_hp_loss":0,"event_name":"Wheel of Change","floor":2,"gold_loss":0},{"damage_healed":0,"gold_gain":30,"player_choice":"Searched \u00272\u0027 times","damage_taken":0,"max_hp_gain":0,"max_hp_loss":0,"event_name":"Dead Adventurer","floor":8,"gold_loss":0},{"damage_healed":0,"gold_gain":0,"player_choice":"Copied","damage_taken":0,"max_hp_gain":0,"max_hp_loss":0,"event_name":"Duplicator","floor":20,"gold_loss":0,"cards_obtained":["Buffer"]},{"damage_healed":0,"gold_gain":275,"player_choice":"Desecrate","damage_taken":0,"max_hp_gain":0,"max_hp_loss":0,"event_name":"Golden Shrine","floor":22,"gold_loss":0,"cards_obtained":["Regret"]}],"is_beta":false,"boss_relics":[{"not_picked":["Calling Bell","Coffee Dripper"],"picked":"Astrolabe"}],"items_purged_floors":[13,21],"is_endless":false,"potions_floor_spawned":[1,3,5,7,19,24],"killed_by":"Book of Stabbing","ascension_level":0}}