{"host":"h4lp0eeso8a0ssq0","time":1609807476,"event":{"mods":["2.2 Compatiblity","AchievementEnabler","BaseMod","CapriCore","Colored Map","Minty Spire (QoL Compilation)","StSLib","SuperFastMode"],"gold_per_floor":[115,115,135,151,76,76,112,112,112,187,522,542,542,155,155,278,278,299,224,224,68,91,124,124,160,160,160,203,203,203,223,223,346,346,371,434,434,454,479,520,520,535,535,535,575,588,632,655,655,655,655,655,63,98,98],"floor_reached":56,"playtime":2571,"items_purged":["Strike_R","Injury","Second Wind"],"score":1651,"play_id":"45a1a622-50a4-46fd-90f1-31d48bbcbd37","local_time":"20210105094436","is_ascension_mode":false,"campfire_choices":[{"data":"Second Wind","floor":6.0,"key":"SMITH"},{"data":"Corruption","floor":8.0,"key":"SMITH"},{"data":"Strike_R","floor":15.0,"key":"PURGE"},{"data":"Barricade","floor":27.0,"key":"SMITH"},{"data":"Juggernaut","floor":30.0,"key":"SMITH"},{"floor":32.0,"key":"RECALL"},{"data":"Demon Form","floor":41.0,"key":"SMITH"},{"data":"Defend_R","floor":44.0,"key":"PURGE"},{"data":"Burning Pact","floor":49.0,"key":"SMITH"},{"data":"Shockwave","floor":52,"key":"SMITH"}],"circlet_count":0,"master_deck":["Second Wind+1","Wild Strike","Corruption+1","Shockwave+1","Spot Weakness","Barricade+1","Burning Pact+1","Demon Form+1","Thunderclap+1","Juggernaut+1","Entrench","Pommel Strike+1","Impervious","Feed+1","Battle Trance+1","Berserk+1","Second Wind+1","Rage","Body Slam+1","Shockwave+1","Impervious"],"relics":["Burning Blood","Dead Branch","Golden Idol","Eternal Feather","Mummified Hand","Old Coin","Molten Egg 2","Peace Pipe","Sozu","Centennial Puzzle","Blue Candle","Sundial","Astrolabe","TungstenRod","InkBottle","Gremlin Horn","Orichalcum","Happy Flower","ClockworkSouvenir","Bronze Scales","Strawberry","Letter Opener"],"acts_visited":["Exordium","TheCity","TheBeyond","TheEnding"],"potions_floor_usage":[55,55],"damage_taken":[{"damage":8.0,"enemies":"2 Louse","floor":1.0,"turns":3.0},{"damage":8.0,"enemies":"Jaw Worm","floor":3.0,"turns":6.0},{"damage":0.0,"enemies":"Small Slimes","floor":4.0,"turns":5.0},{"damage":26.0,"enemies":"3 Sentries","floor":7.0,"turns":6.0},{"damage":12.0,"enemies":"Gremlin Nob","floor":11.0,"turns":4.0},{"damage":0.0,"enemies":"2 Fungi Beasts","floor":12.0,"turns":3.0},{"damage":0.0,"enemies":"Slime Boss","floor":16.0,"turns":4.0},{"damage":0.0,"enemies":"Shell Parasite","floor":18.0,"turns":4.0},{"damage":15.0,"enemies":"2 Thieves","floor":22.0,"turns":3.0},{"damage":9.0,"enemies":"Book of Stabbing","floor":23.0,"turns":3.0},{"damage":5.0,"enemies":"Slavers","floor":25.0,"turns":3.0},{"damage":8.0,"enemies":"Book of Stabbing","floor":28.0,"turns":4.0},{"damage":4.0,"enemies":"Centurion and Healer","floor":31.0,"turns":3.0},{"damage":0.0,"enemies":"Automaton","floor":33.0,"turns":5.0},{"damage":0.0,"enemies":"3 Shapes","floor":35.0,"turns":5.0},{"damage":0.0,"enemies":"Mind Bloom Boss Battle","floor":36.0,"turns":4.0},{"damage":0.0,"enemies":"Orb Walker","floor":38.0,"turns":3.0},{"damage":6.0,"enemies":"Writhing Mass","floor":39.0,"turns":3.0},{"damage":13.0,"enemies":"Nemesis","floor":40.0,"turns":6.0},{"damage":5.0,"enemies":"Maw","floor":42.0,"turns":6.0},{"damage":0.0,"enemies":"Giant Head","floor":45.0,"turns":3.0},{"damage":9.0,"enemies":"Jaw Worm Horde","floor":46.0,"turns":4.0},{"damage":13.0,"enemies":"Reptomancer","floor":47.0,"turns":3.0},{"damage":12.0,"enemies":"Writhing Mass","floor":48.0,"turns":2.0},{"damage":8,"enemies":"Awakened One","floor":50,"turns":7},{"damage":0,"enemies":"Shield and Spear","floor":54,"turns":2},{"damage":30,"enemies":"The Heart","floor":55,"turns":7}],"seed_played":"-2900622930804180156","potions_obtained":[{"floor":1.0,"key":"PowerPotion"},{"floor":7.0,"key":"Dexterity Potion"},{"floor":11.0,"key":"LiquidBronze"}],"is_trial":false,"path_per_floor":["M","?","M","M","$","R","E","R","T","?","E","M","T","$","R","B",null,"M","?","?","$","M","E","?","E","T","R","E","?","R","M","R","B",null,"M","?","?","M","M","E","R","M","T","R","E","M","E","M","R","B",null,"R","$","E","B",null],"character_chosen":"IRONCLAD","items_purchased":["Peace Pipe","Juggernaut","ClockworkSouvenir","Bronze Scales","Strawberry"],"campfire_rested":0,"item_purchase_floors":[14,21,53,53,53],"current_hp_per_floor":[70,70,68,72,72,72,52,58,58,47,41,47,47,47,56,62,72,72,72,72,72,63,60,60,61,61,70,68,68,72,72,72,72,72,72,76,76,76,76,73,80,84,84,84,84,85,82,76,88,90,96,96,103,107,83],"gold":98,"neow_bonus":"ONE_RARE_RELIC","is_daily":false,"chose_seed":false,"campfire_upgraded":7,"win_rate":0.0,"timestamp":1609807476,"path_taken":["M","?","M","M","$","R","E","R","T","?","E","M","?","$","R","BOSS","M","?","?","$","?","E","?","E","T","R","E","?","R","M","R","BOSS","M","?","?","M","M","E","R","M","T","R","E","M","E","M","R","BOSS","R","$","E","BOSS"],"items_purchased_type":["Relic","Card","Relic","Relic","Relic"],"build_version":"2020-12-22","purchased_purges":3,"victory":true,"max_hp_per_floor":[72,72,72,72,72,72,72,72,72,72,72,72,72,72,72,72,72,72,72,72,72,72,72,72,72,72,72,72,72,72,72,72,72,72,72,76,76,76,76,80,80,84,84,84,84,88,92,92,92,96,96,96,103,107,107],"card_choices":[{"not_picked":["Iron Wave","Pommel Strike"],"picked":"Second Wind","floor":1.0},{"not_picked":["Warcry","Armaments"],"picked":"Second Wind","floor":3.0},{"not_picked":["Havoc","Anger"],"picked":"Wild Strike","floor":4.0},{"not_picked":["Power Through","Rupture"],"picked":"Corruption","floor":7.0},{"not_picked":["Flex","Pommel Strike"],"picked":"Shockwave","floor":11.0},{"not_picked":["Wild Strike","Twin Strike"],"picked":"Spot Weakness","floor":12.0},{"not_picked":["Juggernaut","Bludgeon+1"],"picked":"Barricade","floor":16.0},{"not_picked":["Seeing Red","Thunderclap+1"],"picked":"Burning Pact","floor":18.0},{"not_picked":["Iron Wave+1","Blood for Blood+1"],"picked":"Entrench","floor":22.0},{"not_picked":["Headbutt+1","Limit Break","Armaments+1"],"picked":"SKIP","floor":23.0},{"not_picked":["Dual Wield+1","Seeing Red+1","Iron Wave+1"],"picked":"SKIP","floor":25.0},{"not_picked":["Seeing Red","Infernal Blade"],"picked":"Pommel Strike+1","floor":28.0},{"not_picked":["Thunderclap+1","Heavy Blade+1","Armaments"],"picked":"SKIP","floor":31.0},{"not_picked":["Feed+1","Corruption"],"picked":"Impervious","floor":33.0},{"not_picked":["Seeing Red","Evolve+1"],"picked":"Second Wind+1","floor":35.0},{"not_picked":["Flex","Heavy Blade+1","Metallicize+1"],"picked":"SKIP","floor":38.0},{"not_picked":["Sword Boomerang+1","Combust","Clash+1"],"picked":"SKIP","floor":39.0},{"not_picked":["Cleave+1","Dual Wield+1"],"picked":"Rage","floor":40.0},{"not_picked":["Flex+1","Clothesline+1"],"picked":"Body Slam+1","floor":42.0},{"not_picked":["Warcry","Seeing Red"],"picked":"Shockwave+1","floor":45.0},{"not_picked":["Blood for Blood+1","Armaments+1","Carnage+1"],"picked":"SKIP","floor":46.0},{"not_picked":["Warcry+1","Feed+1","Spot Weakness"],"picked":"SKIP","floor":47.0},{"not_picked":["Metallicize","Blood for Blood+1","Rage"],"picked":"SKIP","floor":48.0},{"not_picked":["Second Wind","Rage"],"picked":"Impervious","floor":54}],"player_experience":55914,"relics_obtained":[{"floor":7.0,"key":"Eternal Feather"},{"floor":9.0,"key":"Mummified Hand"},{"floor":11.0,"key":"Old Coin"},{"floor":13.0,"key":"Molten Egg 2"},{"floor":23.0,"key":"Centennial Puzzle"},{"floor":25.0,"key":"Blue Candle"},{"floor":28.0,"key":"Sundial"},{"floor":36.0,"key":"TungstenRod"},{"floor":40.0,"key":"InkBottle"},{"floor":43.0,"key":"Gremlin Horn"},{"floor":45.0,"key":"Orichalcum"},{"floor":47.0,"key":"Happy Flower"},{"floor":54,"key":"Letter Opener"}],"event_choices":[{"damage_healed":0.0,"max_hp_gain":0.0,"max_hp_loss":0.0,"gold_gain":0.0,"event_name":"Golden Idol","player_choice":"Take Wound","floor":2.0,"gold_loss":0.0,"damage_taken":0.0,"relics_obtained":["Golden Idol"],"cards_obtained":["Injury"]},{"damage_healed":0.0,"max_hp_gain":0.0,"max_hp_loss":0.0,"gold_gain":75.0,"event_name":"World of Goop","player_choice":"Gather Gold","floor":10.0,"gold_loss":0.0,"damage_taken":11.0},{"cards_removed":["Strike_R"],"damage_healed":0.0,"max_hp_gain":0.0,"max_hp_loss":0.0,"gold_gain":0.0,"event_name":"Beggar","player_choice":"Gave Gold","floor":19.0,"gold_loss":75.0,"damage_taken":0.0},{"damage_healed":0.0,"max_hp_gain":0.0,"max_hp_loss":0.0,"gold_gain":0.0,"cards_transformed":["Strike_R","Strike_R"],"event_name":"Drug Dealer","player_choice":"Became Test Subject","floor":20.0,"gold_loss":0.0,"damage_taken":0.0,"cards_obtained":["Demon Form","Thunderclap"]},{"damage_healed":0.0,"max_hp_gain":0.0,"max_hp_loss":0.0,"gold_gain":0.0,"event_name":"Cursed Tome","player_choice":"Ignored","floor":24.0,"gold_loss":0.0,"damage_taken":0.0},{"cards_removed":["Defend_R"],"damage_healed":0.0,"max_hp_gain":0.0,"max_hp_loss":0.0,"gold_gain":0.0,"event_name":"Back to Basics","player_choice":"Elegance","floor":29.0,"gold_loss":0.0,"damage_taken":0.0},{"damage_healed":0.0,"max_hp_gain":0.0,"max_hp_loss":0.0,"gold_gain":0.0,"event_name":"MindBloom","player_choice":"Fight","floor":36.0,"gold_loss":0.0,"damage_taken":0.0},{"damage_healed":0.0,"max_hp_gain":0.0,"max_hp_loss":0.0,"gold_gain":0.0,"event_name":"SensoryStone","player_choice":"Memory 1","floor":37.0,"gold_loss":0.0,"damage_taken":0.0}],"is_beta":false,"boss_relics":[{"not_picked":["Fusion Hammer","SlaversCollar"],"picked":"Sozu"},{"not_picked":["Velvet Choker","Runic Dome"],"picked":"Astrolabe"}],"items_purged_floors":[5,14,53],"is_endless":false,"potions_floor_spawned":[1,7,11,18,22,25,31,35,36,39,45,47,54],"ascension_level":0}}