{"host":"egwexuw5uvnxf11j","time":1609817867,"event":{"mods":["2.2 Compatiblity","Aspiration","BaseMod","Better Altar","Better Note","Better Sensory Stone","Better Third Choice","Displayed Cursed Tome","Downfall","Hermit","Key Reminder","Koishi","Marisa????????","Minty Spire (QoL Compilation)","Quick Restart","Shade Mod","Spicy Shops","StSLib","The Construct","The Cursed","The Hierophant","The Runesmith","The Senshi","The Servant 0.9.4","Transform Curses"],"gold_per_floor":[111,130,130,142,155,188,188,228,228,121,159,185,223,248,248,352,352,379,405,427,66,46,46,67,96,96,116,157,9,9,9,9,123,123,148,170,196,216,17,17,54,73,82,100,109,131,131,131],"floor_reached":47,"playtime":2051,"items_purged":[],"score":613,"play_id":"3870ebd0-9c0d-496b-a768-33a28177b760","local_time":"20210104223747","is_ascension_mode":true,"campfire_choices":[{"floor":7,"key":"REST"},{"floor":15,"key":"REST"},{"floor":23,"key":"REST"},{"floor":30,"key":"REST"},{"floor":32,"key":"REST"},{"floor":40,"key":"RECALL"}],"circlet_count":0,"master_deck":["Strike_B","Strike_B","Strike_B","Strike_B","Defend_B","Defend_B","Defend_B","Defend_B","Zap","Dualcast","Static Discharge+1","Chill","Conserve Battery","Barrage","Blizzard","Sweeping Beam","Cold Snap","Leap","Chill","All For One","Self Repair","Electrodynamics","Go for the Eyes+1","Ball Lightning","Redo+1","Static Discharge","Lockon","Sweeping Beam","Rebound","Gash+1","Barrage+1","Fission","Coolheaded+1","Ball Lightning+1","Redo+1","Gash","Conserve Battery","Loop","Writhe","Mind Blast","Swift Strike","Clumsy","Melter+1"],"relics":["Cracked Core","Akabeko","CeramicFish","Letter Opener","ClockworkSouvenir","TungstenRod","construct:FoamFinger","aspiration:MobileForge","Runesmith:Nanobots","Torii","Membership Card","Cursed Key","aspiration:FaultyCoupler","HandDrill","Shuriken","Kunai","Singing Bowl"],"acts_visited":["Exordium","TheCity","TheBeyond"],"potions_floor_usage":[6,8,13,24,33,33],"damage_taken":[{"damage":1,"enemies":"Cultist","floor":1,"turns":3},{"damage":10,"enemies":"Small Slimes","floor":2,"turns":2},{"damage":3,"enemies":"2 Louse","floor":4,"turns":3},{"damage":8,"enemies":"Exordium Wildlife","floor":5,"turns":5},{"damage":8,"enemies":"3 Sentries","floor":6,"turns":7},{"damage":19,"enemies":"Lagavulin","floor":8,"turns":5},{"damage":18,"enemies":"3 Sentries","floor":11,"turns":5},{"damage":5,"enemies":"Lots of Slimes","floor":12,"turns":2},{"damage":10,"enemies":"Lagavulin","floor":13,"turns":4},{"damage":2,"enemies":"Gremlin Gang","floor":14,"turns":5},{"damage":16,"enemies":"The Guardian","floor":16,"turns":9},{"damage":10,"enemies":"2 Thieves","floor":18,"turns":3},{"damage":8,"enemies":"Shell Parasite","floor":19,"turns":6},{"damage":8,"enemies":"Snecko","floor":20,"turns":4},{"damage":4,"enemies":"Snake Plant","floor":24,"turns":2},{"damage":11,"enemies":"Sentry and Sphere","floor":25,"turns":5},{"damage":10,"enemies":"Centurion and Healer","floor":27,"turns":3},{"damage":46,"enemies":"Book of Stabbing","floor":28,"turns":3},{"damage":49,"enemies":"Automaton","floor":33,"turns":9},{"damage":0,"enemies":"Orb Walker","floor":35,"turns":2},{"damage":0,"enemies":"3 Darklings","floor":36,"turns":3},{"damage":4,"enemies":"4 Shapes","floor":37,"turns":3},{"damage":12,"enemies":"Writhing Mass","floor":38,"turns":5},{"damage":35,"enemies":"Nemesis","floor":41,"turns":5},{"damage":14,"enemies":"Jaw Worm Horde","floor":42,"turns":3},{"damage":26,"enemies":"Maw","floor":46,"turns":4},{"damage":31,"enemies":"Transient","floor":47,"turns":5}],"seed_played":"-7958545923177972126","potions_obtained":[{"floor":1,"key":"LiquidMemories"},{"floor":5,"key":"SkillPotion"},{"floor":11,"key":"DuplicationPotion"},{"floor":12,"key":"SteroidPotion"},{"floor":18,"key":"sneckomod:MuddlingPotion"},{"floor":22,"key":"hexamod:EctoCoolerPotion"},{"floor":27,"key":"champ:CounterPotion"},{"floor":28,"key":"Explosive Potion"},{"floor":35,"key":"Strength Potion"}],"is_trial":false,"path_per_floor":["M","M","?","M","M","E","R","E","T","$","E","M","E","M","R","B",null,"M","M","M","$","?","R","M","M","T","M","E","$","R","?","R","B",null,"M","M","M","M","$","R","E","M","T","?","T","M","M"],"character_chosen":"DEFECT","items_purchased":["Cold Snap","ClockworkSouvenir","Static Discharge","Runesmith:Nanobots","Lockon","Membership Card","aspiration:FaultyCoupler","HandDrill"],"campfire_rested":5,"item_purchase_floors":[10,10,21,21,21,29,39,39],"current_hp_per_floor":[81,71,71,68,60,52,76,57,57,57,39,34,24,22,46,37,82,72,74,66,66,66,82,78,74,74,64,25,25,49,49,73,24,82,82,82,82,77,77,77,49,42,42,42,42,23,0,0],"gold":131,"neow_bonus":"TEN_PERCENT_HP_BONUS","is_daily":false,"chose_seed":false,"campfire_upgraded":0,"win_rate":0.0,"timestamp":1609817867,"path_taken":["M","?","?","?","M","E","R","E","T","$","E","M","E","M","R","BOSS","M","M","M","$","?","R","M","?","T","M","E","$","R","?","R","BOSS","M","M","M","M","$","R","E","M","T","?","?","?","?"],"items_purchased_type":["Card","Relic","Card","Relic","Card","Relic","Relic","Relic"],"build_version":"2020-12-22","purchased_purges":0,"victory":false,"max_hp_per_floor":[82,82,82,82,82,82,82,82,82,82,82,82,82,82,82,82,82,82,82,82,82,82,82,82,82,82,82,82,82,82,82,82,82,82,82,82,82,82,82,82,82,82,82,82,82,82,82,82],"card_choices":[{"not_picked":["Chaos","Streamline"],"picked":"Static Discharge","floor":1},{"not_picked":["Turbo","Ball Lightning"],"picked":"Chill","floor":2},{"not_picked":["Hologram","Sweeping Beam"],"picked":"Conserve Battery","floor":4},{"not_picked":["Stack","Sweeping Beam"],"picked":"Barrage","floor":5},{"not_picked":["Beam Cell","Loop"],"picked":"Blizzard","floor":6},{"not_picked":["Scrape","Beam Cell"],"picked":"Sweeping Beam","floor":8},{"not_picked":["Genetic Algorithm","Stack"],"picked":"Leap","floor":11},{"not_picked":["Gash","Rebound"],"picked":"Chill","floor":12},{"not_picked":["Steam Power","Leap"],"picked":"All For One","floor":13},{"not_picked":["Tempest","Streamline"],"picked":"Self Repair","floor":14},{"not_picked":["Hyperbeam","Rainbow"],"picked":"Electrodynamics","floor":16},{"not_picked":["Streamline","Hologram"],"picked":"Go for the Eyes+1","floor":18},{"not_picked":["Stack","Steam+1"],"picked":"Ball Lightning","floor":19},{"not_picked":["Stack","Compile Driver+1"],"picked":"Redo+1","floor":20},{"not_picked":["Compile Driver","Meteor Strike"],"picked":"Sweeping Beam","floor":24},{"not_picked":["Force Field","Compile Driver"],"picked":"Rebound","floor":25},{"not_picked":["Fusion","Hologram+1"],"picked":"Gash+1","floor":27},{"not_picked":["Rebound","Hologram"],"picked":"Barrage+1","floor":28},{"not_picked":["Creative AI","Machine Learning"],"picked":"Fission","floor":33},{"not_picked":["Undo","Stack+1"],"picked":"Coolheaded+1","floor":35},{"not_picked":["Darkness","Go for the Eyes+1"],"picked":"Ball Lightning+1","floor":36},{"not_picked":["Sweeping Beam","Compile Driver"],"picked":"Redo+1","floor":37},{"not_picked":["Skim","Leap+1"],"picked":"Gash","floor":38},{"not_picked":["Redo","Fission"],"picked":"Conserve Battery","floor":41},{"not_picked":["Rebound","Steam"],"picked":"Loop","floor":42},{"not_picked":["expansioncontent:SuperHexaguard","expansioncontent:AwakenDeath"],"picked":"Mind Blast","floor":44},{"not_picked":["expansioncontent:GuardianWhirl","expansioncontent:FaceSlap"],"picked":"Swift Strike","floor":44},{"not_picked":["Coolheaded","Aggregate"],"picked":"Melter+1","floor":46}],"player_experience":2141179,"relics_obtained":[{"floor":6,"key":"Akabeko"},{"floor":8,"key":"CeramicFish"},{"floor":9,"key":"Letter Opener"},{"floor":11,"key":"TungstenRod"},{"floor":13,"key":"construct:FoamFinger"},{"floor":28,"key":"Torii"},{"floor":41,"key":"Shuriken"},{"floor":43,"key":"Kunai"},{"floor":45,"key":"Singing Bowl"}],"event_choices":[{"damage_healed":0,"gold_gain":0,"player_choice":"Upgraded","damage_taken":0,"max_hp_gain":0,"max_hp_loss":0,"event_name":"Upgrade Shrine","floor":3,"gold_loss":0,"cards_upgraded":["Static Discharge"]},{"damage_healed":0,"gold_gain":0,"player_choice":"Bought 1 Potion","damage_taken":0,"max_hp_gain":0,"max_hp_loss":0,"event_name":"The Woman in Blue","floor":22,"gold_loss":0},{"damage_healed":0,"gold_gain":0,"player_choice":"Ignored","damage_taken":0,"max_hp_gain":0,"max_hp_loss":0,"event_name":"Ghosts","floor":31,"gold_loss":0},{"damage_healed":0,"gold_gain":3,"player_choice":"1","damage_taken":0,"max_hp_gain":0,"max_hp_loss":0,"event_name":"betterStone:BetterStone","floor":44,"gold_loss":0}],"is_beta":false,"boss_relics":[{"not_picked":["aspiration:RunicSpoon","FrozenCore"],"picked":"aspiration:MobileForge"},{"not_picked":["aspiration:PoetsPen_weak","Runesmith:UraniumAnvil"],"picked":"Cursed Key"}],"items_purged_floors":[],"is_endless":false,"potions_floor_spawned":[1,5,11,12,18,24,27,28,35],"killed_by":"Transient","ascension_level":3}}