{"host":"yknvfbbdiwou5sqc","time":1609842165,"event":{"mods":["AchievementEnabler","BaseMod","Colored Map","Colored Powertips","DeckTracker","Minty Spire (QoL Compilation)","Relic Sorter","SuperFastMode"],"gold_per_floor":[110,110,130,145,70,81,11,11,11,11,11,31,31,31,31,133,133,153,53,63,63,63],"floor_reached":21,"playtime":849,"items_purged":["Defend_P","Defend_P"],"score":169,"play_id":"85f33c50-5a59-492f-a430-deffcf1372b8","local_time":"20210105122245","is_ascension_mode":false,"campfire_choices":[{"floor":8.0,"key":"REST"},{"floor":11.0,"key":"REST"},{"data":"Eruption","floor":13.0,"key":"SMITH"},{"floor":15.0,"key":"REST"}],"circlet_count":0,"master_deck":["Strike_P","Strike_P","Defend_P","Defend_P","Eruption+1","Vigilance","Adaptation","Adaptation"],"relics":["PureWater"],"acts_visited":["Exordium","TheCity"],"potions_floor_usage":[16,16,16],"damage_taken":[{"damage":15.0,"enemies":"Cultist","floor":1.0,"turns":5.0},{"damage":3.0,"enemies":"Small Slimes","floor":3.0,"turns":4.0},{"damage":8.0,"enemies":"Jaw Worm","floor":4.0,"turns":5.0},{"damage":11.0,"enemies":"Blue Slaver","floor":6.0,"turns":3.0},{"damage":20.0,"enemies":"Red Slaver","floor":12.0,"turns":5.0},{"damage":28,"enemies":"Slime Boss","floor":16,"turns":12},{"damage":18,"enemies":"Chosen","floor":18,"turns":5},{"damage":37,"enemies":"Spheric Guardian","floor":20,"turns":4},{"damage":22,"enemies":"Cultist and Chosen","floor":21,"turns":2}],"seed_played":"4885778153340877096","potions_obtained":[{"floor":1.0,"key":"SteroidPotion"},{"floor":3.0,"key":"StancePotion"},{"floor":6.0,"key":"Ancient Potion"},{"floor":12.0,"key":"LiquidMemories"},{"floor":20,"key":"AttackPotion"}],"is_trial":false,"path_per_floor":["M","T","M","M","$","M","$","R","T","?","R","M","R","$","R","B",null,"M","$","M","M"],"character_chosen":"WATCHER","items_purchased":["Adaptation"],"campfire_rested":3,"item_purchase_floors":[7],"current_hp_per_floor":[36,36,33,25,25,14,14,35,35,35,56,36,36,36,57,29,72,54,54,17,0,0],"gold":63,"neow_bonus":"REMOVE_TWO","is_daily":false,"chose_seed":false,"campfire_upgraded":1,"win_rate":0.0,"timestamp":1609842165,"path_taken":["M","?","?","M","?","M","$","R","T","?","R","M","R","$","R","BOSS","M","$","M","M"],"items_purchased_type":["Card"],"build_version":"2020-12-22","purchased_purges":2,"victory":false,"max_hp_per_floor":[72,72,72,72,72,72,72,72,72,72,72,72,72,72,72,72,72,72,72,72,72,72],"card_choices":[{"not_picked":["Vengeance","Halt","JustLucky"],"picked":"SKIP","floor":1.0},{"not_picked":["ThirdEye","ReachHeaven","SignatureMove"],"picked":"SKIP","floor":3.0},{"not_picked":["WheelKick","Protect"],"picked":"Adaptation","floor":4.0},{"not_picked":["PathToVictory","Swivel","EmptyFist"],"picked":"SKIP","floor":6.0},{"not_picked":["Indignation","EmptyMind","Consecrate"],"picked":"SKIP","floor":12.0},{"not_picked":["Wireheading","InnerPeace+1","BowlingBash"],"picked":"SKIP","floor":18},{"not_picked":["SignatureMove","SashWhip","PathToVictory"],"picked":"SKIP","floor":20}],"player_experience":155200,"relics_obtained":[],"event_choices":[{"damage_healed":0.0,"max_hp_gain":0.0,"max_hp_loss":0.0,"gold_gain":0.0,"event_name":"Liars Game","player_choice":"Ignored","floor":10.0,"gold_loss":0.0,"damage_taken":0.0}],"is_beta":false,"boss_relics":[{"not_picked":["VioletLotus","Velvet Choker","Runic Dome"]}],"items_purged_floors":[5,19],"is_endless":false,"potions_floor_spawned":[1,3,6,12,20],"killed_by":"Cultist and Chosen","ascension_level":0}}