{"host":"dmdprxj8bosbz96f","time":1609888375,"event":{"mods":["AchievementEnabler","BaseMod","Colored Map","DeckTracker","Minty Spire (QoL Compilation)","Quick Restart","SuperFastMode","everything is the same but u backflip on backflip"],"gold_per_floor":[115,115,65,65,140,140,159,159,234,234,246,246,263,282,282,380,380,390,28,28,28,28,55,55,67,90,90,100,100,100],"floor_reached":29,"playtime":603,"items_purged":[],"score":266,"play_id":"2bacfa34-df41-4bef-98f1-1dae5365b5c4","local_time":"20210106081255","is_ascension_mode":true,"campfire_choices":[{"data":"Heavy Blade","floor":6,"key":"SMITH"},{"data":"Bash","floor":8,"key":"SMITH"},{"data":"Twin Strike","floor":10,"key":"SMITH"},{"floor":12,"key":"REST"},{"floor":15,"key":"REST"},{"data":"Intimidate","floor":24,"key":"SMITH"},{"floor":27,"key":"REST"}],"circlet_count":0,"master_deck":["Strike_R+1","Strike_R","Strike_R","Strike_R","Strike_R+1","Defend_R","Defend_R","Bash+1","Heavy Blade+1","Twin Strike+1","Pommel Strike","Twin Strike","Shrug It Off","Impervious","Flex","Armaments","Intimidate+1","Perfected Strike","Headbutt"],"relics":["SlaversCollar","Question Card","Mark of Pain","Sundial","Pantograph","StoneCalendar","Ginger","Bronze Scales"],"acts_visited":["Exordium","TheCity"],"potions_floor_usage":[13],"damage_taken":[{"damage":11.0,"enemies":"Cultist","floor":1.0,"turns":4.0},{"damage":2,"enemies":"Jaw Worm","floor":7,"turns":3},{"damage":14,"enemies":"2 Louse","floor":11,"turns":2},{"damage":18,"enemies":"Large Slime","floor":13,"turns":4},{"damage":16,"enemies":"Blue Slaver","floor":14,"turns":3},{"damage":18,"enemies":"Slime Boss","floor":16,"turns":8},{"damage":17,"enemies":"2 Thieves","floor":18,"turns":4},{"damage":40,"enemies":"Book of Stabbing","floor":23,"turns":5},{"damage":12,"enemies":"3 Byrds","floor":25,"turns":6},{"damage":18,"enemies":"Centurion and Healer","floor":28,"turns":7},{"damage":18,"enemies":"Snecko","floor":29,"turns":2}],"seed_played":"3175325155702245181","potions_obtained":[{"floor":7,"key":"EssenceOfSteel"}],"is_trial":false,"path_per_floor":["M","?","?","?","?","R","M","R","T","R","M","R","M","M","R","B",null,"M","$","?","?","T","E","R","M","T","R","M","M"],"character_chosen":"IRONCLAD","items_purchased":["Flex","Armaments","Sundial"],"campfire_rested":3,"item_purchase_floors":[19,19,19],"current_hp_per_floor":[69,69,69,53,42,42,40,40,40,40,26,50,32,16,40,22,80,63,63,63,63,63,23,23,11,11,35,17,0,0],"gold":100,"neow_bonus":"BOSS_RELIC","is_daily":false,"chose_seed":false,"campfire_upgraded":4,"win_rate":0.0,"timestamp":1609888375,"path_taken":["M","?","?","?","?","R","?","R","T","R","M","R","M","M","R","BOSS","M","$","?","?","?","E","R","M","T","R","M","?"],"items_purchased_type":["Card","Card","Relic"],"build_version":"2020-12-22","purchased_purges":0,"victory":false,"max_hp_per_floor":[80,80,80,80,80,80,80,80,80,80,80,80,80,80,80,80,80,80,80,80,80,80,80,80,80,80,80,80,80,80],"card_choices":[{"not_picked":["Clothesline","Armaments"],"picked":"Heavy Blade","floor":1.0},{"not_picked":["Armaments","Evolve"],"picked":"Twin Strike","floor":7},{"not_picked":["Sword Boomerang","Cleave","Headbutt"],"picked":"Pommel Strike","floor":11},{"not_picked":["True Grit","Reckless Charge","Dark Embrace"],"picked":"Twin Strike","floor":13},{"not_picked":["Combust","Pummel","Blood for Blood"],"picked":"Shrug It Off","floor":14},{"not_picked":["Juggernaut","Reaper","Exhume"],"picked":"Impervious","floor":16},{"not_picked":["Havoc","Sword Boomerang","True Grit","Reckless Charge"],"picked":"SKIP","floor":18},{"not_picked":["Anger+1","Seeing Red","Hemokinesis"],"picked":"Intimidate","floor":23},{"not_picked":["Feel No Pain","Metallicize","Power Through"],"picked":"Perfected Strike","floor":25},{"not_picked":["Body Slam","Power Through","Havoc"],"picked":"Headbutt","floor":28}],"player_experience":148011,"relics_obtained":[{"floor":9,"key":"Question Card"},{"floor":22,"key":"StoneCalendar"},{"floor":23,"key":"Ginger"},{"floor":26,"key":"Bronze Scales"}],"event_choices":[{"cards_removed":["Defend_R"],"damage_healed":0.0,"max_hp_gain":0.0,"max_hp_loss":0.0,"gold_gain":0.0,"event_name":"Living Wall","player_choice":"Forget","floor":2.0,"gold_loss":0.0,"damage_taken":0.0},{"cards_removed":["Defend_R"],"damage_healed":0,"gold_gain":0,"player_choice":"Card Removal","damage_taken":0,"max_hp_gain":0,"max_hp_loss":0,"event_name":"The Cleric","floor":3,"gold_loss":50},{"damage_healed":0,"gold_gain":0,"player_choice":"Entered Light","damage_taken":16,"max_hp_gain":0,"max_hp_loss":0,"event_name":"Shining Light","floor":4,"gold_loss":0,"cards_upgraded":["Strike_R","Strike_R"]},{"damage_healed":0,"gold_gain":75,"player_choice":"Gather Gold","damage_taken":11,"max_hp_gain":0,"max_hp_loss":0,"event_name":"World of Goop","floor":5,"gold_loss":0},{"damage_healed":0,"gold_gain":0,"player_choice":"Opened","damage_taken":0,"relics_obtained":["Pantograph"],"max_hp_gain":0,"max_hp_loss":0,"event_name":"The Mausoleum","floor":20,"gold_loss":0},{"damage_healed":0,"gold_gain":0,"player_choice":"Ignored","damage_taken":0,"max_hp_gain":0,"max_hp_loss":0,"event_name":"Ghosts","floor":21,"gold_loss":0}],"is_beta":false,"boss_relics":[{"not_picked":["Coffee Dripper","Pandora\u0027s Box"],"picked":"Mark of Pain"}],"items_purged_floors":[],"is_endless":false,"potions_floor_spawned":[7],"killed_by":"Snecko","ascension_level":3}}