{"host":"kj566mc1j9861y4f","time":1609816742,"event":{"mods":["AchievementEnabler","Act Like it!","BaseMod","Better Altar","Better Note","Better Vampires","BetterRewards","Colored Powertips","Downfall","Hermit","Infinite Spire","Lobotomy","Luminous","Minty Spire (QoL Compilation)","Relic Stats","Replay The Spire","Shade Mod","Shop Mod","Spicy Shops","StSLib","The Blue Laboratory","Uncapped"],"gold_per_floor":[110,126,142,74,84,109,109,138,138,138,138,153,24,38,38,138,238,250,340,340,340],"floor_reached":20,"playtime":945,"items_purged":[],"score":221,"play_id":"01203fbc-0b72-4849-8711-a085bed02134","local_time":"20210104211902","is_ascension_mode":true,"campfire_choices":[{"floor":7.0,"key":"REST"},{"floor":15.0,"key":"REST"}],"circlet_count":0,"master_deck":["Strike_B","Strike_B","Strike_B","Strike_B","Defend_B","Defend_B","Defend_B","Zap","Dualcast+1","OldLady","Conserve Battery","OSAHOGD","Storm","Amplify","Rip and Tear","WallGazer","Ball Lightning","VoidDream","Buffer","QueenOfHatred","Melter+1","ShyLook","Capacitor","Leap","DespairKnight","Sweeping Beam","BeautyBeast","Hyperbeam","Porccubus","Turbo+1"],"relics":["Cracked Core","CogitoBucket","Replay:Bottled Snecko","Du-Vu Doll","Kunai","Lizard Tail","Replay:Grab Bag","Replay:Wanted Poster","Philosopher\u0027s Stone","Ring of Chaos"],"acts_visited":["Exordium","TheCity"],"potions_floor_usage":[],"damage_taken":[{"damage":6.0,"enemies":"Cultist","floor":1.0,"turns":4.0},{"damage":2.0,"enemies":"Small Slimes","floor":2.0,"turns":3.0},{"damage":7.0,"enemies":"Jaw Worm","floor":3.0,"turns":3.0},{"damage":11.0,"enemies":"Red Slaver","floor":5.0,"turns":3.0},{"damage":20.0,"enemies":"Replay:BlueRogue","floor":6.0,"turns":5.0},{"damage":34.0,"enemies":"Gremlin Nob","floor":8.0,"turns":5.0},{"damage":20.0,"enemies":"Exordium Thugs","floor":12.0,"turns":5.0},{"damage":2.0,"enemies":"Looter","floor":14.0,"turns":3.0},{"damage":104,"enemies":"Hexaghost","floor":16,"turns":10},{"damage":34,"enemies":"Spheric Guardian","floor":18,"turns":4},{"damage":29,"enemies":"3 Byrds","floor":20,"turns":2}],"seed_played":"6583274674335473660","potions_obtained":[{"floor":3.0,"key":"Energy Potion"},{"floor":5.0,"key":"FocusPotion"},{"floor":6.0,"key":"Regen Potion"},{"floor":14.0,"key":"blueLaboratory:RememoryPotion"},{"floor":16,"key":"blueLaboratory:HorrorPotion"},{"floor":18,"key":"sneckomod:MuddlingPotion"}],"is_trial":false,"path_per_floor":["M","M","M","$","M","E","R","E","T","?","?","M","$","M","R","B",null,"M","?","M"],"character_chosen":"DEFECT","items_purchased":["Rip and Tear","Lizard Tail","Leap"],"campfire_rested":2,"item_purchase_floors":[4,13,13],"current_hp_per_floor":[69,67,60,60,49,29,51,17,17,17,17,11,11,15,37,1,75,41,23,0,0],"gold":340,"neow_bonus":"","is_daily":false,"chose_seed":false,"campfire_upgraded":0,"win_rate":0.0,"timestamp":1609816742,"path_taken":["M","M","M","$","M","E","R","E","T","?","?","M","$","M","R","BOSS","M","?","M"],"items_purchased_type":["Card","Relic","Card"],"build_version":"2020-12-22","purchased_purges":0,"victory":false,"max_hp_per_floor":[75,75,75,75,75,75,75,75,75,75,75,75,75,75,75,75,75,75,75,75,75],"relic_stats":{"Lizard Tail":74,"counters":[12,48],"Kunai":[2],"obtain_stats":[{"Du-Vu Doll":8,"Replay:Wanted Poster":17,"BackwardClock":12,"CogitoBucket":0,"Lizard Tail":13,"Replay:Grab Bag":17,"Philosopher\u0027s Stone":17,"Ring of Chaos":17,"Replay:Bottled Snecko":6,"Kunai":9,"Cracked Core":0},{"Du-Vu Doll":6,"Replay:Wanted Poster":10,"BackwardClock":8,"CogitoBucket":0,"Lizard Tail":8,"Replay:Grab Bag":10,"Philosopher\u0027s Stone":10,"Ring of Chaos":10,"Replay:Bottled Snecko":5,"Kunai":6,"Cracked Core":0},{"Du-Vu Doll":23,"Replay:Wanted Poster":42,"BackwardClock":29,"CogitoBucket":0,"Lizard Tail":29,"Replay:Grab Bag":42,"Philosopher\u0027s Stone":42,"Ring of Chaos":42,"Replay:Bottled Snecko":18,"Kunai":23,"Cracked Core":0}]},"card_choices":[{"not_picked":["SpiderBud","GreedKing"],"picked":"OldLady","floor":1.0},{"not_picked":["Cold Snap","Barrage"],"picked":"Conserve Battery","floor":1.0},{"not_picked":["WhitesApple","NothingThere"],"picked":"OSAHOGD","floor":2.0},{"not_picked":["Streamline","Conserve Battery"],"picked":"Storm","floor":2.0},{"not_picked":["Murderer","PunishingBird"],"picked":"ShyLook","floor":3.0},{"not_picked":["Steam Power","Streamline"],"picked":"Amplify","floor":3.0},{"not_picked":["Bloodbath","BeautyBeast"],"picked":"WallGazer","floor":5.0},{"not_picked":["Streamline","Coolheaded"],"picked":"Ball Lightning","floor":5.0},{"not_picked":["Bloodbath","Murderer"],"picked":"VoidDream","floor":6.0},{"not_picked":["Sweeping Beam","Undo"],"picked":"Buffer","floor":6.0},{"not_picked":["Wellcheers","LittlePrince"],"picked":"QueenOfHatred","floor":8.0},{"not_picked":["Steam","BootSequence"],"picked":"Melter","floor":8.0},{"not_picked":["Woodsman","UniverseFragment"],"picked":"ShyLook","floor":12.0},{"not_picked":["Sweeping Beam","Redo"],"picked":"Capacitor","floor":12.0},{"not_picked":["Scorched","DreamingCurrent"],"picked":"DespairKnight","floor":14.0},{"not_picked":["Steam","Streamline"],"picked":"Sweeping Beam","floor":14.0},{"not_picked":["Scorched","SingingMachine"],"picked":"BeautyBeast","floor":16},{"not_picked":["Rainbow","Meteor Strike"],"picked":"Hyperbeam","floor":16},{"not_picked":["Bloodbath","Rudolta"],"picked":"Porccubus","floor":18},{"not_picked":["Lockon+1","Scrape"],"picked":"Turbo+1","floor":18}],"player_experience":169788,"relics_obtained":[{"floor":6.0,"key":"Replay:Bottled Snecko"},{"floor":8.0,"key":"Du-Vu Doll"},{"floor":9.0,"key":"Kunai"}],"event_choices":[{"damage_healed":0.0,"max_hp_gain":0.0,"max_hp_loss":0.0,"gold_gain":0.0,"event_name":"Living Wall","player_choice":"Grow","floor":11.0,"gold_loss":0.0,"damage_taken":0.0,"cards_upgraded":["Dualcast"]},{"damage_healed":0,"gold_gain":90,"player_choice":"POTION GOLD ","damage_taken":18,"max_hp_gain":0,"max_hp_loss":0,"event_name":"Knowing Skull","floor":19,"potions_obtained":["FearPotion"],"gold_loss":0,"cards_obtained":[]}],"is_beta":false,"boss_relics":[{"not_picked":["Runic Dome","Fusion Hammer"],"picked":"Replay:Grab Bag"},{"not_picked":["Ectoplasm","Coffee Dripper"],"picked":"Replay:Wanted Poster"},{"not_picked":["Sozu","Painkiller Herb"],"picked":"Philosopher\u0027s Stone"},{"not_picked":["Black Star","Runic Pyramid"],"picked":"Ring of Chaos"}],"items_purged_floors":[],"is_endless":false,"potions_floor_spawned":[3,5,6,8,14,16,18],"killed_by":"3 Byrds","ascension_level":4}}