{"host":"iyinq9z1nwwa1sts","time":1609847243,"event":{"mods":["BaseMod","Colored Map","Downfall","Minty Spire (QoL Compilation)","Replay The Spire","StSLib"],"gold_per_floor":[99,99,99,23,23,36,36,51,51,51,100,114,114,114,114],"floor_reached":13,"playtime":679,"items_purged":[],"score":71,"play_id":"e10e3e98-5a8e-423c-a5ab-ecff9dce361f","local_time":"20210105194723","is_ascension_mode":false,"campfire_choices":[{"floor":1,"key":"RECALL"}],"circlet_count":0,"master_deck":["Slimebound:Strike_Slimebound","Slimebound:Strike_Slimebound","Slimebound:Strike_Slimebound","Slimebound:Tackle","Slimebound:Defend_Slimebound","Slimebound:Defend_Slimebound","Slimebound:Defend_Slimebound","Slimebound:Defend_Slimebound","Slimebound:Split","Slimebound:CorrosiveSpit","Slimebound:LeechEnergy","Pain","Slimebound:LeechLife","Slimebound:LeechEnergy","Slimebound:GrowthPunch","Slimebound:ForwardTackle","Slimebound:LevelUp","Slimebound:SplitAcid","Slimebound:SplitMire"],"relics":["Slimebound:AbsorbEndCombat","downfall:HeartsMalice","WarpedTongs","Slimebound:AggressiveSlimeRelic"],"acts_visited":["Exordium"],"potions_floor_usage":[8],"damage_taken":[{"damage":0,"enemies":"Small Slimes","floor":2,"turns":1},{"damage":0,"enemies":"downfall:FleeingMerchant","floor":4,"turns":1},{"damage":0,"enemies":"Cultist","floor":5,"turns":1},{"damage":11,"enemies":"2 Louse","floor":6,"turns":2},{"damage":25,"enemies":"Exordium Thugs","floor":8,"turns":4},{"damage":20,"enemies":"Red Slaver","floor":12,"turns":3},{"damage":36,"enemies":"3 Sentries","floor":13,"turns":3}],"seed_played":"3996356026981279565","potions_obtained":[{"floor":6,"key":"FearPotion"},{"floor":8,"key":"Elixir"}],"is_trial":false,"path_per_floor":["R","M","?","$","M","M","T","M","PTL","PTL","T","M","E"],"character_chosen":"SLIMEBOUND","items_purchased":["Slimebound:LeechEnergy","Slimebound:GrowthPunch"],"campfire_rested":0,"item_purchase_floors":[4,4],"current_hp_per_floor":[60,60,60,60,60,53,53,36,36,36,36,28,0,0,0],"gold":114,"neow_bonus":"THREE_ENEMY_KILL","is_daily":false,"chose_seed":false,"campfire_upgraded":0,"win_rate":0.0,"timestamp":1609847243,"path_taken":["R","M","?","?","M","M","T","M","PTL","PTL","T","M","E"],"items_purchased_type":["Card","Card"],"build_version":"2020-12-22","purchased_purges":0,"victory":false,"max_hp_per_floor":[60,60,60,60,60,60,60,60,60,60,60,60,60,60,60],"card_choices":[{"not_picked":["Slimebound:SamplingLick","Slimebound:SlimeSpikes"],"picked":"Slimebound:LeechEnergy","floor":2},{"not_picked":["Slimebound:SplitBruiser","Slimebound:ViciousTackle"],"picked":"Slimebound:LeechLife","floor":4},{"not_picked":["Slimebound:Schlurp","Slimebound:SamplingLick"],"picked":"Slimebound:ForwardTackle","floor":5},{"not_picked":["Slimebound:ComboTackle","Slimebound:SplitMire"],"picked":"Slimebound:LevelUp","floor":6},{"not_picked":["Slimebound:SlimeSpikes","Slimebound:FinishingTackle"],"picked":"Slimebound:SplitAcid","floor":8},{"not_picked":["Slimebound:SplitAcid","Slimebound:ViciousTackle"],"picked":"Slimebound:SplitMire","floor":12}],"player_experience":97701,"relics_obtained":[{"floor":11,"key":"Slimebound:AggressiveSlimeRelic"}],"event_choices":[{"damage_healed":0,"gold_gain":0,"player_choice":"Rummage","damage_taken":0,"relics_obtained":["WarpedTongs"],"max_hp_gain":0,"max_hp_loss":0,"event_name":"Accursed Blacksmith","floor":3,"gold_loss":0,"cards_obtained":["Pain"]}],"is_beta":false,"boss_relics":[],"items_purged_floors":[],"is_endless":false,"potions_floor_spawned":[6,8],"killed_by":"3 Sentries","ascension_level":0}}