{"host":"zkien18fqk3qy213","time":1609815623,"event":{"mods":["AchievementEnabler","BaseMod","Better Third Choice","Minty Spire (QoL Compilation)","Replay The Spire","StSLib"],"gold_per_floor":[112,132,132,57,232,258,271,282,282,128,142,142,242,261,261,365,365,376,391,391,402,421,421,455,470,541,554,583,583,598,473,473,576,576,589,589,604,657,676,701,299,330,330,330,330,350,175,200,200,200,200,200,0,33,33],"floor_reached":56,"playtime":5037,"items_purged":["Defend_G","Doubt","Strike_G","Strike_G","Defend_G","Defend_G"],"score":1828,"play_id":"400cf8fe-f9cb-4d12-8738-29b41cd5e196","local_time":"20210105000023","is_ascension_mode":true,"campfire_choices":[{"data":"ReplayTheSpireMod:Scrap Shanks","floor":12.0,"key":"SMITH"},{"data":"After Image","floor":23.0,"key":"SMITH"},{"floor":29.0,"key":"REST"},{"floor":32.0,"key":"REST"},{"floor":49,"key":"RECALL"},{"data":"Reflex","floor":52,"key":"SMITH"}],"circlet_count":0,"master_deck":["Strike_G","Strike_G","Strike_G","Defend_G","Survivor","Neutralize","ReplayTheSpireMod:Scrap Shanks+1","Acrobatics","Dagger Throw","Prepared+1","Cloak And Dagger","Underhanded Strike","Calculated Gamble","After Image+1","Backstab","Underhanded Strike","Reflex+1","Acrobatics+1","Accuracy+1","Accuracy+1","Prepared+1","Cloak And Dagger+1","ReplayTheSpireMod:Scrap Shanks+1","Backstab+1","Glass Knife","Prepared","Prepared+1"],"relics":["Ring of the Snake","NeowsBlessing","Iron Hammer","Torii","Painkiller Herb","NlothsMask","Frozen Egg 2","Vampiric Spirits","Replay:Bronze Core","Prayer Wheel","Replay:Mystery Machine","Pear","Bottled Lightning","ReplayTheSpireMod:Shallot","Orichalcum"],"acts_visited":["Exordium","TheCity","TheBeyond","TheEnding"],"potions_floor_usage":[50,50,55,55],"damage_taken":[{"damage":0.0,"enemies":"Jaw Worm","floor":1.0,"turns":1.0},{"damage":0.0,"enemies":"Cultist","floor":2.0,"turns":1.0},{"damage":0.0,"enemies":"Lagavulin","floor":6.0,"turns":1.0},{"damage":1.0,"enemies":"2 Louse","floor":7.0,"turns":4.0},{"damage":9.0,"enemies":"Exordium Thugs","floor":8.0,"turns":7.0},{"damage":0.0,"enemies":"Large Slime","floor":11.0,"turns":5.0},{"damage":0.0,"enemies":"Gremlin Gang","floor":14.0,"turns":2.0},{"damage":20.0,"enemies":"The Guardian","floor":16.0,"turns":9.0},{"damage":0.0,"enemies":"Spheric Guardian","floor":18.0,"turns":1.0},{"damage":1.0,"enemies":"Chosen","floor":19.0,"turns":2.0},{"damage":1.0,"enemies":"Sentry and Sphere","floor":21.0,"turns":3.0},{"damage":20.0,"enemies":"Centurion and Healer","floor":22.0,"turns":3.0},{"damage":3.0,"enemies":"Replay:Snechameleon","floor":24.0,"turns":6.0},{"damage":0.0,"enemies":"Shelled Parasite and Fungi","floor":25.0,"turns":3.0},{"damage":1.0,"enemies":"3 Cultists","floor":27.0,"turns":3.0},{"damage":30.0,"enemies":"Book of Stabbing","floor":28.0,"turns":5.0},{"damage":7.0,"enemies":"Cultist and Chosen","floor":30.0,"turns":3.0},{"damage":1.0,"enemies":"Champ","floor":33.0,"turns":6.0},{"damage":0.0,"enemies":"3 Darklings","floor":35.0,"turns":2.0},{"damage":1.0,"enemies":"Orb Walker","floor":37.0,"turns":3.0},{"damage":0.0,"enemies":"2 Orb Walkers","floor":38.0,"turns":2.0},{"damage":0.0,"enemies":"Sphere and 2 Shapes","floor":39.0,"turns":2.0},{"damage":11.0,"enemies":"Reptomancer","floor":40.0,"turns":4.0},{"damage":2.0,"enemies":"Nemesis","floor":42.0,"turns":3.0},{"damage":0.0,"enemies":"Transient","floor":46.0,"turns":5.0},{"damage":1,"enemies":"Reptomancer","floor":48,"turns":4},{"damage":12,"enemies":"Awakened One","floor":50,"turns":3},{"damage":40,"enemies":"Shield and Spear","floor":54,"turns":3},{"damage":30,"enemies":"The Heart","floor":55,"turns":5}],"seed_played":"-6637705800240626097","potions_obtained":[{"floor":1.0,"key":"EssenceOfSteel"},{"floor":2.0,"key":"Ancient Potion"},{"floor":6.0,"key":"Block Potion"},{"floor":8.0,"key":"Death Potion"},{"floor":18.0,"key":"Languid Potion"},{"floor":24.0,"key":"Strength Potion"},{"floor":25.0,"key":"LifebloodPotion"},{"floor":27.0,"key":"Explosive Potion"},{"floor":37.0,"key":"AttackPotion"},{"floor":38.0,"key":"SteroidPotion"},{"floor":42.0,"key":"Swift Potion"},{"floor":48,"key":"Death Potion"},{"floor":54,"key":"Adrenaline Potion"}],"is_trial":false,"path_per_floor":["M","M","?","$","?","E","M","M","T","$","M","R","?","M","R","B",null,"?","?","?","?","?","T","E","?","T","?","E","T","?","T","T","B",null,"?","?","?","?","?","E","T","E","T","?","?","?","T","E","T","B",null,"T","T","E","B",null],"character_chosen":"THE_SILENT","items_purchased":["Underhanded Strike","Pear"],"campfire_rested":2,"item_purchase_floors":[10,41],"current_hp_per_floor":[63,63,63,63,63,63,62,53,53,53,53,53,53,53,70,50,65,65,64,64,63,43,43,40,40,40,39,9,30,23,23,44,56,67,70,70,69,70,70,59,69,75,75,75,75,76,76,75,75,64,73,73,73,35,47],"gold":33,"neow_bonus":"THREE_ENEMY_KILL","is_daily":false,"chose_seed":false,"campfire_upgraded":3,"win_rate":0.0,"timestamp":1609815623,"path_taken":["M","M","?","?","?","E","M","M","T","$","M","R","?","M","R","BOSS","?","?","?","?","?","T","E","?","T","?","E","T","?","?","T","BOSS","?","?","?","?","?","E","?","E","T","?","?","?","T","E","T","BOSS","T","T","E","BOSS"],"items_purchased_type":["Card","Relic"],"build_version":"2020-12-22","purchased_purges":6,"victory":true,"max_hp_per_floor":[70,70,70,70,70,70,70,70,70,70,70,70,70,70,70,70,70,70,70,70,70,70,70,70,70,70,70,70,70,70,70,70,70,70,70,70,70,70,70,70,80,80,80,76,76,76,76,76,76,76,76,76,76,76,76],"card_choices":[{"not_picked":["Finisher","Masterful Stab"],"picked":"ReplayTheSpireMod:Scrap Shanks","floor":1.0},{"not_picked":["Dash","Distraction"],"picked":"Acrobatics","floor":2.0},{"not_picked":["Bane","Expertise"],"picked":"Dagger Throw","floor":6.0},{"not_picked":["PiercingWail","Dagger Spray"],"picked":"Prepared","floor":7.0},{"not_picked":["Poisoned Stab","Concentrate"],"picked":"Cloak And Dagger","floor":8.0},{"not_picked":["Endless Agony","Outmaneuver"],"picked":"Calculated Gamble","floor":11.0},{"not_picked":["Expertise","Bouncing Flask","Flying Knee"],"picked":"SKIP","floor":14.0},{"not_picked":["Burst","ReplayTheSpireMod:Necrosis"],"picked":"After Image","floor":16.0},{"not_picked":["Deflect","Dagger Throw","Masterful Stab"],"picked":"SKIP","floor":18.0},{"not_picked":["All Out Attack","Poisoned Stab"],"picked":"Backstab","floor":19.0},{"not_picked":["Slice","Predator+1"],"picked":"Underhanded Strike","floor":21.0},{"not_picked":["Slice","Dagger Spray"],"picked":"Reflex","floor":22.0},{"not_picked":["Bane","Dodge and Roll+1"],"picked":"Acrobatics+1","floor":24.0},{"not_picked":["Deadly Poison","Flechettes"],"picked":"Accuracy+1","floor":25.0},{"not_picked":["Cloak And Dagger","Acrobatics","Burst"],"picked":"SKIP","floor":27.0},{"not_picked":["Outmaneuver","Acrobatics"],"picked":"ReplayTheSpireMod:Shiv Toss","floor":28.0},{"not_picked":["Blade Dance","Slice"],"picked":"Accuracy+1","floor":30.0},{"not_picked":["PiercingWail+1","Blade Dance"],"picked":"Prepared+1","floor":35.0},{"not_picked":["Catalyst+1","Poisoned Stab"],"picked":"Cloak And Dagger+1","floor":37.0},{"not_picked":["Slice","Cloak And Dagger"],"picked":"ReplayTheSpireMod:Scrap Shanks+1","floor":38.0},{"not_picked":["Skewer","Underhanded Strike+1"],"picked":"Backstab+1","floor":39.0},{"not_picked":["Flechettes+1","Slice","Backflip"],"picked":"SKIP","floor":39.0},{"not_picked":["Deadly Poison","Replay:Poison Smokescreen","Sucker Punch"],"picked":"SKIP","floor":40.0},{"not_picked":["Bane","Slice+1","Venomology"],"picked":"SKIP","floor":42.0},{"not_picked":["Underhanded Strike+1","ReplayTheSpireMod:Shiv Toss+1"],"picked":"Prepared","floor":46.0},{"not_picked":["Distraction+1","Acrobatics","PiercingWail+1"],"picked":"SKIP","floor":46.0},{"not_picked":["Bane","Cloak And Dagger+1"],"picked":"Prepared+1","floor":48},{"not_picked":["Masterful Stab+1","Endless Agony","Catalyst"],"picked":"SKIP","floor":54}],"player_experience":1318,"relics_obtained":[{"floor":6.0,"key":"Iron Hammer"},{"floor":9.0,"key":"Torii"},{"floor":24.0,"key":"Frozen Egg 2"},{"floor":28.0,"key":"Vampiric Spirits"},{"floor":38.0,"key":"Prayer Wheel"},{"floor":40.0,"key":"Replay:Mystery Machine"},{"floor":42.0,"key":"Bottled Lightning"},{"floor":48,"key":"ReplayTheSpireMod:Shallot"},{"floor":54,"key":"Orichalcum"}],"event_choices":[{"damage_healed":0.0,"max_hp_gain":0.0,"max_hp_loss":0.0,"gold_gain":0.0,"event_name":"The Woman in Blue","player_choice":"Bought 0 Potions","floor":3.0,"gold_loss":0.0,"damage_taken":0.0},{"damage_healed":0.0,"max_hp_gain":0.0,"max_hp_loss":0.0,"gold_gain":175.0,"event_name":"betterThird:BetterSerpent","player_choice":"AGREE","floor":5.0,"gold_loss":0.0,"damage_taken":57.0},{"damage_healed":0.0,"max_hp_gain":0.0,"max_hp_loss":0.0,"gold_gain":100.0,"event_name":"Wheel of Change","player_choice":"Gold","floor":13.0,"gold_loss":0.0,"damage_taken":0.0},{"damage_healed":0.0,"max_hp_gain":0.0,"max_hp_loss":0.0,"gold_gain":0.0,"event_name":"FaceTrader","player_choice":"Trade","floor":20.0,"gold_loss":0.0,"damage_taken":0.0,"relics_obtained":["NlothsMask"]},{"cards_removed":["ReplayTheSpireMod:Shiv Toss"],"damage_healed":0.0,"max_hp_gain":0.0,"max_hp_loss":0.0,"gold_gain":0.0,"event_name":"Bonfire Elementals","player_choice":"Offered Uncommon","floor":36.0,"gold_loss":0.0,"damage_taken":0.0},{"damage_healed":0.0,"max_hp_gain":0.0,"max_hp_loss":0.0,"gold_gain":0.0,"event_name":"Mysterious Sphere","player_choice":"Fight","floor":38.0,"gold_loss":0.0,"damage_taken":0.0},{"damage_healed":0.0,"max_hp_gain":0.0,"max_hp_loss":4.0,"gold_gain":0.0,"event_name":"Winding Halls","player_choice":"Max HP","floor":44.0,"gold_loss":0.0,"damage_taken":0.0},{"damage_healed":0.0,"max_hp_gain":0.0,"max_hp_loss":0.0,"gold_gain":0.0,"cards_transformed":["Defend_G"],"event_name":"Transmorgrifier","player_choice":"Transformed","floor":45.0,"gold_loss":0.0,"damage_taken":0.0,"cards_obtained":["Glass Knife"]}],"is_beta":false,"boss_relics":[{"not_picked":["Runic Dome","Busted Crown"],"picked":"Painkiller Herb"},{"not_picked":["Empty Cage","Coffee Dripper"],"picked":"Replay:Bronze Core"}],"items_purged_floors":[4,10,31,41,47,53],"is_endless":false,"potions_floor_spawned":[1,2,6,8,18,24,25,27,37,38,42,48,54],"ascension_level":9}}