{"host":"qfskrnw3pl1q86j0","time":1609870667,"event":{"mods":["BaseMod","Block Reminder","Hermit","Marisa????????","Minty Spire (QoL Compilation)","Quick Restart","Random Character Button","Relic Stats","StSLib","The Poker Player","slay the spire mod where everything is the same but ironclad has a cowboy hat"],"gold_per_floor":[111,111,122,197,210,210,229,229,229,278,291,291,6,26,26,124,124,158,178,77,88,108,108,8,8,8,20,20,38,38,50,50,153,153,165,93,112,131,181,181,191,191,241,241,253,128,162,162,162,162],"floor_reached":51,"playtime":1772,"items_purged":["Strike_P","Writhe","Clumsy"],"score":731,"play_id":"38f552d0-87b2-4543-b1fb-8ef1e9109945","local_time":"20210105191747","is_ascension_mode":false,"campfire_choices":[{"data":"Eruption","floor":6.0,"key":"SMITH"},{"data":"Vigilance","floor":8.0,"key":"SMITH"},{"data":"SashWhip","floor":12.0,"key":"SMITH"},{"data":"Brilliance","floor":15.0,"key":"SMITH"},{"data":"Brilliance","floor":28.0,"key":"SMITH"},{"data":"Prostrate","floor":30.0,"key":"SMITH"},{"data":"Prostrate","floor":32,"key":"SMITH"},{"data":"Omniscience","floor":40,"key":"SMITH"},{"data":"EmptyFist","floor":42,"key":"SMITH"},{"data":"Protect","floor":44,"key":"SMITH"},{"data":"FlurryOfBlows","floor":49,"key":"SMITH"}],"circlet_count":0,"master_deck":["Strike_P","Strike_P","Strike_P","Defend_P","Defend_P","Defend_P+1","Defend_P","Eruption+1","Vigilance+1","Brilliance+1","FlurryOfBlows+1","EmptyBody+1","SashWhip+1","Brilliance+1","Protect+1","Indignation","WindmillStrike+1","Prostrate+1","EmptyFist+1","Prostrate+1","Omniscience+1","Pray+1","WindmillStrike+1","Pray+1"],"relics":["PureWater","Mercury Hourglass","InkBottle","TeardropLocket","Coffee Dripper","Letter Opener","Nloth\u0027s Gift","Meat on the Bone","Cursed Key","CatCart","Happy Flower","The Courier"],"acts_visited":["Exordium","TheCity","TheBeyond"],"potions_floor_usage":[33,39,39,39],"damage_taken":[{"damage":0.0,"enemies":"Small Slimes","floor":1.0,"turns":3.0},{"damage":0.0,"enemies":"2 Louse","floor":3.0,"turns":2.0},{"damage":1.0,"enemies":"Jaw Worm","floor":5.0,"turns":2.0},{"damage":0.0,"enemies":"2 Fungi Beasts","floor":7.0,"turns":2.0},{"damage":0.0,"enemies":"Gremlin Nob","floor":10.0,"turns":2.0},{"damage":0.0,"enemies":"Blue Slaver","floor":11.0,"turns":2.0},{"damage":0.0,"enemies":"Lots of Slimes","floor":14.0,"turns":2.0},{"damage":22.0,"enemies":"Hexaghost","floor":16.0,"turns":9.0},{"damage":0.0,"enemies":"3 Byrds","floor":18.0,"turns":3.0},{"damage":0.0,"enemies":"2 Thieves","floor":19.0,"turns":2.0},{"damage":10.0,"enemies":"Cultist and Chosen","floor":21.0,"turns":4.0},{"damage":0.0,"enemies":"Centurion and Healer","floor":22.0,"turns":4.0},{"damage":6.0,"enemies":"3 Cultists","floor":27.0,"turns":3.0},{"damage":0.0,"enemies":"Sentry and Sphere","floor":29.0,"turns":4.0},{"damage":0,"enemies":"Shelled Parasite and Fungi","floor":31,"turns":3},{"damage":43,"enemies":"Champ","floor":33,"turns":9},{"damage":0,"enemies":"3 Darklings","floor":35,"turns":4},{"damage":0,"enemies":"3 Shapes","floor":37,"turns":2},{"damage":5,"enemies":"Spire Growth","floor":38,"turns":4},{"damage":21,"enemies":"Orin","floor":39,"turns":6},{"damage":7,"enemies":"Sphere and 2 Shapes","floor":41,"turns":5},{"damage":1,"enemies":"Writhing Mass","floor":45,"turns":3},{"damage":8,"enemies":"Giant Head","floor":47,"turns":6},{"damage":43,"enemies":"Awakened One","floor":50,"turns":9}],"seed_played":"-720270096889974438","potions_obtained":[{"floor":7.0,"key":"ColorlessPotion"},{"floor":14.0,"key":"Swift Potion"},{"floor":16.0,"key":"ColorlessPotion"},{"floor":19.0,"key":"SkillPotion"},{"floor":22.0,"key":"ColorlessPotion"},{"floor":29.0,"key":"Strength Potion"},{"floor":39,"key":"BottledMiracle"},{"floor":41,"key":"DistilledChaos"},{"floor":45,"key":"GamblersBrew"}],"is_trial":false,"path_per_floor":["M","?","M","?","M","R","M","R","T","E","M","R","$","M","R","B",null,"M","M","$","M","M","?","$","?","T","M","R","M","R","M","R","B",null,"M","$","M","M","?","R","M","R","T","R","M","$","E","?","R","B",null],"character_chosen":"WATCHER","items_purchased":["TeardropLocket","Protect","Prostrate","DuplicationPotion"],"campfire_rested":0,"item_purchase_floors":[13,13,20,36],"current_hp_per_floor":[72,69,69,58,57,57,57,57,57,57,57,57,57,57,57,35,72,72,72,72,62,62,62,62,62,62,56,56,56,56,56,56,25,72,72,72,72,67,46,46,39,39,39,39,38,38,42,82,82,51],"gold":162,"neow_bonus":"ONE_RANDOM_RARE_CARD","is_daily":false,"chose_seed":false,"campfire_upgraded":11,"win_rate":0.0,"timestamp":1609870667,"path_taken":["M","?","M","?","M","R","M","R","T","E","M","R","$","?","R","BOSS","M","M","$","M","M","?","$","?","T","M","R","M","R","?","R","BOSS","M","$","M","M","?","R","M","R","T","R","M","$","E","?","R","BOSS"],"items_purchased_type":["Relic","Card","Card","Potion"],"build_version":"2020-12-22","purchased_purges":3,"victory":true,"max_hp_per_floor":[72,72,72,72,72,72,72,72,72,72,72,72,72,72,72,72,72,72,72,72,72,72,72,72,72,72,72,72,72,72,72,72,72,72,72,72,72,72,72,72,72,72,72,72,72,72,72,82,82,82],"relic_stats":{"Happy Flower":[6],"counters":[24,93],"Nloth\u0027s Gift":5,"Letter Opener":[197],"Cursed Key":1,"obtain_stats":[{"Happy Flower":43,"The Courier":47,"TeardropLocket":13,"Letter Opener":23,"War Paint":9,"Cursed Key":34,"Mercury Hourglass":2,"Coffee Dripper":17,"Nloth\u0027s Gift":25,"PureWater":0,"CatCart":39,"InkBottle":10,"Meat on the Bone":26},{"Happy Flower":21,"The Courier":23,"TeardropLocket":6,"Letter Opener":12,"War Paint":4,"Cursed Key":16,"Mercury Hourglass":1,"Coffee Dripper":8,"Nloth\u0027s Gift":12,"PureWater":0,"CatCart":20,"InkBottle":5,"Meat on the Bone":12},{"Happy Flower":75,"The Courier":84,"TeardropLocket":13,"Letter Opener":36,"War Paint":9,"Cursed Key":55,"Mercury Hourglass":3,"Coffee Dripper":24,"Nloth\u0027s Gift":36,"PureWater":0,"CatCart":71,"InkBottle":11,"Meat on the Bone":36}],"InkBottle":[40],"Mercury Hourglass":[396],"Meat on the Bone":36},"card_choices":[{"not_picked":["FlyingSleeves","Adaptation"],"picked":"FlurryOfBlows","floor":1.0},{"not_picked":["Evaluate","Nirvana"],"picked":"EmptyBody","floor":3.0},{"not_picked":["JustLucky","CutThroughFate"],"picked":"SashWhip","floor":5.0},{"not_picked":["Blasphemy","BattleHymn","JustLucky"],"picked":"SKIP","floor":7.0},{"not_picked":["FollowUp","CarveReality"],"picked":"Brilliance","floor":10.0},{"not_picked":["TalkToTheHand","Adaptation","WaveOfTheHand"],"picked":"SKIP","floor":11.0},{"not_picked":["CrushJoints","Halt"],"picked":"Indignation","floor":14.0},{"not_picked":["ForeignInfluence","Weave"],"picked":"WindmillStrike+1","floor":18.0},{"not_picked":["ThirdEye","Nirvana+1","Crescendo"],"picked":"SKIP","floor":19.0},{"not_picked":["CutThroughFate","Collect"],"picked":"EmptyFist","floor":21.0},{"not_picked":["EmptyBody","SignatureMove"],"picked":"Prostrate","floor":22.0},{"not_picked":["ConjureBlade","Protect","Consecrate"],"picked":"SKIP","floor":27.0},{"not_picked":["LikeWater+1","EmptyFist","InnerPeace"],"picked":"SKIP","floor":29.0},{"not_picked":["Brilliance","Wallop","CrushJoints"],"picked":"SKIP","floor":31},{"not_picked":["LessonLearned","Alpha"],"picked":"Omniscience","floor":33},{"not_picked":["Crescendo+1","JustLucky","DeusExMachina"],"picked":"SKIP","floor":35},{"not_picked":["Protect+1","Blasphemy"],"picked":"Pray+1","floor":37},{"not_picked":["FollowUp+1","WreathOfFlame+1"],"picked":"WindmillStrike+1","floor":38},{"not_picked":["Prostrate+1","Crescendo"],"picked":"Pray+1","floor":39},{"not_picked":["SashWhip","FlurryOfBlows+1","ThirdEye+1"],"picked":"SKIP","floor":41},{"not_picked":["EmptyFist+1","Protect+1","LikeWater"],"picked":"SKIP","floor":45},{"not_picked":["SpiritShield","DeusExMachina"],"picked":"Vault","floor":47}],"player_experience":924271,"relics_obtained":[{"floor":9.0,"key":"War Paint"},{"floor":10.0,"key":"InkBottle"},{"floor":26.0,"key":"Meat on the Bone"},{"floor":39,"key":"CatCart"},{"floor":43,"key":"Happy Flower"},{"floor":47,"key":"The Courier"}],"event_choices":[{"damage_healed":0.0,"max_hp_gain":0.0,"max_hp_loss":0.0,"gold_gain":0.0,"event_name":"Scrap Ooze","player_choice":"Success","floor":2.0,"gold_loss":0.0,"damage_taken":3.0,"relics_obtained":["Mercury Hourglass"]},{"damage_healed":0.0,"max_hp_gain":0.0,"max_hp_loss":0.0,"gold_gain":75.0,"event_name":"World of Goop","player_choice":"Gather Gold","floor":4.0,"gold_loss":0.0,"damage_taken":11.0},{"damage_healed":0.0,"max_hp_gain":0.0,"max_hp_loss":0.0,"gold_gain":0.0,"event_name":"The Mausoleum","player_choice":"Opened","floor":23.0,"gold_loss":0.0,"damage_taken":0.0,"relics_obtained":["Letter Opener"],"cards_obtained":["Writhe"]},{"damage_healed":0.0,"max_hp_gain":0.0,"max_hp_loss":0.0,"gold_gain":0.0,"event_name":"N\u0027loth","player_choice":"Traded Relic","floor":25.0,"relics_lost":["War Paint"],"gold_loss":0.0,"damage_taken":0.0,"relics_obtained":["Nloth\u0027s Gift"]},{"damage_healed":0,"gold_gain":0,"player_choice":"Fight","damage_taken":0,"max_hp_gain":0,"max_hp_loss":0,"event_name":"OrinTheCat","floor":39,"gold_loss":0},{"cards_removed":["Vault"],"damage_healed":30,"gold_gain":0,"player_choice":"Offered Rare","damage_taken":0,"max_hp_gain":10,"max_hp_loss":0,"event_name":"Bonfire Elementals","floor":48,"gold_loss":0}],"is_beta":false,"boss_relics":[{"not_picked":["Snecko Eye","SacredBark"],"picked":"Coffee Dripper"},{"not_picked":["Calling Bell","VioletLotus"],"picked":"Cursed Key"}],"items_purged_floors":[20,24,46],"is_endless":false,"potions_floor_spawned":[7,14,16,19,22,29,31,39,41,45],"ascension_level":0}}