{"host":"igj4vwc42ivwqexo","time":1609870621,"event":{"mods":["BaseMod","Better Third Choice","Koishi","Marisa????????","Minty Spire (QoL Compilation)","Shop Mod","StSLib","The Blue Laboratory","The Disciple","The Hierophant","The Servant 0.9.4"],"gold_per_floor":[109,109,124,135,153,153,183,183,183,201,201,221,4,21,21,118,118,130,405,423,423,433,433,433],"floor_reached":23,"playtime":2177,"items_purged":[],"score":234,"play_id":"78ca7559-368a-43aa-ae01-315549472e3d","local_time":"20210105191701","is_ascension_mode":true,"campfire_choices":[{"data":"Dash","floor":6,"key":"SMITH"},{"data":"Crippling Poison","floor":8,"key":"SMITH"},{"data":"Footwork","floor":15,"key":"SMITH"}],"circlet_count":0,"master_deck":["Strike_G","Strike_G+1","Strike_G","Defend_G","Defend_G","Defend_G","Defend_G+1","Survivor","Neutralize","Night Terror","Noxious Fumes","Blur","Acrobatics","Dash+1","Crippling Poison+1","Predator","Cloak And Dagger","Footwork+1","Underhanded Strike","Corpse Explosion","Dash","Regret","Acrobatics","Envenom"],"relics":["Eternal Feather","Incense Burner","Thread and Needle","Pantograph","Nunchaku","Empty Cage","Nloth\u0027s Gift"],"acts_visited":["Exordium","TheCity"],"potions_floor_usage":[7,16,23,23],"damage_taken":[{"damage":5,"enemies":"Cultist","floor":1,"turns":4},{"damage":3,"enemies":"Small Slimes","floor":3,"turns":5},{"damage":0,"enemies":"Jaw Worm","floor":4,"turns":4},{"damage":8,"enemies":"Blue Slaver","floor":5,"turns":7},{"damage":5,"enemies":"Lagavulin","floor":7,"turns":7},{"damage":2,"enemies":"Red Slaver","floor":10,"turns":4},{"damage":0,"enemies":"Exordium Wildlife","floor":12,"turns":3},{"damage":13,"enemies":"Lots of Slimes","floor":14,"turns":3},{"damage":23,"enemies":"Hexaghost","floor":16,"turns":12},{"damage":2,"enemies":"Shell Parasite","floor":18,"turns":8},{"damage":5,"enemies":"Spheric Guardian","floor":20,"turns":6},{"damage":23,"enemies":"Snake Plant","floor":22,"turns":6},{"damage":46,"enemies":"Gremlin Leader","floor":23,"turns":4}],"seed_played":"6339620248377535933","potions_obtained":[{"floor":1,"key":"blueLaboratory:HorrorPotion"},{"floor":4,"key":"blueLaboratory:NullPotion"},{"floor":5,"key":"AttackPotion"},{"floor":16,"key":"blueLaboratory:SuffocatingSmog"}],"is_trial":false,"path_per_floor":["M","?","M","M","M","R","E","R","T","M","?","M","$","M","R","B",null,"M","?","M","?","M","E"],"character_chosen":"THE_SILENT","items_purchased":["Footwork","Nunchaku"],"campfire_rested":0,"item_purchase_floors":[13,13],"current_hp_per_floor":[65,51,48,48,40,40,35,44,44,42,32,32,32,19,31,33,70,68,68,63,63,40,0,0],"gold":433,"neow_bonus":"TRANSFORM_CARD","is_daily":false,"chose_seed":false,"campfire_upgraded":3,"win_rate":0.0,"timestamp":1609870621,"path_taken":["M","?","M","M","M","R","E","R","T","M","?","M","?","M","R","BOSS","M","?","?","?","M","E"],"items_purchased_type":["Card","Relic"],"build_version":"2020-12-22","purchased_purges":0,"victory":false,"max_hp_per_floor":[70,70,70,70,70,70,70,70,70,70,70,70,70,70,70,70,70,70,70,70,70,70,70,70],"card_choices":[{"not_picked":["Underhanded Strike","Acrobatics"],"picked":"Noxious Fumes","floor":1},{"not_picked":["Catalyst","PiercingWail"],"picked":"Blur","floor":3},{"not_picked":["Dagger Spray","Deflect"],"picked":"Acrobatics","floor":4},{"not_picked":["Endless Agony","Sucker Punch"],"picked":"Dash","floor":5},{"not_picked":["Skewer","Malaise"],"picked":"Crippling Poison","floor":7},{"not_picked":["Acrobatics","Dagger Spray"],"picked":"Predator","floor":10},{"not_picked":["Masterful Stab","Dodge and Roll"],"picked":"Cloak And Dagger","floor":12},{"not_picked":["Predator","Blade Dance"],"picked":"Underhanded Strike","floor":14},{"not_picked":["Wraith Form v2","Grand Finale"],"picked":"Corpse Explosion","floor":16},{"not_picked":["Poisoned Stab+1","Acrobatics"],"picked":"Dash","floor":18},{"not_picked":["Dagger Spray","Setup"],"picked":"Acrobatics","floor":20},{"not_picked":["Underhanded Strike","Sucker Punch"],"picked":"Envenom","floor":22}],"player_experience":348471,"relics_obtained":[{"floor":7,"key":"Eternal Feather"},{"floor":9,"key":"Incense Burner"}],"event_choices":[{"damage_healed":65,"gold_gain":0,"player_choice":"Upgrade","damage_taken":14,"max_hp_gain":0,"max_hp_loss":70,"event_name":"betterThird:BetterShining","floor":2,"gold_loss":0,"cards_upgraded":["Strike_G","Defend_G"]},{"damage_healed":0,"gold_gain":1,"player_choice":"Relic Relic ","damage_taken":10,"max_hp_gain":0,"max_hp_loss":0,"event_name":"betterThird:BetterScrap","floor":11,"gold_loss":0,"cards_obtained":["Vengeance"]},{"damage_healed":0,"gold_gain":275,"player_choice":"Desecrate","damage_taken":0,"max_hp_gain":0,"max_hp_loss":0,"event_name":"Golden Shrine","floor":19,"gold_loss":0,"cards_obtained":["Regret"]},{"damage_healed":0,"gold_gain":0,"player_choice":"Traded Relic","damage_taken":0,"relics_obtained":["Nloth\u0027s Gift"],"max_hp_gain":0,"max_hp_loss":0,"event_name":"N\u0027loth","floor":21,"relics_lost":["Ring of the Snake"],"gold_loss":0}],"is_beta":false,"boss_relics":[{"not_picked":["Cursed Key","Runic Dome"],"picked":"Empty Cage"}],"items_purged_floors":[],"is_endless":false,"potions_floor_spawned":[1,4,5,16],"killed_by":"Gremlin Leader","ascension_level":4}}