{"host":"tr12w2fixbnujl15","time":1609858679,"event":{"mods":["2.2 Compatiblity","BaseMod","Better Skull","BetterRewards","Colored Powertips","Evolution","Hubris","Infinite Spire","Minty Spire (QoL Compilation)","Quick Restart","Replay The Spire","Shop Mod","StSLib","SuperFastMode","The Necromancer","The Sage","The Senshi","The Servant 0.9.4","The Spell Scribe","TheFirefly","WarShipGirlsR/????R mod"],"gold_per_floor":[112,202,202,219,235,235,247,247,315,315,107,107,124,135,135,239,239,250,250,261,274,234,234,18,43,43,43,43,43,57,77,77,174,174,199,11,30,30,30,30],"floor_reached":39,"playtime":1361,"items_purged":[],"score":641,"play_id":"883f91af-898f-485b-a581-9548369f8847","local_time":"20210105095759","is_ascension_mode":false,"campfire_choices":[{"floor":6,"key":"REST"},{"floor":8,"key":"REST"},{"floor":15,"key":"REST"},{"floor":23,"key":"REST"},{"data":"hubris:Fate","floor":27,"key":"SMITH"},{"floor":29,"key":"REST"},{"floor":32,"key":"REST"}],"circlet_count":0,"master_deck":["rmod:combined","rmod:strick","rmod:strick","rmod:strick+1","rmod:defend","rmod:defend","rmod:defend","rmod:defend","rmod:basicallowance","rmod:maingunfire","rmod:expedition+1","rmod:bulid","rmod:luckystar+1","rmod:garrisonisland","rmod:generalist","rmod:salvage","rmod:wolves","rmod:fletcherpendant","hubris:Fate+1","rmod:expedition","rmod:shuttlebombing","rmod:wife+1","rmod:luckystar","rmod:rockthrower","Specialist","rmod:diaomin","rmod:fletcherpendant","rmod:tearstotiara","rmod:fletcher","rmod:aviationdawn+1","infinitespire:FutureSight","hubris:InfiniteBlow+11","rmod:luckystar","rmod:steelsupply+1","rmod:desperatesituation","rmod:fletcherpendant","rmod:ammunitionsupply","rmod:auspiciousomen","rmod:chargemoney+1","rmod:intelligenceanalysis","rmod:u235","Pain","rmod:basicallowance","rmod:expeditionaryescort","Jack Of All Trades","hubris:Fate","rmod:ammunitionsupply+1","rmod:goodsister","rmod:goodsister","rmod:unsinkable","rmod:fletcherpendant+1","Amnesia"],"relics":["rmod:firstchargereward","EVO:Axolotl","Snack Pack","hubris:GlazedTorus","MerchantsRug","Replay:Bottled Flurry","InkBottle","hubris:64BitClover","hubris:ScarierMask","Replay:WaspNest","Replay:Bottled Steam","hubris:Zylophone","Nloth\u0027s Gift","Thread and Needle","infinitespire:EvilPickle","ReplayTheSpireMod:SealedPack","Replay:Wax Seal","Ring of Hypnosis","Ring of Fangs"],"acts_visited":["Exordium","TheCity","TheBeyond"],"potions_floor_usage":[7,16,16,16,33,33,37],"damage_taken":[{"damage":0,"enemies":"Small Slimes","floor":1,"turns":2},{"damage":11,"enemies":"Jaw Worm","floor":4,"turns":2},{"damage":0,"enemies":"2 Louse","floor":5,"turns":3},{"damage":20,"enemies":"Exordium Thugs","floor":7,"turns":3},{"damage":13,"enemies":"Gremlin Gang","floor":13,"turns":6},{"damage":18,"enemies":"Lots of Slimes","floor":14,"turns":3},{"damage":44,"enemies":"Hexaghost","floor":16,"turns":10},{"damage":14,"enemies":"2 Thieves","floor":18,"turns":3},{"damage":0,"enemies":"Chosen","floor":20,"turns":1},{"damage":16,"enemies":"Shelled Parasite and Fungi","floor":21,"turns":3},{"damage":7,"enemies":"Slavers","floor":25,"turns":3},{"damage":10,"enemies":"Cultist and Chosen","floor":30,"turns":2},{"damage":0,"enemies":"Snecko","floor":31,"turns":1},{"damage":22,"enemies":"Pondfish","floor":33,"turns":6},{"damage":0,"enemies":"Orb Walker","floor":35,"turns":2},{"damage":14,"enemies":"3 Darklings","floor":37,"turns":4},{"damage":32,"enemies":"infinitespire:Three Voidlings","floor":39,"turns":3},{"damage":39,"enemies":"Nightmare_Alpha","floor":39,"turns":6}],"seed_played":"-1114301874355111743","potions_obtained":[{"floor":4,"key":"Explosive Potion"},{"floor":7,"key":"CultistPotion"},{"floor":13,"key":"Strength Potion"},{"floor":20,"key":"Reflective Coating"},{"floor":31,"key":"Adrenaline Potion"},{"floor":33,"key":"Energy Potion"}],"is_trial":false,"path_per_floor":["M","?","?","M","M","R","M","R","T","?","$","?","M","M","R","B",null,"M","AVR","M","M","?","R","$","E","T","R","?","R","M","M","R","B",null,"M","$","M","?","?"],"character_chosen":"PRAEFECT","items_purchased":["Snack Pack","rmod:expedition+1","MerchantsRug","BargainBundle","Swift Potion","Ancient Potion","rmod:expedition","rmod:shuttlebombing","rmod:wife+1","rmod:luckystar","rmod:rockthrower","Specialist","rmod:desperatesituation","rmod:fletcherpendant","rmod:ammunitionsupply","Replay:Wax Seal","rmod:goodsister","rmod:unsinkable"],"campfire_rested":6,"item_purchase_floors":[0,0,0,11,11,11,11,11,11,11,11,11,24,24,24,36,36,36],"current_hp_per_floor":[75,57,50,39,39,61,41,63,63,44,44,44,31,17,39,1,75,63,63,63,49,49,71,71,66,66,66,66,75,67,67,75,70,75,75,75,61,61,0,0],"gold":30,"neow_bonus":"","is_daily":false,"chose_seed":false,"campfire_upgraded":1,"win_rate":0.0,"timestamp":1609858679,"path_taken":["M","?","?","M","M","R","M","R","T","?","$","?","M","?","R","BOSS","M","AVR","?","?","?","R","?","E","T","R","?","R","M","?","R","BOSS","M","?","M","?","?"],"items_purchased_type":["Relic","Card","Relic","Relic","Potion","Potion","Card","Card","Card","Card","Card","Card","Card","Card","Card","Relic","Card","Card"],"build_version":"2020-12-22","purchased_purges":0,"victory":false,"max_hp_per_floor":[75,75,75,75,75,75,75,75,75,75,75,75,75,75,75,75,75,75,75,75,75,75,75,75,75,75,75,75,75,75,75,75,75,75,75,75,75,75,75,75],"card_choices":[{"not_picked":["rmod:luckystar","rmod:mineteam"],"picked":"rmod:bulid","floor":1},{"not_picked":["rmod:tearstotiara","rmod:steelsupply"],"picked":"rmod:luckystar","floor":2},{"not_picked":["rmod:aviationdawn","rmod:sl"],"picked":"rmod:garrisonisland","floor":2},{"not_picked":["rmod:tearstotiara","rmod:intelligenceanalysis"],"picked":"rmod:generalist","floor":2},{"not_picked":["rmod:ammunitionsupply","rmod:steelsupply"],"picked":"rmod:salvage","floor":4},{"not_picked":["rmod:smokecover","rmod:supportescort"],"picked":"rmod:wolves","floor":5},{"not_picked":["rmod:tearstotiara","rmod:openingtorpedo"],"picked":"rmod:diaomin","floor":7},{"not_picked":["Replay:Fractal Strike","ReplayTheSpireMod:Black Plague"],"picked":"hubris:Fate","floor":10},{"not_picked":["rmod:victimresponsibility","rmod:expedition"],"picked":"rmod:diaomin","floor":13},{"not_picked":["rmod:wolves","rmod:auspiciousomen"],"picked":"rmod:tearstotiara","floor":14},{"not_picked":["rmod:abidefaith","rmod:auspiciousomen"],"picked":"rmod:fletcher","floor":16},{"not_picked":["rmod:fletcherpendant","rmod:victimresponsibility"],"picked":"rmod:aviationdawn+1","floor":18},{"not_picked":["rmod:ammunitionsupply","rmod:aviationdawn"],"picked":"rmod:luckystar","floor":20},{"not_picked":["rmod:generalist+1","rmod:victimresponsibility"],"picked":"rmod:steelsupply+1","floor":21},{"not_picked":["rmod:fuelsupply","rmod:aluminumsupply+1"],"picked":"rmod:auspiciousomen","floor":25},{"not_picked":["rmod:aluminumsupply+1","rmod:firesupport"],"picked":"rmod:chargemoney+1","floor":30},{"not_picked":["rmod:stealaluminum","rmod:supportescort"],"picked":"rmod:intelligenceanalysis","floor":31},{"not_picked":["rmod:saltedfish","rmod:abidefaith"],"picked":"rmod:u235","floor":33},{"not_picked":["rmod:maingunfire","thefirefly:StealthMode"],"picked":"rmod:basicallowance","floor":34},{"not_picked":["rmod:u235","rmod:saltedfish"],"picked":"rmod:expeditionaryescort","floor":34},{"not_picked":["sagemod:Perplexing_Glare","Impatience"],"picked":"Jack Of All Trades","floor":34},{"not_picked":["ReplayTheSpireMod:??????????????????????","ReplayTheSpireMod:Haul"],"picked":"hubris:Fate","floor":34},{"not_picked":["rmod:spoils","rmod:acesubmarine"],"picked":"rmod:ammunitionsupply+1","floor":35},{"not_picked":["rmod:supportescort+1","rmod:windflower"],"picked":"rmod:fletcherpendant+1","floor":37}],"player_experience":29352,"relics_obtained":[{"floor":9,"key":"InkBottle"},{"floor":25,"key":"Replay:Bottled Steam"},{"floor":26,"key":"hubris:Zylophone"},{"floor":30,"key":"Thread and Needle"},{"floor":38,"key":"Ring of Hypnosis"},{"floor":38,"key":"Ring of Fangs"}],"event_choices":[{"damage_healed":0,"gold_gain":0,"player_choice":"Success","damage_taken":7,"relics_obtained":["Replay:Bottled Flurry"],"max_hp_gain":0,"max_hp_loss":0,"event_name":"Scrap Ooze","floor":3,"gold_loss":0},{"cards_removed":["rmod:diaomin"],"damage_healed":0,"gold_gain":0,"player_choice":"Gave Card","damage_taken":0,"relics_obtained":["hubris:64BitClover"],"max_hp_gain":0,"max_hp_loss":0,"event_name":"WeMeetAgain","floor":12,"gold_loss":0},{"damage_healed":0,"gold_gain":0,"player_choice":"Upgraded Two","damage_taken":0,"max_hp_gain":0,"max_hp_loss":0,"event_name":"Designer","floor":22,"gold_loss":40,"cards_upgraded":["rmod:strick","rmod:luckystar"]},{"damage_healed":0,"gold_gain":0,"player_choice":"Traded Relic","damage_taken":0,"relics_obtained":["Nloth\u0027s Gift"],"max_hp_gain":0,"max_hp_loss":0,"event_name":"N\u0027loth","floor":28,"relics_lost":["BargainBundle"],"gold_loss":0}],"is_beta":false,"boss_relics":[{"not_picked":["ChewingGum","Ectoplasm"],"picked":"hubris:ScarierMask"},{"not_picked":["hubris:HollowSoul","Honey Jar"],"picked":"ReplayTheSpireMod:SealedPack"}],"items_purged_floors":[],"is_endless":false,"potions_floor_spawned":[4,7,13,20,31,33,39],"killed_by":"Nightmare_Alpha","ascension_level":0}}