{"host":"l60rmjjsfi0fipmi","time":1609812341,"event":{"mods":["BaseMod","Colored Map","DeckTracker","Highlight Path","Minty Spire (QoL Compilation)"],"gold_per_floor":[119,131,149,149,149,149,165,200,200,213,213,213,223,234,234,331,331,343,366,385,300,78,108,108,125,125,154,166,184,198,198,198,198,198],"floor_reached":33,"playtime":2130,"items_purged":[],"score":291,"play_id":"4d222636-902b-43c9-83a9-6527a6517a40","local_time":"20210104210541","is_ascension_mode":false,"campfire_choices":[{"data":"Genetic Algorithm","floor":6,"key":"SMITH"},{"floor":12,"key":"REST"},{"floor":15,"key":"REST"},{"floor":24,"key":"REST"},{"floor":32,"key":"REST"}],"circlet_count":0,"master_deck":["Strike_B","Strike_B","Defend_B+1","Defend_B","Defend_B","Zap+1","Dualcast","Redo","Genetic Algorithm+1","Coolheaded","Leap","Sunder","FTL","Stack+1","Electrodynamics","Conserve Battery","Rebound","Seek","Doom and Gloom+1","Beam Cell","FTL+1","Hologram","Loop","Go for the Eyes"],"relics":["Cracked Core","Mercury Hourglass","Meat on the Bone","Empty Cage","War Paint","Dream Catcher","Anchor","Bottled Tornado","Art of War"],"acts_visited":["Exordium","TheCity"],"potions_floor_usage":[8,18,27,33,33,33],"damage_taken":[{"damage":0,"enemies":"Small Slimes","floor":1,"turns":3},{"damage":3,"enemies":"Jaw Worm","floor":2,"turns":3},{"damage":0,"enemies":"Cultist","floor":3,"turns":4},{"damage":8,"enemies":"Looter","floor":7,"turns":4},{"damage":50,"enemies":"Gremlin Nob","floor":8,"turns":6},{"damage":3,"enemies":"Red Slaver","floor":10,"turns":3},{"damage":0,"enemies":"Blue Slaver","floor":13,"turns":4},{"damage":0,"enemies":"3 Louse","floor":14,"turns":2},{"damage":43,"enemies":"The Guardian","floor":16,"turns":18},{"damage":5,"enemies":"3 Byrds","floor":18,"turns":4},{"damage":5,"enemies":"Chosen","floor":20,"turns":4},{"damage":47,"enemies":"Book of Stabbing","floor":23,"turns":8},{"damage":15,"enemies":"Centurion and Healer","floor":25,"turns":4},{"damage":16,"enemies":"Gremlin Leader","floor":27,"turns":5},{"damage":0,"enemies":"3 Cultists","floor":28,"turns":3},{"damage":9,"enemies":"Snake Plant","floor":29,"turns":4},{"damage":17,"enemies":"Cultist and Chosen","floor":30,"turns":5},{"damage":68,"enemies":"Champ","floor":33,"turns":10}],"seed_played":"-763273319298191564","potions_obtained":[{"floor":1,"key":"Weak Potion"},{"floor":7,"key":"SkillPotion"},{"floor":8,"key":"Energy Potion"},{"floor":25,"key":"Block Potion"},{"floor":27,"key":"DistilledChaos"},{"floor":30,"key":"Block Potion"}],"is_trial":false,"path_per_floor":["M","M","M","?","?","R","M","E","T","M","?","R","M","M","R","B",null,"M","T","M","?","$","E","R","M","T","E","M","M","M","?","R","B"],"character_chosen":"DEFECT","items_purchased":["Rebound","Seek","BlessingOfTheForge"],"campfire_rested":4,"item_purchase_floors":[22,22,22],"current_hp_per_floor":[75,72,72,72,72,72,64,14,14,23,23,45,45,45,67,36,75,70,70,65,65,65,30,52,49,49,45,45,48,43,43,65,0,0],"gold":198,"neow_bonus":"UPGRADE_CARD","is_daily":false,"chose_seed":false,"campfire_upgraded":1,"win_rate":0.0,"timestamp":1609812341,"path_taken":["M","M","M","?","?","R","?","E","T","M","?","R","M","M","R","BOSS","M","?","M","?","$","E","R","M","T","E","M","M","M","?","R","BOSS"],"items_purchased_type":["Card","Card","Potion"],"build_version":"2020-12-22","purchased_purges":0,"victory":false,"max_hp_per_floor":[75,75,75,75,75,75,75,75,75,75,75,75,75,75,75,75,75,75,75,75,75,75,75,75,75,75,75,75,75,75,75,75,75,75],"card_choices":[{"not_picked":["Darkness","Cold Snap"],"picked":"Redo","floor":1},{"not_picked":["Hologram","Aggregate"],"picked":"Genetic Algorithm","floor":2},{"not_picked":["Redo","Chill"],"picked":"Coolheaded","floor":3},{"not_picked":["Melter","Reprogram"],"picked":"Leap","floor":7},{"not_picked":["Skim","Lockon"],"picked":"Sunder","floor":8},{"not_picked":["Hello World","Steam Power"],"picked":"FTL","floor":10},{"not_picked":["Compile Driver","Blizzard","Reprogram"],"picked":"SKIP","floor":13},{"not_picked":["Reprogram","Consume"],"picked":"Stack","floor":14},{"not_picked":["Hyperbeam","Biased Cognition"],"picked":"Electrodynamics","floor":16},{"not_picked":["Turbo","Compile Driver"],"picked":"Conserve Battery","floor":18},{"not_picked":["Turbo+1","Sunder","Stack"],"picked":"SKIP","floor":20},{"not_picked":["Barrage+1","Glacier+1"],"picked":"Doom and Gloom+1","floor":23},{"not_picked":["Compile Driver","Sweeping Beam"],"picked":"Beam Cell","floor":25},{"not_picked":["Steam Power","Tempest"],"picked":"FTL+1","floor":27},{"not_picked":["Doom and Gloom","Ball Lightning"],"picked":"Hologram","floor":28},{"not_picked":["Steam+1","Beam Cell"],"picked":"Loop","floor":29},{"not_picked":["Sunder","Compile Driver"],"picked":"Go for the Eyes","floor":30}],"player_experience":236158,"relics_obtained":[{"floor":8,"key":"Mercury Hourglass"},{"floor":9,"key":"Meat on the Bone"},{"floor":19,"key":"War Paint"},{"floor":23,"key":"Anchor"},{"floor":26,"key":"Bottled Tornado"},{"floor":27,"key":"Art of War"}],"event_choices":[{"damage_healed":0,"gold_gain":0,"player_choice":"Leave","damage_taken":0,"max_hp_gain":0,"max_hp_loss":0,"event_name":"The Cleric","floor":4,"gold_loss":0},{"cards_removed":["Strike_B"],"damage_healed":0,"gold_gain":0,"player_choice":"Took Card","damage_taken":0,"max_hp_gain":0,"max_hp_loss":0,"event_name":"NoteForYourself","floor":5,"gold_loss":0,"cards_obtained":["Defend_R"]},{"cards_removed":["Defend_R"],"damage_healed":0,"gold_gain":0,"player_choice":"Purged","damage_taken":0,"max_hp_gain":0,"max_hp_loss":0,"event_name":"Purifier","floor":11,"gold_loss":0},{"damage_healed":0,"gold_gain":0,"player_choice":"Obtained Relic","damage_taken":0,"relics_obtained":["Dream Catcher"],"max_hp_gain":0,"max_hp_loss":0,"event_name":"Addict","floor":21,"gold_loss":85},{"damage_healed":0,"gold_gain":0,"player_choice":"Ignored","damage_taken":0,"max_hp_gain":0,"max_hp_loss":0,"event_name":"Vampires","floor":31,"gold_loss":0}],"is_beta":false,"boss_relics":[{"not_picked":["Velvet Choker","Cursed Key"],"picked":"Empty Cage"}],"items_purged_floors":[],"is_endless":false,"potions_floor_spawned":[1,7,8,25,27,28,30],"killed_by":"Champ","ascension_level":0}}