{"host":"yekvm0llnambltim","time":1609846863,"event":{"mods":["Act Like it!","BaseMod","CapriCore","Challenge The Spire","Minty Spire (QoL Compilation)","MostiFishMod","Quick Restart","Relic Stats","Replay The Spire","Spicy Shops","StSLib","Waifu the Spire","¡¾ÒÅÎï¿¨ÅÆ¡¿REMEMod"],"gold_per_floor":[119,194,38,38,58,87,103,3,3,63,75,75,75,90,90,169,169,182,132,144,159,159,159,173,223,223,253,253,285,285,345,345,419,419,439,439,143,198,198,233,253,282,306,306,318,337,353,410,410,410,410,410,410,36,66,66],"floor_reached":57,"playtime":1642,"items_purged":["Strike_B","Strike_B","Strike_B"],"score":2906,"play_id":"d53a5607-d752-42cb-b72a-bf3bc4a969ac","local_time":"20210105194103","is_ascension_mode":true,"campfire_choices":[{"data":"Cold Snap","floor":13.0,"key":"SMITH"},{"data":"Skim","floor":15.0,"key":"SMITH"},{"data":"MostiFishMod:InterfaceCompatibility","floor":23.0,"key":"SMITH"},{"data":"Turbo","floor":28.0,"key":"SMITH"},{"floor":30.0,"key":"REST"},{"floor":32.0,"key":"REST"},{"floor":44.0,"key":"RECALL"},{"data":"MostiFishMod:ActiveDefenseSystem","floor":49,"key":"SMITH"},{"data":"Strike_B","floor":53,"key":"PURGE"}],"circlet_count":0,"master_deck":["AscendersBane","Defend_B","Defend_B","Defend_B","Defend_B","Zap","Electrodynamics+1","Cold Snap+1","ReplayTheSpireMod:GoodbyeWorld","Turbo+1","Skim+1","REME_Whirling+1","Melter","MostiFishMod:InterfaceCompatibility+1","CurseOfTheBell","REME_Whirling+1","Coolheaded","MostiFishMod:Culaccino+1","Hologram","Reprogram+1","Madness","Madness","MostiFishMod:ActiveDefenseSystem+1","Ball Lightning+1","Parasite","Panic Button+1","Turbo+1","Streamline","Barrage","Barrage","Capacitor+1","Blizzard","Undo","Coolheaded","Redo"],"relics":["Cracked Core","DaveBox","REME_ComplimentaryCards","ShadowXiaoBlade","NeowsBlessing","SynthV:TestCard","Ancient Tea Set","Strawberry","SentryEyes","Blue Doll","Calling Bell","ReplayTheSpireMod:TigerMarble","White Beast Statue","ThornShield","Blood Vial","Matryoshka","Girya","Replay:WaspNest","Transparent","Prayer Wheel","PreservedInsect","Peace Pipe","Vajra","Boot","Bronze Scales","REME_HandOfSuture","Onion Ring","REME_IWantAll"],"acts_visited":["Exordium","TheCity","TheBeyond","TheEnding"],"potions_floor_usage":[51,56],"damage_taken":[{"damage":0.0,"enemies":"Small Slimes","floor":1.0,"turns":1.0},{"damage":0.0,"enemies":"Cultist","floor":5.0,"turns":1.0},{"damage":0.0,"enemies":"Lagavulin","floor":6.0,"turns":1.0},{"damage":7.0,"enemies":"Jaw Worm","floor":7.0,"turns":3.0},{"damage":5.0,"enemies":"3 Sentries","floor":10.0,"turns":2.0},{"damage":2.0,"enemies":"Red Slaver","floor":11.0,"turns":2.0},{"damage":0.0,"enemies":"2 Fungi Beasts","floor":14.0,"turns":1.0},{"damage":14.0,"enemies":"The Guardian","floor":16.0,"turns":5.0},{"damage":22.0,"enemies":"2 Thieves","floor":18.0,"turns":2.0},{"damage":0.0,"enemies":"Chosen","floor":20.0,"turns":3.0},{"damage":0.0,"enemies":"Sentry and Sphere","floor":21.0,"turns":2.0},{"damage":0.0,"enemies":"Snake Plant","floor":24.0,"turns":2.0},{"damage":14.0,"enemies":"REME_1_Revenger","floor":27.0,"turns":4.0},{"damage":26.0,"enemies":"Book of Stabbing","floor":29.0,"turns":3.0},{"damage":17.0,"enemies":"Slavers","floor":31.0,"turns":2.0},{"damage":23.0,"enemies":"Automaton","floor":33.0,"turns":6.0},{"damage":14.0,"enemies":"Orb Walker","floor":35.0,"turns":2.0},{"damage":48.0,"enemies":"Mind Bloom Boss Battle","floor":38.0,"turns":3.0},{"damage":51.0,"enemies":"R_Hoarder","floor":40.0,"turns":3.0},{"damage":7.0,"enemies":"3 Darklings","floor":41.0,"turns":1.0},{"damage":51.0,"enemies":"Nemesis","floor":42.0,"turns":4.0},{"damage":7.0,"enemies":"Maw","floor":45.0,"turns":4.0},{"damage":28.0,"enemies":"Writhing Mass","floor":46.0,"turns":4.0},{"damage":10.0,"enemies":"3 Darklings","floor":47.0,"turns":1.0},{"damage":44,"enemies":"Time Eater","floor":50,"turns":6},{"damage":18,"enemies":"Awakened One","floor":51,"turns":7},{"damage":27,"enemies":"Shield and Spear","floor":55,"turns":2},{"damage":84,"enemies":"The Heart","floor":56,"turns":3}],"seed_played":"1568064370587545711","potions_obtained":[{"floor":1.0,"key":"GamblersBrew"},{"floor":7.0,"key":"REME_GoldPotion"},{"floor":10.0,"key":"Toxic Potion"},{"floor":24.0,"key":"LifebloodPotion"},{"floor":27.0,"key":"Explosive Potion"},{"floor":29.0,"key":"REME_GoldPotion"},{"floor":31.0,"key":"CultistPotion"},{"floor":33.0,"key":"SteroidPotion"},{"floor":35.0,"key":"REME_GoldPotion"},{"floor":38.0,"key":"LiquidBronze"},{"floor":45.0,"key":"Dexterity Potion"},{"floor":48,"key":"FairyPotion"}],"is_trial":false,"path_per_floor":["M","?","$","?","M","E","M","$","T","E","M","?","R","M","R","B",null,"M","?","M","M","?","R","M","?","T","E","R","E","R","E","R","B",null,"M","?","$","?","?","E","M","E","T","R","M","M","M","?","R","B","B",null,"R","$","E","B",null],"character_chosen":"DEFECT","items_purchased":["Ancient Tea Set","PreservedInsect","Onion Ring","Streamline","Barrage","AttackPotion"],"campfire_rested":2,"item_purchase_floors":[3,37,54,54,54,54],"current_hp_per_floor":[64,53,53,53,53,60,53,53,53,48,46,46,46,46,46,32,67,45,45,45,45,45,45,45,45,45,33,33,9,32,17,40,19,63,78,78,78,78,64,69,78,78,78,78,78,78,78,53,53,65,78,78,78,78,78,81],"gold":66,"neow_bonus":"THREE_ENEMY_KILL","is_daily":false,"chose_seed":false,"campfire_upgraded":5,"win_rate":0.0,"timestamp":1609846863,"path_taken":["M","?","$","?","M","E","?","$","T","E","M","?","R","M","R","BOSS","M","?","?","M","?","R","?","?","T","E","R","E","R","E","R","BOSS","M","?","?","?","?","E","M","E","T","R","?","M","M","?","R","BOSS","BOSS","R","$","E","BOSS"],"items_purchased_type":["Relic","Relic","Relic","Card","Card","Potion"],"build_version":"2020-12-22","purchased_purges":3,"victory":true,"max_hp_per_floor":[71,71,71,71,71,78,78,78,78,78,78,78,78,78,78,78,78,78,78,78,78,78,78,78,78,78,78,78,78,78,78,78,78,78,78,78,78,78,78,78,78,78,78,78,78,78,78,78,78,78,78,78,78,78,78,83],"relic_stats":{"Blood Vial":18,"Peace Pipe":1,"counters":[28,79],"Bronze Scales":[111],"Prayer Wheel":5,"PreservedInsect":215,"Boot":[0],"obtain_stats":[{"DaveBox":0,"Vajra":40,"Blue Doll":10,"Ancient Tea Set":3,"Boot":42,"REME_IWantAll":55,"Blood Vial":26,"Matryoshka":27,"Strawberry":6,"Prayer Wheel":35,"Cracked Core":0,"Girya":29,"NeowsBlessing":0,"ShadowXiaoBlade":0,"Replay:WaspNest":31,"PreservedInsect":37,"ThornShield":17,"White Beast Statue":17,"Calling Bell":17,"Peace Pipe":38,"SynthV:TestCard":1,"Transparent":34,"Bronze Scales":43,"SentryEyes":9,"Onion Ring":54,"REME_HandOfSuture":48,"ReplayTheSpireMod:TigerMarble":17,"REME_ComplimentaryCards":0},{"DaveBox":0,"Vajra":19,"Blue Doll":5,"Ancient Tea Set":1,"Boot":21,"REME_IWantAll":27,"Blood Vial":12,"Matryoshka":13,"Strawberry":3,"Prayer Wheel":17,"Cracked Core":0,"Girya":14,"NeowsBlessing":0,"ShadowXiaoBlade":0,"Replay:WaspNest":15,"PreservedInsect":17,"ThornShield":8,"White Beast Statue":8,"Calling Bell":8,"Peace Pipe":18,"SynthV:TestCard":1,"Transparent":16,"Bronze Scales":21,"SentryEyes":4,"Onion Ring":26,"REME_HandOfSuture":24,"ReplayTheSpireMod:TigerMarble":8,"REME_ComplimentaryCards":0},{"DaveBox":0,"Vajra":47,"Blue Doll":8,"Ancient Tea Set":1,"Boot":52,"REME_IWantAll":76,"Blood Vial":25,"Matryoshka":29,"Strawberry":3,"Prayer Wheel":41,"Cracked Core":0,"Girya":32,"NeowsBlessing":0,"ShadowXiaoBlade":0,"Replay:WaspNest":34,"PreservedInsect":41,"ThornShield":16,"White Beast Statue":16,"Calling Bell":16,"Peace Pipe":44,"SynthV:TestCard":1,"Transparent":40,"Bronze Scales":52,"SentryEyes":6,"Onion Ring":74,"REME_HandOfSuture":61,"ReplayTheSpireMod:TigerMarble":16,"REME_ComplimentaryCards":0}]},"card_choices":[{"not_picked":["Steam Power","Sweeping Beam"],"picked":"Cold Snap","floor":1.0},{"not_picked":["Go for the Eyes","Hologram","Reprogram","Steam Power"],"picked":"ReplayTheSpireMod:GoodbyeWorld","floor":5.0},{"not_picked":["REME_Whirling","Stack","Compile Driver","Go for the Eyes","Barrage"],"picked":"SKIP","floor":6.0},{"not_picked":["Scrape","Streamline","Lockon","Cold Snap","Barrage"],"picked":"SKIP","floor":7.0},{"not_picked":["MostiFishMod:PushDownKick","Redo","ReplayTheSpireMod:GoodbyeWorld","Electrodynamics"],"picked":"Turbo","floor":10.0},{"not_picked":["Static Discharge","Steam","Rebound","Beam Cell"],"picked":"Skim","floor":11.0},{"not_picked":["Streamline","Doom and Gloom","Buffer","Turbo"],"picked":"Melter","floor":14.0},{"not_picked":["MostiFishMod:Distribution","Thunder Strike","MostiFishMod:Hijack","MostiFishMod:TalkingToTheRain"],"picked":"MostiFishMod:InterfaceCompatibility","floor":16.0},{"not_picked":["Cold Snap","Auto Shields+1","Panic Button","Barrage","Conserve Battery"],"picked":"SKIP","floor":18.0},{"not_picked":["FTL+1","Go for the Eyes","Stack","MostiFishMod:ReprogramOld","Beam Cell"],"picked":"SKIP","floor":20.0},{"not_picked":["ReplayRNGCard","Coolheaded","Barrage","Hologram","Rebound"],"picked":"SKIP","floor":21.0},{"not_picked":["Turbo","Streamline","Go for the Eyes","White Noise"],"picked":"Coolheaded","floor":24.0},{"not_picked":["Ball Lightning","Turbo","Redo","Streamline"],"picked":"MostiFishMod:Culaccino","floor":27.0},{"not_picked":["Sweeping Beam","Stack","Doom and Gloom","Blizzard"],"picked":"Hologram","floor":29.0},{"not_picked":["Panic Button","Redo","MostiFishMod:SeaWaves","REME_SelfUpgrade+1","REME_DataAnalysis"],"picked":"SKIP","floor":31.0},{"not_picked":["Fission","Hyperbeam","MostiFishMod:Prepare","MostiFishMod:TalkingToTheRain"],"picked":"ReplayTheSpireMod:Fabricate Wheel","floor":33.0},{"not_picked":["Force Field","MostiFishMod:PushDownKick","Heatsinks+1","Conserve Battery","Panic Button"],"picked":"SKIP","floor":35.0},{"not_picked":["Go for the Eyes","MostiFishMod:GatherIntelligence","Beam Cell+1","Auto Shields","REME_SelfUpgrade"],"picked":"SKIP","floor":35.0},{"not_picked":["Conserve Battery","Storm","Cold Snap","Coolheaded"],"picked":"Reprogram+1","floor":38.0},{"not_picked":["MostiFishMod:FluxCapactior","Barrage","Compile Driver+1","MostiFishMod:Distribution","Reprogram"],"picked":"SKIP","floor":40.0},{"not_picked":["Cold Snap+1","Beam Cell","Rebound","Turbo","Steam"],"picked":"SKIP","floor":41.0},{"not_picked":["MostiFishMod:PushDownKick","Panic Button","Compile Driver","Sweeping Beam","ReplayGash+1"],"picked":"SKIP","floor":41.0},{"not_picked":["Sweeping Beam","Turbo","Rainbow","BasicCrystalCard"],"picked":"MostiFishMod:ActiveDefenseSystem","floor":42.0},{"not_picked":["Melter","Self Repair+1","Stack+1","Storm"],"picked":"Ball Lightning+1","floor":45.0},{"not_picked":["Go for the Eyes","Barrage+1","FTL","MostiFishMod:FluxCapactior","Beam Cell"],"picked":"SKIP","floor":45.0},{"not_picked":["Go for the Eyes","Barrage+1","FTL","MostiFishMod:FluxCapactior","Beam Cell"],"picked":"SKIP","floor":45.0},{"not_picked":["Machine Learning","BootSequence","Go for the Eyes","ReplaySort"],"picked":"Panic Button+1","floor":46.0},{"not_picked":["Consume","Hologram","Sweeping Beam","Stack","Coolheaded"],"picked":"SKIP","floor":46.0},{"not_picked":["Go for the Eyes","Cold Snap","Storm","FTL"],"picked":"Turbo+1","floor":47.0},{"not_picked":["Stack","Go for the Eyes","Barrage","Capacitor","Leap"],"picked":"SKIP","floor":47.0},{"not_picked":["Capacitor+1","Blizzard","Undo","Coolheaded","Redo"],"picked":"SKIP","floor":55},{"not_picked":["REME_DataAnalysis","Rip and Tear","Core Surge"],"picked":"Singing Bowl","floor":56}],"player_experience":306326,"relics_obtained":[{"floor":1.0,"key":"SynthV:TestCard"},{"floor":6.0,"key":"Strawberry"},{"floor":9.0,"key":"SentryEyes"},{"floor":10.0,"key":"Blue Doll"},{"floor":17.0,"key":"ReplayTheSpireMod:TigerMarble"},{"floor":17.0,"key":"White Beast Statue"},{"floor":17.0,"key":"ThornShield"},{"floor":26.0,"key":"Blood Vial"},{"floor":27.0,"key":"Matryoshka"},{"floor":29.0,"key":"Girya"},{"floor":31.0,"key":"Replay:WaspNest"},{"floor":38.0,"key":"Peace Pipe"},{"floor":40.0,"key":"Vajra"},{"floor":42.0,"key":"Boot"},{"floor":43.0,"key":"Bronze Scales"},{"floor":48,"key":"REME_HandOfSuture"},{"floor":55,"key":"REME_IWantAll"}],"event_choices":[{"damage_healed":0.0,"max_hp_gain":0.0,"max_hp_loss":0.0,"gold_gain":75.0,"event_name":"World of Goop","player_choice":"Gather Gold","floor":2.0,"gold_loss":0.0,"damage_taken":11.0},{"damage_healed":0.0,"max_hp_gain":0.0,"max_hp_loss":0.0,"gold_gain":0.0,"event_name":"Accursed Blacksmith","player_choice":"Forge","floor":4.0,"gold_loss":0.0,"damage_taken":0.0,"cards_upgraded":["Electrodynamics"]},{"damage_healed":0.0,"max_hp_gain":0.0,"max_hp_loss":0.0,"gold_gain":0.0,"event_name":"The Joust","player_choice":"Bet on Murderer","floor":19.0,"gold_loss":50.0,"damage_taken":0.0},{"damage_healed":0.0,"max_hp_gain":0.0,"max_hp_loss":0.0,"gold_gain":0.0,"event_name":"Duplicator","player_choice":"Copied","floor":22.0,"gold_loss":0.0,"damage_taken":0.0,"cards_obtained":["REME_Whirling"]},{"damage_healed":0.0,"max_hp_gain":0.0,"max_hp_loss":0.0,"gold_gain":50.0,"event_name":"Nest","player_choice":"Stole From Cult","floor":25.0,"gold_loss":0.0,"damage_taken":0.0},{"damage_healed":0.0,"max_hp_gain":0.0,"max_hp_loss":0.0,"gold_gain":0.0,"event_name":"Upgrade Shrine","player_choice":"Upgraded","floor":36.0,"gold_loss":0.0,"damage_taken":0.0,"cards_upgraded":["MostiFishMod:Culaccino"]},{"damage_healed":0.0,"max_hp_gain":0.0,"max_hp_loss":0.0,"gold_gain":0.0,"event_name":"MindBloom","player_choice":"Fight","floor":38.0,"gold_loss":0.0,"damage_taken":0.0},{"damage_healed":0.0,"max_hp_gain":0.0,"max_hp_loss":0.0,"gold_gain":0.0,"event_name":"Winding Halls","player_choice":"Embrace Madness","floor":39.0,"gold_loss":0.0,"damage_taken":14.0,"cards_obtained":["Madness","Madness"]}],"is_beta":false,"boss_relics":[{"not_picked":["GreenFoldingFan","NightmareShop"],"picked":"Calling Bell"},{"not_picked":["Fusion Hammer","HaiYi:Twilight"],"picked":"Transparent"}],"items_purged_floors":[3,8,37],"is_endless":false,"potions_floor_spawned":[1,7,10,14,18,20,21,24,27,29,31,33,35,38,40,41,42,45,46,47,55],"ascension_level":20}}