{"host":"zk71suw73lg2r165","time":1609882414,"event":{"mods":["BaseMod","Colored Map","Minty Spire (QoL Compilation)","Permanent Neow","Relic Stats","StSLib"],"gold_per_floor":[17,17,292,306,319,319,352,352,399,399,413,17,17,60,60,60,60],"floor_reached":16,"playtime":350,"items_purged":["Regret"],"score":216,"play_id":"24fc2261-e53e-4b86-a40b-866cfea7fc7e","local_time":"20210105163334","is_ascension_mode":true,"campfire_choices":[{"data":"Rainbow","floor":6.0,"key":"SMITH"},{"floor":8.0,"key":"REST"},{"data":"Barrage","floor":10.0,"key":"SMITH"},{"data":"Sweeping Beam","floor":13,"key":"SMITH"},{"data":"Defragment","floor":15,"key":"SMITH"}],"circlet_count":0,"master_deck":["AscendersBane","Strike_B","Strike_B","Strike_B","Strike_B","Defend_B","Defend_B","Defend_B","Defend_B","Zap","Dualcast","Rainbow+1","Conserve Battery","Sweeping Beam+1","Barrage+1","Reinforced Body","Coolheaded","Defragment+1"],"relics":["Cracked Core","Golden Idol","Orichalcum","Oddly Smooth Stone","Mummified Hand","Anchor"],"acts_visited":["Exordium"],"potions_floor_usage":[14,16],"damage_taken":[{"damage":10.0,"enemies":"Small Slimes","floor":1.0,"turns":3.0},{"damage":1.0,"enemies":"2 Louse","floor":4.0,"turns":3.0},{"damage":3.0,"enemies":"Cultist","floor":5.0,"turns":4.0},{"damage":41.0,"enemies":"Gremlin Nob","floor":7.0,"turns":4.0},{"damage":5.0,"enemies":"2 Fungi Beasts","floor":11.0,"turns":3.0},{"damage":11,"enemies":"Lagavulin","floor":14,"turns":6},{"damage":20,"enemies":"Slime Boss","floor":16,"turns":7}],"seed_played":"-1229616782709787576","potions_obtained":[{"floor":7.0,"key":"GamblersBrew"},{"floor":11.0,"key":"SkillPotion"}],"is_trial":false,"path_per_floor":["M","?","?","M","M","R","E","R","T","R","M","$","R","E","R","B"],"character_chosen":"DEFECT","items_purchased":["Mummified Hand","Coolheaded"],"campfire_rested":1,"item_purchase_floors":[12,12],"current_hp_per_floor":[54,54,54,53,50,50,9,28,28,28,23,23,23,12,12,0,0],"gold":60,"neow_bonus":"THREE_RARE_CARDS","is_daily":false,"chose_seed":false,"campfire_upgraded":4,"win_rate":0.0,"timestamp":1609882414,"path_taken":["M","?","?","?","M","R","E","R","T","R","M","$","R","E","R","BOSS"],"items_purchased_type":["Relic","Card"],"build_version":"2020-12-22","purchased_purges":1,"victory":false,"max_hp_per_floor":[71,64,64,64,64,64,64,64,64,64,64,64,64,64,64,64,64],"relic_stats":{"counters":[7,30],"Golden Idol":25,"Mummified Hand":[1],"Orichalcum":[18],"obtain_stats":[{"Anchor":14,"Golden Idol":2,"Mummified Hand":12,"Oddly Smooth Stone":9,"Orichalcum":7,"Cracked Core":0},{"Anchor":6,"Golden Idol":1,"Mummified Hand":5,"Oddly Smooth Stone":4,"Orichalcum":4,"Cracked Core":0},{"Anchor":23,"Golden Idol":3,"Mummified Hand":17,"Oddly Smooth Stone":14,"Orichalcum":14,"Cracked Core":0}]},"card_choices":[{"not_picked":["Machine Learning","Amplify"],"picked":"Rainbow","floor":0.0},{"not_picked":["Redo","Gash"],"picked":"Conserve Battery","floor":1.0},{"not_picked":["Gash","Auto Shields"],"picked":"Sweeping Beam","floor":4.0},{"not_picked":["Tempest","Chill"],"picked":"Barrage","floor":5.0},{"not_picked":["Stack","Recycle"],"picked":"Reinforced Body","floor":7.0},{"not_picked":["Streamline","Amplify","Chaos"],"picked":"SKIP","floor":11.0},{"not_picked":["Turbo","Skim"],"picked":"Defragment","floor":14}],"player_experience":1330957,"relics_obtained":[{"floor":7.0,"key":"Orichalcum"},{"floor":9.0,"key":"Oddly Smooth Stone"},{"floor":14,"key":"Anchor"}],"event_choices":[{"damage_healed":0.0,"max_hp_gain":0.0,"max_hp_loss":7.0,"gold_gain":0.0,"event_name":"Golden Idol","player_choice":"Lose Max HP","floor":2.0,"gold_loss":0.0,"damage_taken":0.0,"relics_obtained":["Golden Idol"]},{"damage_healed":0.0,"max_hp_gain":0.0,"max_hp_loss":0.0,"gold_gain":275.0,"event_name":"Golden Shrine","player_choice":"Desecrate","floor":3.0,"gold_loss":0.0,"damage_taken":0.0,"cards_obtained":["Regret"]}],"is_beta":false,"boss_relics":[],"items_purged_floors":[12],"is_endless":false,"potions_floor_spawned":[7,11],"killed_by":"Slime Boss","ascension_level":20}}