{"host":"9l4mw5jqza9qz9hr","time":1609855778,"event":{"mods":["AchievementEnabler","Always Whale","BaseMod","Colored Map","Minty Spire (QoL Compilation)","StSLib","SuperFastMode"],"gold_per_floor":[19,19,33,33,33,33,47,61,87,87,113,132,159,170,170,270,270,285,301,335,335,346,373,373,373,373,404,404,414,425,437,437,537,537,548,563,563,582,230,264,281,298,298,317,27,27,27,47,47,47],"floor_reached":51,"playtime":2122,"items_purged":["Strike_G+1","Defend_G"],"score":1175,"play_id":"cb5551e2-2075-4b2f-962d-5098cde79eb0","local_time":"20210105230938","is_ascension_mode":true,"campfire_choices":[{"data":"Backflip","floor":6.0,"key":"SMITH"},{"data":"Accuracy","floor":15.0,"key":"SMITH"},{"floor":25.0,"key":"REST"},{"floor":32.0,"key":"REST"},{"data":"After Image","floor":46,"key":"SMITH"},{"floor":49,"key":"REST"}],"circlet_count":0,"master_deck":["AscendersBane","Defend_G","Defend_G","Defend_G","Defend_G","Survivor","Neutralize+1","Deadly Poison","Backflip+1","Prepared","Infinite Blades","Burst","Accuracy+1","Dagger Spray","Blade Dance","Wraith Form v2","PiercingWail","Accuracy","Finisher+1","Blade Dance","Cloak And Dagger","Malaise","Corpse Explosion+1","Expertise+1","Terror+1","Reflex+1","Cloak And Dagger","After Image+1","Blade Dance","Escape Plan","Acrobatics+1","Footwork+1","Adrenaline","Caltrops","Footwork","Secret Technique"],"relics":["Ring of the Snake","Tough Bandages","Centennial Puzzle","Whetstone","Art of War","Boot","Cursed Key","Red Mask","Vajra","The Courier","Astrolabe","Bronze Scales","Strawberry","Membership Card"],"acts_visited":["Exordium","TheCity","TheBeyond"],"potions_floor_usage":[48,48,50],"damage_taken":[{"damage":0.0,"enemies":"2 Louse","floor":1.0,"turns":3.0},{"damage":0.0,"enemies":"Cultist","floor":3.0,"turns":5.0},{"damage":1.0,"enemies":"Jaw Worm","floor":7.0,"turns":3.0},{"damage":1.0,"enemies":"Looter","floor":8.0,"turns":4.0},{"damage":16.0,"enemies":"Lagavulin","floor":11.0,"turns":6.0},{"damage":0.0,"enemies":"Red Slaver","floor":12.0,"turns":6.0},{"damage":30.0,"enemies":"Gremlin Nob","floor":13.0,"turns":5.0},{"damage":1.0,"enemies":"3 Louse","floor":14.0,"turns":3.0},{"damage":12.0,"enemies":"Slime Boss","floor":16.0,"turns":11.0},{"damage":0.0,"enemies":"Spheric Guardian","floor":18.0,"turns":3.0},{"damage":5.0,"enemies":"Shell Parasite","floor":19.0,"turns":4.0},{"damage":6.0,"enemies":"Masked Bandits","floor":20.0,"turns":5.0},{"damage":1.0,"enemies":"Centurion and Healer","floor":22.0,"turns":6.0},{"damage":18.0,"enemies":"Slavers","floor":23.0,"turns":6.0},{"damage":1.0,"enemies":"Book of Stabbing","floor":27.0,"turns":5.0},{"damage":18.0,"enemies":"Cultist and Chosen","floor":29.0,"turns":6.0},{"damage":8.0,"enemies":"Snake Plant","floor":30.0,"turns":5.0},{"damage":2.0,"enemies":"Centurion and Healer","floor":31.0,"turns":5.0},{"damage":2.0,"enemies":"Collector","floor":33.0,"turns":8.0},{"damage":6.0,"enemies":"3 Shapes","floor":35.0,"turns":5.0},{"damage":0.0,"enemies":"Orb Walker","floor":36.0,"turns":3.0},{"damage":3.0,"enemies":"Sphere and 2 Shapes","floor":38.0,"turns":3.0},{"damage":0.0,"enemies":"Giant Head","floor":40.0,"turns":7.0},{"damage":12.0,"enemies":"3 Darklings","floor":41.0,"turns":4.0},{"damage":13.0,"enemies":"Writhing Mass","floor":42.0,"turns":5.0},{"damage":0,"enemies":"Maw","floor":44,"turns":6},{"damage":22,"enemies":"Transient","floor":48,"turns":5},{"damage":17,"enemies":"Donu and Deca","floor":50,"turns":7}],"seed_played":"-1874230381059307234","potions_obtained":[{"floor":1.0,"key":"ColorlessPotion"},{"floor":3.0,"key":"Swift Potion"},{"floor":7.0,"key":"SkillPotion"},{"floor":13.0,"key":"BlessingOfTheForge"},{"floor":23.0,"key":"PowerPotion"},{"floor":27.0,"key":"Regen Potion"},{"floor":31.0,"key":"Fire Potion"},{"floor":33.0,"key":"DistilledChaos"},{"floor":36.0,"key":"Explosive Potion"},{"floor":42.0,"key":"DuplicationPotion"},{"floor":44,"key":"GamblersBrew"}],"is_trial":false,"path_per_floor":["M","?","M","$","?","R","M","M","T","?","E","M","E","M","R","B",null,"M","M","?","?","M","E","?","R","T","E","?","M","M","M","R","B",null,"M","M","?","M","$","E","M","M","T","M","$","R","?","M","R","B",null],"character_chosen":"THE_SILENT","items_purchased":["Bronze Scales","Strawberry","Escape Plan","Membership Card","Adrenaline","Caltrops","Footwork"],"campfire_rested":3,"item_purchase_floors":[39,39,39,45,45,45,45],"current_hp_per_floor":[63,63,63,63,51,51,50,49,49,70,54,54,24,23,23,11,55,55,50,44,44,43,25,25,46,46,45,45,32,24,22,43,41,63,57,57,57,54,61,61,49,36,36,36,36,36,36,14,37,20],"gold":47,"neow_bonus":"ONE_RARE_RELIC","is_daily":false,"chose_seed":false,"campfire_upgraded":3,"win_rate":0.0,"timestamp":1609855778,"path_taken":["M","?","M","?","?","R","M","M","T","?","E","?","E","M","R","BOSS","M","M","?","?","?","E","?","R","T","E","?","M","M","M","R","BOSS","M","M","?","M","$","E","?","M","T","M","$","R","?","M","R","BOSS"],"items_purchased_type":["Relic","Relic","Card","Relic","Card","Card","Card"],"build_version":"2020-12-22","purchased_purges":2,"victory":true,"max_hp_per_floor":[70,70,70,70,70,70,70,70,70,70,70,70,70,70,70,70,70,70,70,70,70,70,70,70,70,70,70,70,70,70,70,70,70,70,70,70,70,70,77,77,77,77,77,77,77,77,77,77,77,77],"card_choices":[{"not_picked":["Underhanded Strike","Quick Slash"],"picked":"Deadly Poison","floor":1.0},{"not_picked":["Poisoned Stab","Dagger Spray"],"picked":"Backflip","floor":3.0},{"not_picked":["Riddle With Holes","Quick Slash"],"picked":"Prepared","floor":7.0},{"not_picked":["Finisher","Dodge and Roll"],"picked":"Infinite Blades","floor":8.0},{"not_picked":["Deflect","Eviscerate"],"picked":"Burst","floor":11.0},{"not_picked":["Outmaneuver","Underhanded Strike"],"picked":"Accuracy","floor":12.0},{"not_picked":["Deflect","Concentrate"],"picked":"Dagger Spray","floor":13.0},{"not_picked":["Quick Slash","Acrobatics"],"picked":"Blade Dance","floor":14.0},{"not_picked":["Grand Finale","Night Terror"],"picked":"Wraith Form v2","floor":16.0},{"not_picked":["Outmaneuver","Bane","Dagger Spray"],"picked":"SKIP","floor":18.0},{"not_picked":["Setup","Masterful Stab+1"],"picked":"PiercingWail","floor":19.0},{"not_picked":["Bane+1","Slice","Deflect"],"picked":"SKIP","floor":22.0},{"not_picked":["Leg Sweep","Unload"],"picked":"Accuracy","floor":23.0},{"not_picked":["Sucker Punch","Dodge and Roll+1"],"picked":"Finisher+1","floor":27.0},{"not_picked":["Deadly Poison","Infinite Blades"],"picked":"Blade Dance","floor":29.0},{"not_picked":["Deadly Poison","Underhanded Strike+1","Riddle With Holes+1"],"picked":"SKIP","floor":30.0},{"not_picked":["Well Laid Plans","Deadly Poison"],"picked":"Cloak And Dagger","floor":31.0},{"not_picked":["Storm of Steel","Burst"],"picked":"Malaise","floor":33.0},{"not_picked":["Concentrate+1","Riddle With Holes+1"],"picked":"Reflex+1","floor":35.0},{"not_picked":["Flying Knee","Expertise+1","Leg Sweep+1"],"picked":"SKIP","floor":36.0},{"not_picked":["Dagger Spray","Infinite Blades"],"picked":"Blade Dance","floor":38.0},{"not_picked":["Well Laid Plans+1","Tools of the Trade"],"picked":"Acrobatics+1","floor":40.0},{"not_picked":["Outmaneuver+1","Terror+1","Poisoned Stab+1"],"picked":"SKIP","floor":41.0},{"not_picked":["PiercingWail","Sucker Punch+1","Cloak And Dagger"],"picked":"SKIP","floor":42.0},{"not_picked":["Dagger Throw","Deflect+1"],"picked":"Footwork+1","floor":44},{"not_picked":["PanicButton","Jack Of All Trades"],"picked":"Secret Technique","floor":47},{"not_picked":["Outmaneuver+1","Eviscerate+1","Expertise+1"],"picked":"SKIP","floor":48}],"player_experience":176944,"relics_obtained":[{"floor":9.0,"key":"Whetstone"},{"floor":11.0,"key":"Art of War"},{"floor":13.0,"key":"Boot"},{"floor":20.0,"key":"Red Mask"},{"floor":23.0,"key":"Vajra"},{"floor":27.0,"key":"The Courier"}],"event_choices":[{"damage_healed":0.0,"max_hp_gain":0.0,"max_hp_loss":0.0,"gold_gain":0.0,"event_name":"Upgrade Shrine","player_choice":"Upgraded","floor":2.0,"gold_loss":0.0,"damage_taken":0.0,"cards_upgraded":["Neutralize"]},{"damage_healed":0.0,"max_hp_gain":0.0,"max_hp_loss":0.0,"gold_gain":0.0,"event_name":"Scrap Ooze","player_choice":"Success","floor":5.0,"gold_loss":0.0,"damage_taken":12.0,"relics_obtained":["Centennial Puzzle"]},{"damage_healed":21.0,"max_hp_gain":0.0,"max_hp_loss":0.0,"gold_gain":0.0,"event_name":"Wheel of Change","player_choice":"Full Heal","floor":10.0,"gold_loss":0.0,"damage_taken":0.0},{"damage_healed":0.0,"max_hp_gain":0.0,"max_hp_loss":0.0,"gold_gain":0.0,"event_name":"Masked Bandits","player_choice":"Fought Bandits","floor":20.0,"gold_loss":0.0,"damage_taken":0.0},{"damage_healed":0.0,"max_hp_gain":0.0,"max_hp_loss":0.0,"gold_gain":0.0,"event_name":"The Woman in Blue","player_choice":"Bought 0 Potions","floor":21.0,"gold_loss":0.0,"damage_taken":0.0},{"cards_removed":["Strike_G"],"damage_healed":0.0,"max_hp_gain":0.0,"max_hp_loss":0.0,"gold_gain":0.0,"event_name":"Back to Basics","player_choice":"Elegance","floor":24.0,"gold_loss":0.0,"damage_taken":0.0},{"damage_healed":0.0,"max_hp_gain":0.0,"max_hp_loss":0.0,"gold_gain":0.0,"event_name":"Match and Keep!","player_choice":"0 cards matched","floor":28.0,"gold_loss":0.0,"damage_taken":0.0,"cards_obtained":[]},{"damage_healed":0.0,"max_hp_gain":0.0,"max_hp_loss":0.0,"gold_gain":0.0,"event_name":"Match and Keep!","player_choice":"2 cards matched","floor":37.0,"gold_loss":0.0,"damage_taken":0.0,"cards_obtained":["Cloak And Dagger","After Image"]},{"damage_healed":0,"gold_gain":0,"player_choice":"Memory 1","damage_taken":0,"max_hp_gain":0,"max_hp_loss":0,"event_name":"SensoryStone","floor":47,"gold_loss":0}],"is_beta":false,"boss_relics":[{"not_picked":["Busted Crown","Runic Dome"],"picked":"Cursed Key"},{"not_picked":["SlaversCollar","Calling Bell"],"picked":"Astrolabe"}],"items_purged_floors":[39,45],"is_endless":false,"potions_floor_spawned":[1,3,7,13,14,19,23,27,31,33,36,42,44],"ascension_level":10}}