{"host":"hszimsrtxxc2k25w","time":1609873439,"event":{"mods":["AchievementEnabler","BaseMod","Colored Map","DeckTracker","Minty Spire (QoL Compilation)","Rare Cards Sparkle","SuperFastMode"],"gold_per_floor":[119,137,154,166,177,177,203,203,203,223,234,234,264,264,264,343,343,362,362,387,387,387],"floor_reached":21,"playtime":595,"items_purged":[],"score":362,"play_id":"7e3500f5-46db-4666-8045-9d01ff0ba536","local_time":"20210106040359","is_ascension_mode":true,"campfire_choices":[{"data":"Blood for Blood","floor":6.0,"key":"SMITH"},{"data":"Armaments","floor":8.0,"key":"SMITH"},{"floor":12.0,"key":"REST"},{"floor":15.0,"key":"REST"}],"circlet_count":0,"master_deck":["AscendersBane","Strike_R","Strike_R","Strike_R","Strike_R","Defend_R","Defend_R","Defend_R","Defend_R","Bash","Rupture+1","Blood for Blood+1","Armaments+1","Offering+1","Power Through","Shrug It Off+1","Warcry+1","Feed","Necronomicurse","Carnage"],"relics":["Burning Blood","Red Skull","Toxic Egg 2","Mark of Pain","Necronomicon","Red Mask"],"acts_visited":["Exordium","TheCity"],"potions_floor_usage":[20],"damage_taken":[{"damage":7.0,"enemies":"Cultist","floor":1.0,"turns":4.0},{"damage":10.0,"enemies":"Small Slimes","floor":2.0,"turns":4.0},{"damage":4.0,"enemies":"Jaw Worm","floor":3.0,"turns":4.0},{"damage":15.0,"enemies":"3 Louse","floor":4.0,"turns":5.0},{"damage":20.0,"enemies":"Large Slime","floor":5.0,"turns":4.0},{"damage":33.0,"enemies":"Lagavulin","floor":7.0,"turns":5.0},{"damage":7.0,"enemies":"Red Slaver","floor":10.0,"turns":2.0},{"damage":6.0,"enemies":"2 Fungi Beasts","floor":11.0,"turns":4.0},{"damage":17.0,"enemies":"Hexaghost","floor":16.0,"turns":9.0},{"damage":34.0,"enemies":"Shell Parasite","floor":18.0,"turns":10.0},{"damage":17,"enemies":"Masked Bandits","floor":20,"turns":4},{"damage":9,"enemies":"Chosen","floor":21,"turns":3}],"seed_played":"2210636628751694967","potions_obtained":[{"floor":2.0,"key":"AttackPotion"},{"floor":4.0,"key":"AttackPotion"},{"floor":5.0,"key":"ColorlessPotion"},{"floor":11.0,"key":"CultistPotion"},{"floor":16.0,"key":"Weak Potion"}],"is_trial":false,"path_per_floor":["M","M","M","M","M","R","E","R","T","M","M","R","?","?","R","B",null,"M","?","?","M"],"character_chosen":"IRONCLAD","items_purchased":[],"campfire_rested":2,"item_purchase_floors":[],"current_hp_per_floor":[67,63,65,56,42,42,15,15,15,14,14,36,36,13,35,24,62,38,17,9,0,0],"gold":387,"neow_bonus":"TRANSFORM_CARD","is_daily":false,"chose_seed":false,"campfire_upgraded":2,"win_rate":0.0,"timestamp":1609873439,"path_taken":["M","M","?","M","M","R","E","R","T","M","M","R","?","?","R","BOSS","M","?","?","M"],"items_purchased_type":[],"build_version":"2020-12-22","purchased_purges":0,"victory":false,"max_hp_per_floor":[75,75,75,75,75,75,75,75,75,75,75,75,75,75,75,75,75,79,79,82,82,82],"card_choices":[{"not_picked":["Anger","Headbutt"],"picked":"Blood for Blood","floor":1.0},{"not_picked":["Inflame","Dual Wield"],"picked":"Armaments","floor":2.0},{"not_picked":["Sever Soul","Burning Pact","Clothesline"],"picked":"SKIP","floor":3.0},{"not_picked":["True Grit","Flex","Havoc"],"picked":"SKIP","floor":4.0},{"not_picked":["Wild Strike","Sword Boomerang"],"picked":"Offering","floor":5.0},{"not_picked":["Headbutt","Clash"],"picked":"Power Through","floor":7.0},{"not_picked":["Clash","Warcry+1"],"picked":"Shrug It Off+1","floor":10.0},{"not_picked":["Thunderclap","Sword Boomerang"],"picked":"Warcry+1","floor":11.0},{"not_picked":["Reaper","Demon Form"],"picked":"Feed","floor":16.0},{"not_picked":["Havoc+1","Flex+1","Anger"],"picked":"SKIP","floor":18.0},{"not_picked":["Wild Strike","Iron Wave"],"picked":"Carnage","floor":20}],"player_experience":604524,"relics_obtained":[{"floor":7.0,"key":"Red Skull"},{"floor":9.0,"key":"Toxic Egg 2"},{"floor":19,"key":"Necronomicon"},{"floor":20,"key":"Red Mask"}],"event_choices":[{"damage_healed":0.0,"max_hp_gain":0.0,"max_hp_loss":0.0,"gold_gain":30.0,"event_name":"Dead Adventurer","player_choice":"Searched \u00272\u0027 times","floor":13.0,"gold_loss":0.0,"damage_taken":0.0},{"damage_healed":0.0,"max_hp_gain":0.0,"max_hp_loss":0.0,"gold_gain":0.0,"event_name":"Shining Light","player_choice":"Entered Light","floor":14.0,"gold_loss":0.0,"damage_taken":23.0,"cards_upgraded":["Offering","Rupture"]},{"damage_healed":0,"gold_gain":0,"player_choice":"Obtained Book","damage_taken":21,"max_hp_gain":0,"max_hp_loss":0,"event_name":"Cursed Tome","floor":19,"gold_loss":0},{"damage_healed":0,"gold_gain":0,"player_choice":"Fought Bandits","damage_taken":0,"max_hp_gain":0,"max_hp_loss":0,"event_name":"Masked Bandits","floor":20,"gold_loss":0}],"is_beta":false,"boss_relics":[{"not_picked":["Black Star","Coffee Dripper"],"picked":"Mark of Pain"}],"items_purged_floors":[],"is_endless":false,"potions_floor_spawned":[2,4,5,11,16],"killed_by":"Chosen","ascension_level":20}}