{"host":"vumwfieg2b2mnrfl","time":1609888607,"event":{"mods":["AchievementEnabler","BaseMod","Minty Spire (QoL Compilation)","Rare Cards Sparkle","Relic Stats"],"gold_per_floor":[116,191,38,38,49,74,86,126,138,150,162,174,216,238,250,334,346,370,398,410,436,123,153,153,153,153],"floor_reached":25,"playtime":690,"items_purged":["Strike_R"],"score":459,"play_id":"18ca8142-2489-4ae0-b488-674dcad545f6","local_time":"20210105171647","is_ascension_mode":true,"campfire_choices":[{"data":"Bash","floor":7.0,"key":"SMITH"},{"data":"Metallicize","floor":10.0,"key":"SMITH"},{"data":"Metallicize","floor":12.0,"key":"SMITH"},{"data":"Flame Barrier","floor":15.0,"key":"SMITH"}],"circlet_count":0,"master_deck":["AscendersBane","Strike_R","Strike_R","Strike_R","Defend_R","Defend_R","Defend_R","Defend_R","Bash+1","Metallicize+1","Metallicize+1","Immolate","Disarm","Flame Barrier+1","Barricade","Headbutt","Dual Wield","Armaments"],"relics":["Burning Blood","NeowsBlessing","DollysMirror","MawBank","Turnip","Question Card","Bag of Marbles","Busted Crown","Ancient Tea Set","Kunai","Matryoshka"],"acts_visited":["Exordium","TheCity"],"potions_floor_usage":[23,25],"damage_taken":[{"damage":0.0,"enemies":"2 Louse","floor":1.0,"turns":1.0},{"damage":0.0,"enemies":"Cultist","floor":5.0,"turns":1.0},{"damage":0.0,"enemies":"Lagavulin","floor":6.0,"turns":1.0},{"damage":18.0,"enemies":"3 Sentries","floor":8.0,"turns":4.0},{"damage":24.0,"enemies":"Gremlin Nob","floor":13.0,"turns":5.0},{"damage":1.0,"enemies":"Jaw Worm","floor":14.0,"turns":5.0},{"damage":54.0,"enemies":"Slime Boss","floor":16.0,"turns":14.0},{"damage":10.0,"enemies":"Shell Parasite","floor":18.0,"turns":8.0},{"damage":4.0,"enemies":"Chosen","floor":19.0,"turns":8.0},{"damage":26.0,"enemies":"Snecko","floor":21.0,"turns":8.0},{"damage":33,"enemies":"Slavers","floor":23,"turns":8},{"damage":13,"enemies":"Snake Plant","floor":25,"turns":2}],"seed_played":"-6261508610018278877","potions_obtained":[{"floor":1.0,"key":"Block Potion"},{"floor":11.0,"key":"Regen Potion"},{"floor":19.0,"key":"SteroidPotion"},{"floor":23,"key":"SkillPotion"}],"is_trial":false,"path_per_floor":["M","?","$","?","M","E","R","E","T","R","?","R","E","M","R","B",null,"M","M","?","M","$","E","?","M"],"character_chosen":"IRONCLAD","items_purchased":["DollysMirror","Kunai"],"campfire_rested":0,"item_purchase_floors":[3,22],"current_hp_per_floor":[74,63,63,63,69,75,75,63,63,63,63,63,45,50,50,17,61,57,59,59,39,39,12,12,0,0],"gold":153,"neow_bonus":"THREE_ENEMY_KILL","is_daily":false,"chose_seed":false,"campfire_upgraded":4,"win_rate":0.0,"timestamp":1609888607,"path_taken":["M","?","$","?","?","E","R","E","T","R","?","R","E","M","R","BOSS","BOSS","M","M","?","?","$","E","?","M"],"items_purchased_type":["Relic","Relic"],"build_version":"2020-12-22","purchased_purges":1,"victory":false,"max_hp_per_floor":[75,75,75,75,75,75,75,75,75,75,75,75,75,75,75,75,75,75,75,75,75,75,75,75,75,75],"relic_stats":{"Busted Crown":8,"counters":[12,65],"Turnip":[8],"Kunai":[0],"MawBank":192,"Question Card":8,"obtain_stats":[{"Busted Crown":17,"Matryoshka":23,"NeowsBlessing":0,"DollysMirror":3,"Turnip":8,"Bag of Marbles":13,"Kunai":22,"MawBank":6,"Question Card":9,"Ancient Tea Set":20,"Burning Blood":0},{"Busted Crown":7,"Matryoshka":11,"NeowsBlessing":0,"DollysMirror":1,"Turnip":4,"Bag of Marbles":5,"Kunai":10,"MawBank":3,"Question Card":4,"Ancient Tea Set":9,"Burning Blood":0},{"Busted Crown":31,"Matryoshka":63,"NeowsBlessing":0,"DollysMirror":1,"Turnip":7,"Bag of Marbles":12,"Kunai":55,"MawBank":3,"Question Card":7,"Ancient Tea Set":47,"Burning Blood":0}],"Burning Blood":66},"card_choices":[{"not_picked":["Carnage","True Grit"],"picked":"Metallicize","floor":1.0},{"not_picked":["Seeing Red","Warcry","Clash"],"picked":"SKIP","floor":5.0},{"not_picked":["Heavy Blade","Spot Weakness"],"picked":"Immolate","floor":6.0},{"not_picked":["Intimidate","Flex","Carnage"],"picked":"SKIP","floor":8.0},{"not_picked":["Burning Pact","Wild Strike","Perfected Strike"],"picked":"Disarm","floor":13.0},{"not_picked":["Wild Strike","Combust","Sentinel"],"picked":"Flame Barrier","floor":14.0},{"not_picked":["Exhume","Bludgeon","Corruption"],"picked":"Barricade","floor":16.0},{"not_picked":["Twin Strike"],"picked":"Headbutt","floor":18.0},{"not_picked":["Twin Strike"],"picked":"Dual Wield","floor":19.0},{"not_picked":["Warcry"],"picked":"Armaments","floor":21.0},{"not_picked":["Havoc","Sword Boomerang"],"picked":"SKIP","floor":23}],"player_experience":372294,"relics_obtained":[{"floor":6.0,"key":"MawBank"},{"floor":8.0,"key":"Turnip"},{"floor":9.0,"key":"Question Card"},{"floor":13.0,"key":"Bag of Marbles"},{"floor":23,"key":"Matryoshka"}],"event_choices":[{"damage_healed":0.0,"max_hp_gain":0.0,"max_hp_loss":0.0,"gold_gain":75.0,"event_name":"World of Goop","player_choice":"Gather Gold","floor":2.0,"gold_loss":0.0,"damage_taken":11.0},{"cards_removed":["Strike_R"],"damage_healed":0.0,"max_hp_gain":0.0,"max_hp_loss":0.0,"gold_gain":0.0,"event_name":"Purifier","player_choice":"Purged","floor":4.0,"gold_loss":0.0,"damage_taken":0.0},{"damage_healed":0.0,"max_hp_gain":0.0,"max_hp_loss":0.0,"gold_gain":0.0,"event_name":"Lab","player_choice":"Got Potions","floor":11.0,"gold_loss":0.0,"damage_taken":0.0},{"damage_healed":0.0,"max_hp_gain":0.0,"max_hp_loss":0.0,"gold_gain":0.0,"event_name":"WeMeetAgain","player_choice":"Gave Potion","floor":20.0,"gold_loss":0.0,"damage_taken":0.0,"relics_obtained":["Ancient Tea Set"]},{"damage_healed":0,"gold_gain":0,"player_choice":"Ignored","damage_taken":0,"max_hp_gain":0,"max_hp_loss":0,"event_name":"Cursed Tome","floor":24,"gold_loss":0}],"is_beta":false,"boss_relics":[{"not_picked":["SlaversCollar","Sozu"],"picked":"Busted Crown"}],"items_purged_floors":[22],"is_endless":false,"potions_floor_spawned":[1,13,14,19,23],"killed_by":"Snake Plant","ascension_level":15}}