{"host":"7t8rqoeeopyy0nh0","time":1609844223,"event":{"mods":["AchievementEnabler","BaseMod","Better Third Choice","BetterRewards","Colored Map","Colored Powertips","Conspire","Downfall","Hubris","Infinite Spire","Minty Spire (QoL Compilation)","Permanent Neow","Quick Restart","Rare Cards Sparkle","Replay The Spire","StSLib","The Jungle","The Servant 0.9.4"],"gold_per_floor":[109,40,52,89,14,14,40,55,78,78,78,78],"floor_reached":11,"playtime":261,"items_purged":["Strike_G"],"score":114,"play_id":"4ce4d620-70a2-4fd3-ac93-6e443fe0a536","local_time":"20210105055703","is_ascension_mode":true,"campfire_choices":[{"data":"Crippling Poison","floor":6,"key":"SMITH"}],"circlet_count":0,"master_deck":["AscendersBane","Strike_G","Strike_G+1","Strike_G","Strike_G+1","Defend_G","Defend_G","Defend_G","Defend_G","Defend_G","Survivor","Neutralize","Poisoned Stab","Noxious Fumes","Acrobatics","Crippling Poison+1","Deadly Poison","hubris:Sloth"],"relics":["Cursed Key","Art of War","Replay:Ringing Soul","Whetstone"],"acts_visited":["Exordium"],"potions_floor_usage":[],"damage_taken":[{"damage":7,"enemies":"Jaw Worm","floor":1,"turns":4},{"damage":1,"enemies":"Small Slimes","floor":3,"turns":4},{"damage":22,"enemies":"conspire:MimicChest","floor":4,"turns":6},{"damage":21,"enemies":"Gremlin Nob","floor":7,"turns":5},{"damage":4,"enemies":"2 Louse","floor":8,"turns":2},{"damage":22,"enemies":"Lagavulin","floor":11,"turns":3}],"seed_played":"-879637291177459764","potions_obtained":[],"is_trial":false,"path_per_floor":["M","$","M","?","$","R","E","M","T","?","E"],"character_chosen":"THE_SILENT","items_purchased":["Noxious Fumes"],"campfire_rested":0,"item_purchase_floors":[2],"current_hp_per_floor":[56,56,55,33,33,33,15,11,14,14,0,0],"gold":78,"neow_bonus":"BOSS_RELIC","is_daily":false,"chose_seed":false,"campfire_upgraded":1,"win_rate":0.0,"timestamp":1609844223,"path_taken":["M","$","M","?","$","R","E","M","T","?","E"],"items_purchased_type":["Card"],"build_version":"2020-12-22","purchased_purges":1,"victory":false,"max_hp_per_floor":[70,70,70,70,70,70,73,73,76,76,76,76],"card_choices":[{"not_picked":["Bane","Deflect"],"picked":"Poisoned Stab","floor":1},{"not_picked":["Wraith Form v2","Fluid Movement"],"picked":"Acrobatics","floor":3},{"not_picked":["Flying Knee","Dagger Throw"],"picked":"Crippling Poison","floor":4},{"not_picked":["Endless Agony","ReplayTheSpireMod:Speed Training"],"picked":"Deadly Poison","floor":7},{"not_picked":["Terror","Concentrate","Underhanded Strike"],"picked":"SKIP","floor":8}],"player_experience":388171,"relics_obtained":[{"floor":4,"key":"Art of War"},{"floor":7,"key":"Replay:Ringing Soul"},{"floor":9,"key":"Whetstone"}],"event_choices":[],"is_beta":false,"boss_relics":[],"items_purged_floors":[5],"is_endless":false,"potions_floor_spawned":[],"killed_by":"Lagavulin","ascension_level":12}}