{"host":"6p0attdrtjqaih7v","time":1609805915,"event":{"mods":["2.2 Compatiblity","AchievementEnabler","Bard","BaseMod","Better Skull","Better Third Choice","Colored Powertips","Hermit","Highlight Path","Jorbs\u0027s Wanderer Trilogy","Key Reminder","Minty Spire (QoL Compilation)","Permanent Neow","Quick Restart","Random Character Button","Relic Stats","Replay The Spire","StSLib","The Construct"],"gold_per_floor":[118,118,137,152,77,112,112,112,136,163,204,38,74,90,90,183,183,199,199,199,39,60,60,60,60],"floor_reached":24,"playtime":790,"items_purged":[],"score":498,"play_id":"2b5feeb7-7ab1-4c97-a219-04e902935499","local_time":"20210104191835","is_ascension_mode":true,"campfire_choices":[{"floor":8,"key":"REST"},{"data":"ReplayTheSpireMod:Limb From Limb","floor":15,"key":"SMITH"},{"data":"Armaments","floor":23,"key":"SMITH"}],"circlet_count":0,"master_deck":["AscendersBane","Strike_R+1","Strike_R","Strike_R","Strike_R","Defend_R","Defend_R+2","Defend_R+1","Defend_R","Bash+1","Hemokinesis","Anger","Clothesline+1","Disarm+1","ReplayTheSpireMod:Limb From Limb+1","Battle Trance","Anger","Impervious","RitualDagger","Armaments+1"],"relics":["Burning Blood","Golden Idol","Simple Rune","Pen Nib","Gremlin Food","construct:FoamFinger","Bag of Preparation","War Paint","Black Star","Nunchaku"],"acts_visited":["Exordium","TheCity"],"potions_floor_usage":[6,16,22],"damage_taken":[{"damage":5,"enemies":"Small Slimes","floor":1,"turns":3},{"damage":3,"enemies":"2 Louse","floor":3,"turns":4},{"damage":9,"enemies":"Jaw Worm","floor":4,"turns":3},{"damage":28,"enemies":"3 Sentries","floor":6,"turns":8},{"damage":16,"enemies":"Replay:BlueRogue","floor":11,"turns":5},{"damage":16,"enemies":"Lagavulin","floor":13,"turns":5},{"damage":0,"enemies":"Blue Slaver","floor":14,"turns":3},{"damage":4,"enemies":"Hexaghost","floor":16,"turns":6},{"damage":21,"enemies":"2 Thieves","floor":18,"turns":3},{"damage":9,"enemies":"Spheric Guardian","floor":22,"turns":6},{"damage":46,"enemies":"Slavers","floor":24,"turns":5}],"seed_played":"8607079233676353994","potions_obtained":[{"floor":1,"key":"Weak Potion"},{"floor":3,"key":"SkillPotion"},{"floor":14,"key":"DuplicationPotion"}],"is_trial":false,"path_per_floor":["M","?","M","M","?","E","?","R","T","T","E","$","E","M","R","B",null,"M","?","?","$","M","R","E"],"character_chosen":"IRONCLAD","items_purchased":["Bag of Preparation","Nunchaku"],"campfire_rested":1,"item_purchase_floors":[12,21],"current_hp_per_floor":[69,68,68,65,65,43,23,43,43,43,33,33,23,29,29,31,59,44,38,38,38,35,35,0,0],"gold":60,"neow_bonus":"UPGRADE_CARD","is_daily":false,"chose_seed":false,"campfire_upgraded":2,"win_rate":0.0,"timestamp":1609805915,"path_taken":["M","?","M","M","?","E","?","R","T","?","E","$","E","M","R","BOSS","M","?","?","$","M","R","E"],"items_purchased_type":["Relic","Relic"],"build_version":"2020-12-22","purchased_purges":0,"victory":false,"max_hp_per_floor":[75,68,68,68,68,68,68,68,68,68,68,68,68,68,68,68,68,68,68,68,68,68,68,68,68],"relic_stats":{"Nunchaku":[2],"counters":[11,51],"Golden Idol":58,"Pen Nib":[7],"Bag of Preparation":[12],"Black Star":0,"War Paint":["Disarm","Defend_R"],"obtain_stats":[{"Gremlin Food":10,"Nunchaku":21,"construct:FoamFinger":11,"Golden Idol":2,"Simple Rune":6,"Pen Nib":9,"Bag of Preparation":12,"Black Star":17,"War Paint":13,"Burning Blood":0},{"Gremlin Food":4,"Nunchaku":9,"construct:FoamFinger":5,"Golden Idol":1,"Simple Rune":4,"Pen Nib":4,"Bag of Preparation":5,"Black Star":8,"War Paint":6,"Burning Blood":0},{"Gremlin Food":18,"Nunchaku":40,"construct:FoamFinger":23,"Golden Idol":3,"Simple Rune":18,"Pen Nib":18,"Bag of Preparation":23,"Black Star":37,"War Paint":28,"Burning Blood":0}],"Burning Blood":57},"card_choices":[{"not_picked":["Havoc","Rage"],"picked":"Hemokinesis","floor":1},{"not_picked":["Carnage","Heavy Blade"],"picked":"Anger","floor":3},{"not_picked":["Wild Strike","Clash"],"picked":"Clothesline","floor":4},{"not_picked":["Cleave","Brutality"],"picked":"Disarm","floor":6},{"not_picked":["Reckless Charge","Flex"],"picked":"ReplayTheSpireMod:Limb From Limb","floor":11},{"not_picked":["Spot Weakness","Uppercut"],"picked":"Battle Trance","floor":13},{"not_picked":["Uppercut","Wild Strike"],"picked":"Anger","floor":14},{"not_picked":["Corruption","Reaper"],"picked":"Impervious","floor":16},{"not_picked":["Headbutt","Flex","Wild Strike"],"picked":"SKIP","floor":18},{"not_picked":["Iron Wave","Whirlwind"],"picked":"Armaments","floor":22}],"player_experience":940307,"relics_obtained":[{"floor":6,"key":"Simple Rune"},{"floor":9,"key":"Pen Nib"},{"floor":10,"key":"Gremlin Food"},{"floor":11,"key":"construct:FoamFinger"},{"floor":13,"key":"War Paint"}],"event_choices":[{"damage_healed":0,"gold_gain":0,"player_choice":"Lose Max HP","damage_taken":0,"relics_obtained":["Golden Idol"],"max_hp_gain":0,"max_hp_loss":7,"event_name":"Golden Idol","floor":2,"gold_loss":0},{"cards_removed":["Strike_R"],"damage_healed":0,"gold_gain":0,"player_choice":"Card Removal","damage_taken":0,"max_hp_gain":0,"max_hp_loss":0,"event_name":"The Cleric","floor":5,"gold_loss":75},{"damage_healed":0,"gold_gain":0,"player_choice":"Entered Light","damage_taken":20,"max_hp_gain":0,"max_hp_loss":0,"event_name":"Shining Light","floor":7,"gold_loss":0,"cards_upgraded":["Clothesline","Defend_R"]},{"damage_healed":0,"gold_gain":0,"player_choice":"Joined the Cult","damage_taken":6,"max_hp_gain":0,"max_hp_loss":0,"event_name":"Nest","floor":19,"gold_loss":0,"cards_obtained":["RitualDagger"]},{"damage_healed":0,"gold_gain":0,"player_choice":"Ignored","damage_taken":0,"max_hp_gain":0,"max_hp_loss":0,"event_name":"The Mausoleum","floor":20,"gold_loss":0}],"is_beta":false,"boss_relics":[{"not_picked":["SlaversCollar","construct:ClawGrip"],"picked":"Black Star"}],"items_purged_floors":[],"is_endless":false,"potions_floor_spawned":[1,3,4,14],"killed_by":"Slavers","ascension_level":18}}