{"host":"omv42op7s93bjjql","time":1609861378,"event":{"mods":["BaseMod","Colored Map","Colored Powertips","DeckTracker","Keyboard Shortcuts","Minty Spire (QoL Compilation)","StSLib","SuperFastMode"],"gold_per_floor":[119,134,134,154,172,172,60,60,60,89,89,108,108,138,138,217,217,236,252,167,177,177,177],"floor_reached":22,"playtime":843,"items_purged":["Strike_B"],"score":392,"play_id":"ded6eaf8-faaa-451c-9f6b-e855f42fdab4","local_time":"20210106004258","is_ascension_mode":true,"campfire_choices":[{"data":"Dualcast","floor":6,"key":"SMITH"},{"data":"Sunder","floor":8,"key":"SMITH"},{"data":"Chaos","floor":11,"key":"SMITH"},{"floor":15,"key":"REST"}],"circlet_count":0,"master_deck":["AscendersBane","Strike_B","Strike_B","Strike_B","Defend_B","Defend_B","Defend_B","Defend_B","Zap","Dualcast+1","Gash","Hologram","Compile Driver","Chill","Sunder+1","Chaos+1","Coolheaded","Static Discharge","Seek","Cold Snap","Coolheaded+1","Aggregate"],"relics":["Cracked Core","StrikeDummy","Pear","Pocketwatch","Tiny Chest","Shovel","Runic Pyramid","Smiling Mask"],"acts_visited":["Exordium","TheCity"],"potions_floor_usage":[14,18,22],"damage_taken":[{"damage":2,"enemies":"Cultist","floor":1,"turns":4},{"damage":1,"enemies":"2 Louse","floor":2,"turns":2},{"damage":0,"enemies":"Small Slimes","floor":4,"turns":2},{"damage":7,"enemies":"Looter","floor":5,"turns":3},{"damage":26,"enemies":"3 Sentries","floor":10,"turns":7},{"damage":0,"enemies":"2 Fungi Beasts","floor":12,"turns":3},{"damage":23,"enemies":"Lagavulin","floor":14,"turns":5},{"damage":35,"enemies":"The Guardian","floor":16,"turns":10},{"damage":0,"enemies":"Chosen","floor":18,"turns":3},{"damage":7,"enemies":"Spheric Guardian","floor":19,"turns":5},{"damage":42,"enemies":"Centurion and Healer","floor":21,"turns":7},{"damage":22,"enemies":"Shelled Parasite and Fungi","floor":22,"turns":2}],"seed_played":"-1711365939623854108","potions_obtained":[{"floor":1,"key":"Regen Potion"},{"floor":12,"key":"Energy Potion"},{"floor":14,"key":"SpeedPotion"},{"floor":16,"key":"DuplicationPotion"}],"is_trial":false,"path_per_floor":["M","M","?","M","M","R","$","R","T","E","R","M","?","E","R","B",null,"M","M","?","M","M"],"character_chosen":"DEFECT","items_purchased":["Sunder"],"campfire_rested":1,"item_purchase_floors":[7],"current_hp_per_floor":[69,68,68,68,61,61,61,61,71,45,45,45,34,11,37,2,67,67,60,60,18,0,0],"gold":177,"neow_bonus":"TEN_PERCENT_HP_BONUS","is_daily":false,"chose_seed":false,"campfire_upgraded":3,"win_rate":0.0,"timestamp":1609861378,"path_taken":["M","M","?","M","M","R","$","R","T","E","R","?","?","E","R","BOSS","M","M","?","M","M"],"items_purchased_type":["Card"],"build_version":"2020-12-22","purchased_purges":1,"victory":false,"max_hp_per_floor":[78,78,78,78,78,78,78,78,88,88,88,88,88,88,88,88,88,88,88,88,88,88,88],"card_choices":[{"not_picked":["Genetic Algorithm","Stack"],"picked":"Gash","floor":1},{"not_picked":["Hello World","Stack"],"picked":"Hologram","floor":2},{"not_picked":["Streamline","Tempest"],"picked":"Compile Driver","floor":4},{"not_picked":["Reinforced Body","Compile Driver"],"picked":"Chill","floor":5},{"not_picked":["Stack","Rip and Tear"],"picked":"Chaos","floor":10},{"not_picked":["Conserve Battery","Buffer"],"picked":"Coolheaded","floor":12},{"not_picked":["Storm","Hologram"],"picked":"Static Discharge","floor":14},{"not_picked":["Multi-Cast","Fission"],"picked":"Seek","floor":16},{"not_picked":["Rebound","Double Energy"],"picked":"Cold Snap","floor":18},{"not_picked":["Beam Cell","Cold Snap"],"picked":"Coolheaded+1","floor":19},{"not_picked":["Chaos","Sweeping Beam"],"picked":"Aggregate","floor":21}],"player_experience":844870,"relics_obtained":[{"floor":9,"key":"Pear"},{"floor":10,"key":"Pocketwatch"},{"floor":14,"key":"Shovel"}],"event_choices":[{"damage_healed":0,"gold_gain":0,"player_choice":"Gave Potion","damage_taken":0,"relics_obtained":["StrikeDummy"],"max_hp_gain":0,"max_hp_loss":0,"event_name":"WeMeetAgain","floor":3,"gold_loss":0},{"damage_healed":0,"gold_gain":0,"player_choice":"Success","damage_taken":11,"relics_obtained":["Tiny Chest"],"max_hp_gain":0,"max_hp_loss":0,"event_name":"Scrap Ooze","floor":13,"gold_loss":0},{"damage_healed":0,"gold_gain":0,"player_choice":"Obtained Relic","damage_taken":0,"relics_obtained":["Smiling Mask"],"max_hp_gain":0,"max_hp_loss":0,"event_name":"Addict","floor":20,"gold_loss":85}],"is_beta":false,"boss_relics":[{"not_picked":["SacredBark","Nuclear Battery"],"picked":"Runic Pyramid"}],"items_purged_floors":[7],"is_endless":false,"potions_floor_spawned":[1,12,14,16],"killed_by":"Shelled Parasite and Fungi","ascension_level":20}}