{"host":"q3i87yx2dgqr54co","time":1609865618,"event":{"mods":["BaseMod","Block Reminder","Colored Map","Colored Powertips","DeckTracker","Highlight Path","Minty Spire (QoL Compilation)","Permanent Neow","Potionbrewer","Quick Restart","Relic Sorter","Relic Stats","StSLib","The Bug Knight","The Gatherer","The Sage"],"gold_per_floor":[112,112,25,35,54,89,89,107,156,185,185,204,23,23,23,126,126,141,154,172,191,191,191,223,223,223],"floor_reached":25,"playtime":2186,"items_purged":["Strike_G"],"score":256,"play_id":"1ec133c7-0425-4468-8dbe-d3b827c6cbc0","local_time":"20210105115338","is_ascension_mode":true,"campfire_choices":[{"floor":15.0,"key":"REST"},{"floor":23,"key":"REST"}],"circlet_count":0,"master_deck":["Strike_G","Strike_G","Strike_G","Defend_G","Defend_G","Defend_G","Defend_G","Defend_G","Survivor","Neutralize","Envenom+1","Cloak And Dagger","Blade Dance","Noxious Fumes","Blade Dance","Backstab","Endless Agony","Parasite","Calculated Gamble","Prepared","Burst","Expertise","Cloak And Dagger","Distraction+1","Choke"],"relics":["Ring of the Snake","Meat on the Bone","Smiling Mask","SlaversCollar","potionbrewer:ToyAutogyro"],"acts_visited":[],"potions_floor_usage":[21,21],"damage_taken":[{"damage":0.0,"enemies":"2 Louse","floor":1.0,"turns":3.0},{"damage":0.0,"enemies":"Cultist","floor":4.0,"turns":3.0},{"damage":2.0,"enemies":"Jaw Worm","floor":5.0,"turns":3.0},{"damage":15.0,"enemies":"3 Sentries","floor":6.0,"turns":7.0},{"damage":14.0,"enemies":"Exordium Wildlife","floor":8.0,"turns":3.0},{"damage":17.0,"enemies":"Lagavulin","floor":10.0,"turns":7.0},{"damage":0.0,"enemies":"Large Slime","floor":12.0,"turns":5.0},{"damage":37.0,"enemies":"Hexaghost","floor":16.0,"turns":9.0},{"damage":28.0,"enemies":"Shell Parasite","floor":18.0,"turns":6.0},{"damage":2.0,"enemies":"3 Byrds","floor":19.0,"turns":3.0},{"damage":31.0,"enemies":"Snecko","floor":20.0,"turns":8.0},{"damage":16,"enemies":"Centurion and Healer","floor":21,"turns":6},{"damage":27,"enemies":"Book of Stabbing","floor":24,"turns":6},{"damage":44,"enemies":"Snake Plant","floor":25,"turns":4}],"seed_played":"2667274705555410266","potions_obtained":[{"floor":5.0,"key":"sagemod:Wine"},{"floor":6.0,"key":"potionbrewer:BoundlessPotion"},{"floor":10.0,"key":"SpeedPotion"},{"floor":20,"key":"DistilledChaos"}],"is_trial":false,"path_per_floor":["M","?","$","M","M","E","?","M","T","E","?","M","$","?","R","B",null,"M","M","M","M","?","R","E","M"],"character_chosen":"THE_SILENT","items_purchased":["Blade Dance","Noxious Fumes","Fruit Juice","LiquidBronze"],"campfire_rested":2,"item_purchase_floors":[3,3,13,13],"current_hp_per_floor":[70,70,70,70,68,53,70,56,56,39,44,44,52,45,69,44,83,55,53,34,30,30,54,39,0,0],"gold":223,"neow_bonus":"ONE_RANDOM_RARE_CARD","is_daily":false,"chose_seed":false,"campfire_upgraded":0,"win_rate":0.0,"timestamp":1609865618,"path_taken":["M","?","?","M","M","E","?","?","T","E","?","M","$","?","R","BOSS","M","M","M","M","?","R","E","M"],"items_purchased_type":["Card","Card","Potion","Potion"],"build_version":"2020-12-22","purchased_purges":1,"victory":false,"max_hp_per_floor":[70,70,70,70,70,70,70,70,70,70,75,75,83,83,83,83,83,83,83,83,83,83,83,83,83,83],"relic_stats":{"counters":[3,16],"Smiling Mask":0,"obtain_stats":[{"SlaversCollar":0,"potionbrewer:ToyAutogyro":24,"Smiling Mask":0,"Ring of the Snake":0,"Meat on the Bone":0},{"SlaversCollar":0,"potionbrewer:ToyAutogyro":2,"Smiling Mask":0,"Ring of the Snake":0,"Meat on the Bone":0},{"SlaversCollar":0,"potionbrewer:ToyAutogyro":12,"Smiling Mask":0,"Ring of the Snake":0,"Meat on the Bone":0}],"Ring of the Snake":[6],"Meat on the Bone":24},"card_choices":[{"not_picked":["Acrobatics","Bane"],"picked":"Cloak And Dagger","floor":1.0},{"not_picked":["Eviscerate","Reflex"],"picked":"Blade Dance","floor":4.0},{"not_picked":["Underhanded Strike","Escape Plan"],"picked":"Backstab","floor":5.0},{"not_picked":["Terror","Distraction"],"picked":"Endless Agony","floor":6.0},{"not_picked":["Underhanded Strike","Crippling Poison"],"picked":"Calculated Gamble","floor":8.0},{"not_picked":["Unload","Riddle With Holes"],"picked":"Prepared","floor":10.0},{"not_picked":["Dagger Spray","Expertise","Calculated Gamble"],"picked":"SKIP","floor":12.0},{"not_picked":["Unload","Storm of Steel"],"picked":"Burst","floor":16.0},{"not_picked":["Footwork","Flying Knee"],"picked":"Expertise","floor":18.0},{"not_picked":["Sucker Punch+1","PiercingWail","Poisoned Stab+1"],"picked":"SKIP","floor":19.0},{"not_picked":["Slice+1","PiercingWail"],"picked":"Cloak And Dagger","floor":20},{"not_picked":["Poisoned Stab","Outmaneuver"],"picked":"Distraction+1","floor":21},{"not_picked":["Masterful Stab+1","Reflex"],"picked":"Choke","floor":24}],"player_experience":133812,"relics_obtained":[{"floor":6.0,"key":"Meat on the Bone"},{"floor":10.0,"key":"Smiling Mask"},{"floor":24,"key":"potionbrewer:ToyAutogyro"}],"event_choices":[{"damage_healed":0.0,"max_hp_gain":0.0,"max_hp_loss":0.0,"gold_gain":0.0,"event_name":"Accursed Blacksmith","player_choice":"Forge","floor":2.0,"gold_loss":0.0,"damage_taken":0.0,"cards_upgraded":["Envenom"]},{"damage_healed":17.0,"max_hp_gain":0.0,"max_hp_loss":0.0,"gold_gain":0.0,"event_name":"Mushrooms","player_choice":"Healed and dodged fight","floor":7.0,"gold_loss":0.0,"damage_taken":0.0,"cards_obtained":["Parasite"]},{"damage_healed":0.0,"max_hp_gain":5.0,"max_hp_loss":0.0,"gold_gain":0.0,"event_name":"Big Fish","player_choice":"Donut","floor":11.0,"gold_loss":0.0,"damage_taken":0.0},{"cards_removed":["Strike_G"],"damage_healed":0.0,"max_hp_gain":0.0,"max_hp_loss":0.0,"gold_gain":0.0,"event_name":"Golden Wing","player_choice":"Card Removal","floor":14.0,"gold_loss":0.0,"damage_taken":7.0},{"damage_healed":0,"gold_gain":0,"player_choice":"Ignored","damage_taken":0,"max_hp_gain":0,"max_hp_loss":0,"event_name":"Vampires","floor":22,"gold_loss":0}],"is_beta":false,"boss_relics":[{"not_picked":["Coffee Dripper","Ring of the Serpent"],"picked":"SlaversCollar"}],"items_purged_floors":[13],"is_endless":false,"potions_floor_spawned":[5,6,10,20],"killed_by":"Snake Plant","ascension_level":2}}