{"host":"nzm1i0l8mrsm8hd2","time":1609859501,"event":{"mods":["Act Like it!","Aspiration","BaseMod","Better Third Choice","Challenge The Spire","Conspire","Gensokyo","Minty Spire (QoL Compilation)","Pale of the Ancients","Quick Restart","Robot Space Explorer","RumiaBox-露米娅的神秘盒子","Spicy Shops","StSLib","The Jungle","Yakumo Yukari mod"],"gold_per_floor":[118,129,79,115,115,134,134,174,174,197,231,231,131,31,31,118,118,90,40,40,40,63,103,103,103,103],"floor_reached":25,"playtime":1306,"items_purged":["RobotSpaceExplorer:Strike","RobotSpaceExplorer:MiniLasers","RobotSpaceExplorer:Strike","RobotSpaceExplorer:Defend","RobotSpaceExplorer:Defend"],"score":524,"play_id":"73927b94-2310-4ec2-8419-818c5ddc108b","local_time":"20210105231141","daily_mods":["DeadlyEvents","Elite Swarm"],"is_ascension_mode":true,"campfire_choices":[{"data":"RobotSpaceExplorer:ScrapShield","floor":7.0,"key":"SMITH"},{"floor":12.0,"key":"REST"},{"floor":15.0,"key":"REST"},{"data":"RobotSpaceExplorer:Comet","floor":24,"key":"SMITH"}],"circlet_count":0,"master_deck":["RobotSpaceExplorer:Scan","RobotSpaceExplorer:DoubleFind","conspire:SpireCoStock","RobotSpaceExplorer:ScrapShield+1","RobotSpaceExplorer:DroneSwarm","RobotSpaceExplorer:Autoloader","RobotSpaceExplorer:Autoloader","RobotSpaceExplorer:TrailblazerForm","Endless Agony","Quick Slash","RobotSpaceExplorer:DualCore+1","Normality","RobotSpaceExplorer:Comet+1"],"relics":["Snecko Eye","Pear","Baka2","aspiration:HiddenCompartment","Bottled Lightning","LastBattle","Smiling Mask","InkBottle","Coffee Dripper","Unceasing Top"],"acts_visited":["Exordium","Exordium"],"potions_floor_usage":[],"damage_taken":[{"damage":1.0,"enemies":"Cultist","floor":1.0,"turns":4.0},{"damage":4.0,"enemies":"conspire:RoseBush","floor":2.0,"turns":3.0},{"damage":0.0,"enemies":"Jaw Worm","floor":4.0,"turns":3.0},{"damage":34.0,"enemies":"Lagavulin","floor":6.0,"turns":4.0},{"damage":26.0,"enemies":"Gremlin Nob","floor":8.0,"turns":7.0},{"damage":8.0,"enemies":"Large Slime","floor":10.0,"turns":4.0},{"damage":0.0,"enemies":"Lagavulin","floor":11.0,"turns":2.0},{"damage":7.0,"enemies":"Hexaghost","floor":16.0,"turns":8.0},{"damage":23.0,"enemies":"theJungle:MUSHROOMGANG","floor":18.0,"turns":4.0},{"damage":20.0,"enemies":"theJungle:GiantWrat","floor":22.0,"turns":9.0},{"damage":24,"enemies":"theJungle:Cassacara","floor":23,"turns":3},{"damage":6,"enemies":"theJungle:JungleHuntersEncounter","floor":25,"turns":1}],"seed_played":"6485415002271155774","potions_obtained":[{"floor":1.0,"key":"ColorlessPotion"},{"floor":8.0,"key":"FearPotion"},{"floor":10.0,"key":"LiquidMemories"},{"floor":11.0,"key":"RobotSpaceExplorer:RecyclePotion"},{"floor":16.0,"key":"PowerPotion"}],"is_trial":true,"path_per_floor":["M","M","?","M","T","E","R","E","T","M","E","R","$","$","R","B",null,"M","$","?","?","M","E","R","M"],"character_chosen":"RobotSpaceExplorer","items_purchased":[],"campfire_rested":2,"item_purchase_floors":[],"current_hp_per_floor":[63,69,69,69,69,35,35,9,9,1,1,25,25,25,49,42,71,48,48,48,48,28,4,4,0,0],"gold":103,"neow_bonus":"","is_daily":false,"chose_seed":false,"campfire_upgraded":2,"win_rate":0.0,"timestamp":1609859501,"path_taken":["M","?","?","M","?","E","R","E","T","?","E","R","?","$","R","BOSS","M","$","?","?","M","E","R","M"],"items_purchased_type":[],"build_version":"2020-12-22","purchased_purges":5,"victory":false,"max_hp_per_floor":[71,81,81,81,81,81,81,81,81,81,81,81,81,81,81,81,81,81,81,81,81,81,81,81,81,81],"card_choices":[{"not_picked":["RobotSpaceExplorer:MiniDrones","RobotSpaceExplorer:ImprovisedAttack"],"picked":"RobotSpaceExplorer:DoubleFind","floor":1.0},{"not_picked":["RobotSpaceExplorer:LuckyStrike","RobotSpaceExplorer:MiniDrones","RobotSpaceExplorer:Probe"],"picked":"SKIP","floor":2.0},{"not_picked":["RobotSpaceExplorer:LaserBurst","RobotSpaceExplorer:ScrapMissile"],"picked":"RobotSpaceExplorer:ScrapShield","floor":4.0},{"not_picked":["RobotSpaceExplorer:Blaster","RobotSpaceExplorer:HighVoltage"],"picked":"RobotSpaceExplorer:DroneSwarm","floor":6.0},{"not_picked":["RobotSpaceExplorer:Arsenal","RobotSpaceExplorer:BlastShield"],"picked":"RobotSpaceExplorer:Autoloader","floor":8.0},{"not_picked":["RobotSpaceExplorer:SwiftStep","RobotSpaceExplorer:ImprovisedAttack","RobotSpaceExplorer:GlueShot"],"picked":"SKIP","floor":10.0},{"not_picked":["RobotSpaceExplorer:ChargingLaser","RobotSpaceExplorer:DroneSwarm"],"picked":"RobotSpaceExplorer:Autoloader","floor":11.0},{"not_picked":["RobotSpaceExplorer:Scanner","RobotSpaceExplorer:Multitool"],"picked":"RobotSpaceExplorer:TrailblazerForm","floor":16.0},{"not_picked":["RobotSpaceExplorer:MiniBoosters","RobotSpaceExplorer:PowerGlove","RobotSpaceExplorer:SlimeMissile"],"picked":"SKIP","floor":18.0},{"not_picked":["RobotSpaceExplorer:Pulsar+1","RobotSpaceExplorer:SelfCleaning"],"picked":"RobotSpaceExplorer:DualCore+1","floor":22.0},{"not_picked":["RobotSpaceExplorer:Multitool","RobotSpaceExplorer:ChargingLaser"],"picked":"RobotSpaceExplorer:Comet","floor":23}],"player_experience":573926,"relics_obtained":[{"floor":1.0,"key":"Baka"},{"floor":2.0,"key":"Pear"},{"floor":2.0,"key":"Baka2"},{"floor":5.0,"key":"aspiration:HiddenCompartment"},{"floor":6.0,"key":"Bottled Lightning"},{"floor":8.0,"key":"LastBattle"},{"floor":9.0,"key":"Smiling Mask"},{"floor":11.0,"key":"InkBottle"},{"floor":23,"key":"Unceasing Top"}],"event_choices":[{"damage_healed":0.0,"max_hp_gain":0.0,"max_hp_loss":0.0,"gold_gain":0.0,"event_name":"conspire:Investor","player_choice":"Invest 1","floor":3.0,"gold_loss":0.0,"damage_taken":0.0},{"cards_removed":["Concentrate"],"damage_healed":0.0,"max_hp_gain":0.0,"max_hp_loss":0.0,"gold_gain":0.0,"event_name":"Purifier","player_choice":"Purged","floor":21.0,"gold_loss":0.0,"damage_taken":0.0}],"is_beta":false,"boss_relics":[{"not_picked":["Astrolabe","aspiration:DefectSkillbook"],"picked":"Coffee Dripper"}],"items_purged_floors":[13,13,14,14,19],"is_endless":false,"potions_floor_spawned":[1,8,10,11,16,18],"killed_by":"theJungle:JungleHuntersEncounter","ascension_level":20}}