{"host":"640uue19m79c7wbt","time":1609806610,"event":{"mods":["BaseMod","Colored Map","Googly Eyes","Highlight Path","Minty Spire (QoL Compilation)","Quick Restart","StSLib"],"gold_per_floor":[114,64,64,239,49,49,124,149,149,184,184,198,232,244,244,346,346,356,356,375,387,91,122,122,148,148,148,166,186,186,203,203,302,302,320,320,270,286,246,273,286,303,303,303,303,303,332,345,345,345,345],"floor_reached":50,"playtime":1955,"items_purged":["Doubt","Writhe"],"score":981,"play_id":"650a7e5f-616f-4b7b-a388-d177f82f309d","local_time":"20210104193010","is_ascension_mode":true,"campfire_choices":[{"data":"Panache","floor":6.0,"key":"SMITH"},{"floor":11.0,"key":"REST"},{"data":"Cloak And Dagger","floor":15.0,"key":"SMITH"},{"data":"Tools of the Trade","floor":24.0,"key":"SMITH"},{"floor":30.0,"key":"REST"},{"floor":32.0,"key":"REST"},{"floor":44,"key":"REST"},{"floor":46,"key":"REST"},{"floor":49,"key":"REST"}],"circlet_count":0,"master_deck":["Strike_G","Strike_G","Strike_G","Strike_G","Defend_G","Defend_G","Defend_G+1","Defend_G","Defend_G","Survivor+1","Neutralize","Cloak And Dagger+1","Panache+1","Glass Knife","Blade Dance","Dagger Spray+1","Burst","Footwork","Tools of the Trade+1","Underhanded Strike","Accuracy+1","Underhanded Strike","Well Laid Plans","Infinite Blades","Choke","Endless Agony+1","Reflex","Terror+1","Adrenaline+1","Backstab","Cloak And Dagger","Adrenaline","Blur+1","Endless Agony","Panacea","Acrobatics+1"],"relics":["Ring of the Snake","NeowsBlessing","WingedGreaves","HornCleat","Unceasing Top","Blue Candle","WristBlade","Bag of Marbles","Lantern","InkBottle","Smiling Mask","HoveringKite","Whetstone","Ninja Scroll","Centennial Puzzle"],"acts_visited":["Exordium","TheCity","TheBeyond"],"potions_floor_usage":[50,50,50],"damage_taken":[{"damage":0.0,"enemies":"Small Slimes","floor":1.0,"turns":1.0},{"damage":0.0,"enemies":"Lagavulin","floor":8.0,"turns":1.0},{"damage":0.0,"enemies":"Gremlin Nob","floor":10.0,"turns":1.0},{"damage":0.0,"enemies":"Jaw Worm","floor":12.0,"turns":1.0},{"damage":4.0,"enemies":"Lagavulin","floor":13.0,"turns":5.0},{"damage":1.0,"enemies":"2 Louse","floor":14.0,"turns":2.0},{"damage":0.0,"enemies":"Slime Boss","floor":16.0,"turns":5.0},{"damage":7.0,"enemies":"Shell Parasite","floor":18.0,"turns":6.0},{"damage":5.0,"enemies":"2 Thieves","floor":20.0,"turns":3.0},{"damage":4.0,"enemies":"3 Cultists","floor":21.0,"turns":5.0},{"damage":15.0,"enemies":"Book of Stabbing","floor":23.0,"turns":5.0},{"damage":23.0,"enemies":"Slavers","floor":25.0,"turns":4.0},{"damage":12.0,"enemies":"Centurion and Healer","floor":28.0,"turns":3.0},{"damage":4.0,"enemies":"Shelled Parasite and Fungi","floor":29.0,"turns":4.0},{"damage":2.0,"enemies":"Snake Plant","floor":31.0,"turns":2.0},{"damage":2.0,"enemies":"Automaton","floor":33.0,"turns":6.0},{"damage":0.0,"enemies":"3 Shapes","floor":35.0,"turns":1.0},{"damage":0.0,"enemies":"Orb Walker","floor":38.0,"turns":1.0},{"damage":20.0,"enemies":"Reptomancer","floor":40.0,"turns":4.0},{"damage":4.0,"enemies":"Spire Growth","floor":41.0,"turns":3.0},{"damage":21,"enemies":"Writhing Mass","floor":42,"turns":4},{"damage":9,"enemies":"Giant Head","floor":47,"turns":5},{"damage":0,"enemies":"Jaw Worm Horde","floor":48,"turns":2},{"damage":95,"enemies":"Awakened One","floor":50,"turns":7}],"seed_played":"883197896715143698","potions_obtained":[{"floor":8.0,"key":"SkillPotion"},{"floor":10.0,"key":"SneckoOil"},{"floor":12.0,"key":"FearPotion"},{"floor":19.0,"key":"Weak Potion"},{"floor":19.0,"key":"Fire Potion"},{"floor":19.0,"key":"GamblersBrew"},{"floor":20.0,"key":"Regen Potion"},{"floor":23.0,"key":"Block Potion"},{"floor":33.0,"key":"EssenceOfSteel"},{"floor":42,"key":"Energy Potion"},{"floor":47,"key":"LiquidBronze"},{"floor":48,"key":"Regen Potion"}],"is_trial":false,"path_per_floor":["M","?","?","?","$","R","?","E","T","E","R","M","E","M","R","B",null,"M","?","M","M","$","E","R","E","T","?","M","M","R","M","R","B",null,"M","?","$","M","?","E","M","M","T","R","?","R","E","M","R","B"],"character_chosen":"THE_SILENT","items_purchased":["Panache","Well Laid Plans","Bag of Marbles"],"campfire_rested":6,"item_purchase_floors":[5,22,22],"current_hp_per_floor":[63,63,49,49,49,49,38,38,38,38,59,59,55,54,54,54,66,59,59,54,64,64,49,49,26,26,20,8,4,25,23,44,42,63,63,70,70,70,70,50,46,25,25,46,46,67,58,58,70,0,0],"gold":345,"neow_bonus":"THREE_ENEMY_KILL","is_daily":false,"chose_seed":false,"campfire_upgraded":3,"win_rate":0.0,"timestamp":1609806610,"path_taken":["M","?","?","?","$","R","?","E","T","E","R","M","E","M","R","BOSS","M","?","M","?","$","E","R","E","T","?","M","M","R","M","R","BOSS","M","?","$","M","?","E","M","?","T","R","?","R","E","M","R","BOSS"],"items_purchased_type":["Card","Card","Relic"],"build_version":"2020-12-22","purchased_purges":2,"victory":false,"max_hp_per_floor":[70,70,70,70,70,70,70,70,70,70,70,70,70,70,70,70,70,70,70,70,70,70,70,70,70,70,70,70,70,70,70,70,70,70,70,70,70,70,70,70,70,70,70,70,70,70,70,70,70,70,70],"card_choices":[{"not_picked":["Bane","Outmaneuver"],"picked":"Cloak And Dagger","floor":1.0},{"not_picked":["Deflect","PiercingWail"],"picked":"Glass Knife","floor":8.0},{"not_picked":["Skewer","Acrobatics"],"picked":"Blade Dance","floor":10.0},{"not_picked":["Catalyst","Outmaneuver"],"picked":"Dagger Spray","floor":12.0},{"not_picked":["Dodge and Roll","Slice"],"picked":"Burst","floor":13.0},{"not_picked":["Quick Slash","Sucker Punch"],"picked":"Footwork","floor":14.0},{"not_picked":["Burst","Die Die Die"],"picked":"Tools of the Trade","floor":16.0},{"not_picked":["Acrobatics","Deflect+1"],"picked":"Underhanded Strike","floor":18.0},{"not_picked":["Slice","Poisoned Stab"],"picked":"Accuracy+1","floor":20.0},{"not_picked":["Quick Slash","Noxious Fumes"],"picked":"Underhanded Strike","floor":21.0},{"not_picked":["Flechettes","Well Laid Plans+1"],"picked":"Infinite Blades","floor":23.0},{"not_picked":["All Out Attack","Burst"],"picked":"Choke","floor":25.0},{"not_picked":["Dodge and Roll","Flying Knee"],"picked":"Endless Agony","floor":28.0},{"not_picked":["Infinite Blades","Masterful Stab+1"],"picked":"Reflex","floor":29.0},{"not_picked":["Sucker Punch","Backstab"],"picked":"Terror+1","floor":31.0},{"not_picked":["Die Die Die","Tools of the Trade"],"picked":"Adrenaline","floor":33.0},{"not_picked":["Escape Plan","Underhanded Strike+1"],"picked":"Backstab","floor":35.0},{"not_picked":["Sucker Punch","Dagger Spray+1"],"picked":"Cloak And Dagger","floor":38.0},{"not_picked":["Prepared+1","Unload"],"picked":"Adrenaline","floor":40.0},{"not_picked":["Calculated Gamble","Distraction"],"picked":"Blur+1","floor":41.0},{"not_picked":["Flying Knee+1","Outmaneuver+1"],"picked":"Endless Agony","floor":42},{"not_picked":["Forethought","Dark Shackles"],"picked":"Panacea","floor":45},{"not_picked":["Distraction","Backflip+1"],"picked":"Acrobatics+1","floor":47},{"not_picked":["Quick Slash+1","Poisoned Stab+1","Dagger Spray"],"picked":"SKIP","floor":48}],"player_experience":571374,"relics_obtained":[{"floor":8.0,"key":"WingedGreaves"},{"floor":9.0,"key":"HornCleat"},{"floor":10.0,"key":"Unceasing Top"},{"floor":13.0,"key":"Blue Candle"},{"floor":23.0,"key":"Lantern"},{"floor":25.0,"key":"InkBottle"},{"floor":26.0,"key":"Smiling Mask"},{"floor":40.0,"key":"Whetstone"},{"floor":43,"key":"Ninja Scroll"},{"floor":47,"key":"Centennial Puzzle"}],"event_choices":[{"cards_removed":["Strike_G"],"damage_healed":0.0,"max_hp_gain":0.0,"max_hp_loss":0.0,"gold_gain":0.0,"event_name":"The Cleric","player_choice":"Card Removal","floor":2.0,"gold_loss":50.0,"damage_taken":0.0},{"damage_healed":0.0,"max_hp_gain":0.0,"max_hp_loss":0.0,"gold_gain":0.0,"event_name":"Shining Light","player_choice":"Entered Light","floor":3.0,"gold_loss":0.0,"damage_taken":14.0,"cards_upgraded":["Defend_G","Survivor"]},{"damage_healed":0.0,"max_hp_gain":0.0,"max_hp_loss":0.0,"gold_gain":175.0,"event_name":"Liars Game","player_choice":"AGREE","floor":4.0,"gold_loss":0.0,"damage_taken":0.0,"cards_obtained":["Doubt"]},{"damage_healed":0.0,"max_hp_gain":0.0,"max_hp_loss":0.0,"gold_gain":75.0,"event_name":"World of Goop","player_choice":"Gather Gold","floor":7.0,"gold_loss":0.0,"damage_taken":11.0},{"damage_healed":0.0,"max_hp_gain":0.0,"max_hp_loss":0.0,"gold_gain":0.0,"event_name":"Lab","player_choice":"Got Potions","floor":19.0,"gold_loss":0.0,"damage_taken":0.0},{"damage_healed":0.0,"max_hp_gain":0.0,"max_hp_loss":0.0,"gold_gain":0.0,"event_name":"Knowing Skull","player_choice":"","floor":27.0,"potions_obtained":[],"gold_loss":0.0,"damage_taken":6.0,"cards_obtained":[]},{"damage_healed":18.0,"max_hp_gain":0.0,"max_hp_loss":0.0,"gold_gain":0.0,"event_name":"Winding Halls","player_choice":"Writhe","floor":36.0,"gold_loss":0.0,"damage_taken":0.0,"cards_obtained":["Writhe"]},{"damage_healed":0.0,"max_hp_gain":0.0,"max_hp_loss":0.0,"gold_gain":0.0,"event_name":"Designer","player_choice":"Upgrade","floor":39.0,"gold_loss":40.0,"damage_taken":0.0,"cards_upgraded":["Adrenaline"]},{"damage_healed":0,"gold_gain":0,"player_choice":"Memory 1","damage_taken":0,"max_hp_gain":0,"max_hp_loss":0,"event_name":"SensoryStone","floor":45,"gold_loss":0}],"is_beta":false,"boss_relics":[{"not_picked":["Coffee Dripper","Pandora\u0027s Box"],"picked":"WristBlade"},{"not_picked":["Snecko Eye","SlaversCollar"],"picked":"HoveringKite"}],"items_purged_floors":[22,37],"is_endless":false,"potions_floor_spawned":[8,10,12,20,23,33,42,47,48],"killed_by":"Awakened One","ascension_level":8}}