{"host":"lxihx0b6awoz2w1j","time":1609809069,"event":{"mods":["Aspiration","BaseMod","Better Third Choice","CapriCore","Colored Powertips","Downfall","Hermit","HololiveMod","Hubris","Infinite Spire","JesterMod","Luminous","Marisa????????","Melee Mod","Minty Spire (QoL Compilation)","Prisma Mod","Relic Stats","Shade Mod","Spicy Shops","StSLib","The Alterego","The Blue Laboratory","The Cursed","The Disciple","The Forsaken","The Immortal","The Jungle","The Runesmith","The Senshi","The Servant 0.9.4","Waifu the Spire"],"gold_per_floor":[115,115,125,137,137,172,189,201,282,282,282,301,301,28,28,127,127,146,146,163,85,97,132,132,132,158,178,178,189,208,308,308,413,413,433,433,443,458,458,458,468,468,468,468,468,468,468],"floor_reached":46,"playtime":2705,"items_purged":[],"score":492,"play_id":"cd8ac29c-29f7-4ba3-a613-337f226dcb25","local_time":"20210105021109","is_ascension_mode":false,"campfire_choices":[{"data":"Neutralize","floor":11.0,"key":"SMITH"},{"floor":13.0,"key":"REST"},{"data":"Accuracy","floor":15.0,"key":"SMITH"},{"floor":25.0,"key":"REST"},{"floor":32.0,"key":"REST"},{"floor":40,"key":"REST"},{"floor":42,"key":"RECALL"},{"floor":44,"key":"REST"}],"circlet_count":0,"master_deck":["Strike_G+1","Strike_G","Strike_G","Strike_G+1","Strike_G","Defend_G","Defend_G","Defend_G","Defend_G","Defend_G","Survivor","Neutralize+1","Quick Slash","Dagger Spray","Poisoned Stab","Deadly Poison","Flying Knee","Well Laid Plans","Poisoned Stab","Accuracy+1","Blade Dance+1","Dodge and Roll","Backflip","Infinite Blades","Blade Dance","Infinite Blades","infinitespire:Starlight","Poisoned Stab+1","Sucker Punch+1","Cloak And Dagger","Corpse Explosion","Dodge and Roll+1","Dagger Spray+1","Cloak And Dagger+1","infinitespire:Punishment","Bane"],"relics":["Ring of the Snake","hubris:Icosahedron","Snake Skull","Kunai","theSenshi:SailorFukuRelic","hubris:VirtuousBlindfold","Centennial Puzzle","Whetstone","Fusion Hammer","theForsaken:Lifeblossom","hubris:ScarierMask","hubris:AstralHammer","hubris:Towel"],"acts_visited":["Exordium","TheCity","TheBeyond"],"potions_floor_usage":[38,46,46,46],"damage_taken":[{"damage":0.0,"enemies":"Jaw Worm","floor":1.0,"turns":3.0},{"damage":1.0,"enemies":"Cultist","floor":3.0,"turns":4.0},{"damage":0.0,"enemies":"Small Slimes","floor":4.0,"turns":2.0},{"damage":18.0,"enemies":"Gremlin Nob","floor":6.0,"turns":4.0},{"damage":0.0,"enemies":"Exordium Wildlife","floor":7.0,"turns":4.0},{"damage":6.0,"enemies":"2 Fungi Beasts","floor":8.0,"turns":4.0},{"damage":14.0,"enemies":"Exordium Thugs","floor":12.0,"turns":4.0},{"damage":20.0,"enemies":"The Guardian","floor":16.0,"turns":7.0},{"damage":11.0,"enemies":"3 Byrds","floor":18.0,"turns":3.0},{"damage":15.0,"enemies":"Spheric Guardian","floor":20.0,"turns":4.0},{"damage":6.0,"enemies":"3 Cultists","floor":22.0,"turns":4.0},{"damage":26.0,"enemies":"Nightmare","floor":23.0,"turns":6.0},{"damage":8.0,"enemies":"Snecko","floor":27.0,"turns":3.0},{"damage":8.0,"enemies":"Centurion and Healer","floor":29.0,"turns":5.0},{"damage":0.0,"enemies":"Chosen and Byrds","floor":30.0,"turns":5.0},{"damage":10.0,"enemies":"Collector","floor":33.0,"turns":6.0},{"damage":13,"enemies":"3 Darklings","floor":35,"turns":4},{"damage":1,"enemies":"Orb Walker","floor":37,"turns":3},{"damage":22,"enemies":"Jaw Worm Horde","floor":38,"turns":2},{"damage":0,"enemies":"4 Shapes","floor":41,"turns":2},{"damage":23,"enemies":"Orin","floor":46,"turns":14}],"seed_played":"-1057925862405211659","potions_obtained":[{"floor":1.0,"key":"Weak Potion"},{"floor":4.0,"key":"Explosive Potion"},{"floor":5.0,"key":"SneckoOil"},{"floor":5.0,"key":"SteroidPotion"},{"floor":7.0,"key":"blueLaboratory:PhilterOfMotion"},{"floor":27.0,"key":"PowerPotion"},{"floor":30.0,"key":"EssenceOfSteel"},{"floor":38,"key":"blueLaboratory:RecallPotion"}],"is_trial":false,"path_per_floor":["M","?","M","M","?","E","M","M","T","?","R","M","R","$","R","B",null,"M","?","M","$","M","NM","?","R","T","M","?","M","M","?","R","B",null,"M","?","M","M","AVR","R","M","R","T","R","?","?"],"character_chosen":"THE_SILENT","items_purchased":["Accuracy","Blade Dance","Infinite Blades","Blade Dance"],"campfire_rested":5,"item_purchase_floors":[14,14,21,21],"current_hp_per_floor":[77,77,76,76,76,58,58,52,52,52,52,38,61,61,61,41,77,66,66,51,51,45,19,19,42,42,34,34,36,46,46,69,67,77,74,87,86,64,64,87,87,87,87,87,87,74,74],"gold":468,"neow_bonus":"TEN_PERCENT_HP_BONUS","is_daily":false,"chose_seed":false,"campfire_upgraded":2,"win_rate":0.0,"timestamp":1609809069,"path_taken":["M","?","M","M","?","E","M","?","T","?","R","M","R","?","R","BOSS","M","?","M","$","M","NM","?","R","T","M","?","M","M","?","R","BOSS","M","?","M","?","AVR","R","M","R","T","R","?","?"],"items_purchased_type":["Card","Card","Card","Card"],"build_version":"2020-12-22","purchased_purges":0,"victory":false,"max_hp_per_floor":[77,77,77,77,77,77,77,77,77,77,77,77,77,77,77,77,77,77,77,77,77,77,77,77,77,77,77,77,77,77,77,77,77,77,77,87,87,87,87,87,87,87,87,87,87,87,87],"relic_stats":{"Centennial Puzzle":[21],"counters":[21,93],"Snake Skull":[65],"Kunai":[67],"Whetstone":["Strike_G","Strike_G"],"obtain_stats":[{"hubris:VirtuousBlindfold":17,"theForsaken:Lifeblossom":39,"Snake Skull":6,"Whetstone":26,"hubris:Towel":45,"Centennial Puzzle":23,"hubris:Icosahedron":2,"hubris:AstralHammer":43,"hubris:ScarierMask":39,"Fusion Hammer":34,"Kunai":9,"theSenshi:SailorFukuRelic":10,"Ring of the Snake":0},{"hubris:VirtuousBlindfold":8,"theForsaken:Lifeblossom":19,"Snake Skull":4,"Whetstone":12,"hubris:Towel":20,"Centennial Puzzle":12,"hubris:Icosahedron":1,"hubris:AstralHammer":20,"hubris:ScarierMask":19,"Fusion Hammer":16,"Kunai":6,"theSenshi:SailorFukuRelic":6,"Ring of the Snake":0},{"hubris:VirtuousBlindfold":32,"theForsaken:Lifeblossom":77,"Snake Skull":13,"Whetstone":49,"hubris:Towel":79,"Centennial Puzzle":49,"hubris:Icosahedron":3,"hubris:AstralHammer":79,"hubris:ScarierMask":77,"Fusion Hammer":68,"Kunai":21,"theSenshi:SailorFukuRelic":21,"Ring of the Snake":0}],"Ring of the Snake":[42]},"card_choices":[{"not_picked":["Bane","Blur"],"picked":"Quick Slash","floor":1.0},{"not_picked":["Bouncing Flask","Prepared"],"picked":"Dagger Spray","floor":3.0},{"not_picked":["Outmaneuver","Dagger Throw"],"picked":"Poisoned Stab","floor":4.0},{"not_picked":["Blade Dance","Cloak And Dagger"],"picked":"Deadly Poison","floor":6.0},{"not_picked":["Endless Agony","Venomology"],"picked":"Flying Knee","floor":7.0},{"not_picked":["Outmaneuver","Choke"],"picked":"Well Laid Plans","floor":8.0},{"not_picked":["Sucker Punch","Deadly Poison"],"picked":"Poisoned Stab","floor":12.0},{"not_picked":["Malaise","Doppelganger"],"picked":"Glass Knife","floor":16.0},{"not_picked":["PiercingWail+1","Outmaneuver+1"],"picked":"Dodge and Roll","floor":18.0},{"not_picked":["Dagger Spray","Prepared"],"picked":"Backflip","floor":20.0},{"not_picked":["Terror","Deadly Poison"],"picked":"Infinite Blades","floor":22.0},{"not_picked":["hubris:InfiniteBlow+1","infinitespire:FutureSight"],"picked":"infinitespire:Starlight","floor":23.0},{"not_picked":["Bane","hubris:SlightOfHand"],"picked":"Poisoned Stab+1","floor":23.0},{"not_picked":["Deflect","Dagger Throw+1","Well Laid Plans"],"picked":"SKIP","floor":27.0},{"not_picked":["Dagger Throw","Bane"],"picked":"Sucker Punch+1","floor":29.0},{"not_picked":["Distraction+1","Deadly Poison+1"],"picked":"Cloak And Dagger","floor":30.0},{"not_picked":["Grand Finale","Venomology"],"picked":"Corpse Explosion","floor":33.0},{"not_picked":["Prepared","Underhanded Strike"],"picked":"Dodge and Roll+1","floor":35},{"not_picked":["Quick Slash","Deadly Poison+1"],"picked":"Dagger Spray+1","floor":37},{"not_picked":["Leg Sweep","Backstab"],"picked":"Cloak And Dagger+1","floor":38},{"not_picked":["Crippling Poison","Dagger Throw"],"picked":"Bane","floor":41}],"player_experience":527875,"relics_obtained":[{"floor":6.0,"key":"Snake Skull"},{"floor":9.0,"key":"Kunai"},{"floor":10.0,"key":"theSenshi:SailorFukuRelic"},{"floor":23.0,"key":"Centennial Puzzle"},{"floor":26.0,"key":"Whetstone"},{"floor":43,"key":"hubris:AstralHammer"}],"event_choices":[{"damage_healed":0.0,"max_hp_gain":0.0,"max_hp_loss":0.0,"gold_gain":0.0,"event_name":"Lab","player_choice":"Got Potions","floor":5.0,"gold_loss":0.0,"damage_taken":0.0},{"damage_healed":0.0,"max_hp_gain":0.0,"max_hp_loss":0.0,"gold_gain":0.0,"event_name":"Vampires","player_choice":"Ignored","floor":28.0,"gold_loss":0.0,"damage_taken":0.0},{"damage_healed":0.0,"max_hp_gain":0.0,"max_hp_loss":0.0,"gold_gain":100.0,"event_name":"Golden Shrine","player_choice":"Pray","floor":31.0,"gold_loss":0.0,"damage_taken":0.0},{"cards_removed":["Glass Knife"],"damage_healed":3,"gold_gain":0,"player_choice":"Offered Rare","damage_taken":0,"max_hp_gain":10,"max_hp_loss":0,"event_name":"Bonfire Elementals","floor":36,"gold_loss":0},{"damage_healed":0,"gold_gain":0,"player_choice":"Fight","damage_taken":0,"max_hp_gain":0,"max_hp_loss":0,"event_name":"OrinTheCat","floor":46,"gold_loss":0}],"is_beta":false,"boss_relics":[{"not_picked":["aspiration:WatcherSkillbook","SacredBark"],"picked":"hubris:VirtuousBlindfold"},{"not_picked":["hubris:CrackedHourglass","Coffee Dripper"],"picked":"Fusion Hammer"}],"items_purged_floors":[],"is_endless":true,"potions_floor_spawned":[1,4,7,12,18,27,30,33,38],"killed_by":"Orin","ascension_level":0}}