{"host":"kw4o7b3ro2ktmmbe","time":1609816352,"event":{"mods":["BaseMod","Evolution","Minty Spire (QoL Compilation)"],"gold_per_floor":[116,191,191,207,207,241,241,254,254,254,264,96,96,121,121,195,195,212,212,127,146,163,163,189,201,201,201,250,250,278,296,296,370,370,387,387,400,400,424,424,450,463,538,538,8,27,54,81,81,81],"floor_reached":51,"playtime":6658,"items_purged":["Defend_P"],"score":1339,"play_id":"faea8480-43f8-45b7-ad00-9b76b8a7d00c","local_time":"20210105161232","is_ascension_mode":true,"campfire_choices":[{"data":"Eruption","floor":7.0,"key":"SMITH"},{"data":"Consecrate","floor":10.0,"key":"SMITH"},{"data":"Wallop","floor":15.0,"key":"SMITH"},{"data":"Consecrate","floor":23.0,"key":"SMITH"},{"data":"Wallop","floor":27.0,"key":"SMITH"},{"data":"RitualDagger","floor":32.0,"key":"SMITH"},{"data":"Omniscience","floor":40.0,"key":"SMITH"},{"data":"LikeWater","floor":49.0,"key":"SMITH"}],"circlet_count":0,"master_deck":["AscendersBane","BowlingBash","BowlingBash","BowlingBash","BowlingBash","Defend_P+1","Defend_P+1","Eruption+1","Vigilance","WheelKick","Wallop+1","Consecrate+1","Wallop+1","LikeWater+1","Omniscience+1","Consecrate+1","JustLucky+1","RitualDagger+1","Brilliance","TalkToTheHand","ForeignInfluence","Panacea","Panacea","Swift Strike+1"],"relics":["PureWater","EVO:Axolotl","War Paint","Yang","Pantograph","Bottled Flame","Tiny Chest","HornCleat","Busted Crown","MutagenicStrength","Centennial Puzzle","Strawberry","Gremlin Horn","Orichalcum","Bottled Lightning","Sozu","Bag of Marbles","Toy Ornithopter","Nunchaku","Molten Egg 2","Eternal Feather","HandDrill","CeramicFish"],"acts_visited":["Exordium","TheCity","TheBeyond"],"potions_floor_usage":[50],"damage_taken":[{"damage":0.0,"enemies":"Small Slimes","floor":1.0,"turns":3.0},{"damage":0.0,"enemies":"Jaw Worm","floor":4.0,"turns":4.0},{"damage":14.0,"enemies":"Gremlin Nob","floor":6.0,"turns":3.0},{"damage":0.0,"enemies":"Cultist","floor":8.0,"turns":2.0},{"damage":0.0,"enemies":"Large Slime","floor":11.0,"turns":3.0},{"damage":2.0,"enemies":"3 Sentries","floor":14.0,"turns":4.0},{"damage":0.0,"enemies":"Slime Boss","floor":16.0,"turns":4.0},{"damage":0.0,"enemies":"Chosen","floor":18.0,"turns":3.0},{"damage":0.0,"enemies":"Shell Parasite","floor":21.0,"turns":4.0},{"damage":8.0,"enemies":"Shelled Parasite and Fungi","floor":22.0,"turns":5.0},{"damage":2.0,"enemies":"Slavers","floor":24.0,"turns":2.0},{"damage":0.0,"enemies":"Cultist and Chosen","floor":25.0,"turns":4.0},{"damage":0.0,"enemies":"Gremlin Leader","floor":30.0,"turns":2.0},{"damage":0.0,"enemies":"Snake Plant","floor":31.0,"turns":4.0},{"damage":61.0,"enemies":"Automaton","floor":33.0,"turns":11.0},{"damage":0.0,"enemies":"3 Shapes","floor":35.0,"turns":2.0},{"damage":0.0,"enemies":"Orb Walker","floor":37.0,"turns":3.0},{"damage":0.0,"enemies":"Transient","floor":42.0,"turns":5.0},{"damage":0.0,"enemies":"Sphere and 2 Shapes","floor":46.0,"turns":1.0},{"damage":50,"enemies":"Donu and Deca","floor":50,"turns":8}],"seed_played":"3829006323585855211","potions_obtained":[{"floor":1.0,"key":"GamblersBrew"},{"floor":8.0,"key":"StancePotion"},{"floor":11.0,"key":"BlessingOfTheForge"},{"floor":21.0,"key":"FearPotion"},{"floor":24.0,"key":"Block Potion"},{"floor":33.0,"key":"SteroidPotion"}],"is_trial":false,"path_per_floor":["M","?","?","M","T","E","R","M","T","R","M","$","?","E","R","B",null,"M","?","?","M","M","R","E","M","T","R","T","?","E","M","R","B",null,"M","?","M","?","T","R","T","M","T","?","$","M","T","?","R","B",null],"character_chosen":"WATCHER","items_purchased":["Tiny Chest","Eternal Feather","HandDrill"],"campfire_rested":0,"item_purchase_floors":[12,45,45],"current_hp_per_floor":[67,56,51,51,51,37,37,37,37,37,37,37,37,35,35,60,71,71,71,71,71,63,63,68,68,68,68,68,62,62,62,62,20,66,66,66,66,66,66,66,66,66,66,66,66,66,66,56,68,31],"gold":81,"neow_bonus":"TEN_PERCENT_HP_BONUS","is_daily":false,"chose_seed":false,"campfire_upgraded":8,"win_rate":0.0,"timestamp":1609816352,"path_taken":["M","?","?","M","?","E","R","?","T","R","M","$","?","E","R","BOSS","M","?","?","M","M","R","E","M","T","R","?","?","E","M","R","BOSS","M","?","M","?","?","R","?","?","T","?","$","M","?","?","R","BOSS"],"items_purchased_type":["Relic","Relic","Relic"],"build_version":"2020-12-22","purchased_purges":1,"victory":true,"max_hp_per_floor":[74,74,74,74,74,74,74,74,74,74,74,74,74,74,74,74,74,74,74,74,74,74,74,81,81,81,81,81,81,81,81,81,81,81,81,81,81,81,81,81,81,81,81,81,81,81,81,81,81,81],"card_choices":[{"not_picked":["FlyingSleeves","Evaluate"],"picked":"WheelKick","floor":1.0},{"not_picked":["Adaptation","ReachHeaven"],"picked":"Wallop","floor":4.0},{"not_picked":["CarveReality","EmptyFist","JustLucky"],"picked":"SKIP","floor":6.0},{"not_picked":["Evaluate","Indignation"],"picked":"Consecrate","floor":8.0},{"not_picked":["Study","PathToVictory"],"picked":"Wallop","floor":11.0},{"not_picked":["Adaptation","SignatureMove"],"picked":"LikeWater","floor":14.0},{"not_picked":["Brilliance","Judgement"],"picked":"Omniscience","floor":16.0},{"not_picked":["Evaluate"],"picked":"SKIP","floor":18.0},{"not_picked":["Halt"],"picked":"SKIP","floor":21.0},{"not_picked":[],"picked":"Consecrate","floor":22.0},{"not_picked":["Indignation"],"picked":"SKIP","floor":24.0},{"not_picked":[],"picked":"JustLucky+1","floor":25.0},{"not_picked":["Evaluate+1"],"picked":"SKIP","floor":30.0},{"not_picked":["Halt"],"picked":"SKIP","floor":31.0},{"not_picked":[],"picked":"Brilliance","floor":33.0},{"not_picked":[],"picked":"TalkToTheHand","floor":35.0},{"not_picked":["Crescendo+1"],"picked":"SKIP","floor":37.0},{"not_picked":[],"picked":"ForeignInfluence","floor":42.0},{"not_picked":["Crescendo"],"picked":"SKIP","floor":46.0},{"not_picked":[],"picked":"Panacea","floor":48.0},{"not_picked":[],"picked":"Panacea","floor":48.0},{"not_picked":[],"picked":"Swift Strike+1","floor":48.0}],"player_experience":1777267,"relics_obtained":[{"floor":5.0,"key":"Yang"},{"floor":6.0,"key":"Pantograph"},{"floor":9.0,"key":"Bottled Flame"},{"floor":14.0,"key":"HornCleat"},{"floor":24.0,"key":"Strawberry"},{"floor":26.0,"key":"Gremlin Horn"},{"floor":28.0,"key":"Orichalcum"},{"floor":30.0,"key":"Bottled Lightning"},{"floor":39.0,"key":"Toy Ornithopter"},{"floor":41.0,"key":"Nunchaku"},{"floor":43.0,"key":"Molten Egg 2"},{"floor":47.0,"key":"CeramicFish"}],"event_choices":[{"damage_healed":0.0,"max_hp_gain":0.0,"max_hp_loss":0.0,"gold_gain":75.0,"event_name":"World of Goop","player_choice":"Gather Gold","floor":2.0,"gold_loss":0.0,"damage_taken":11.0},{"damage_healed":0.0,"max_hp_gain":0.0,"max_hp_loss":0.0,"gold_gain":0.0,"event_name":"Scrap Ooze","player_choice":"Success","floor":3.0,"gold_loss":0.0,"damage_taken":5.0,"relics_obtained":["War Paint"]},{"cards_removed":["Defend_P"],"damage_healed":0.0,"max_hp_gain":0.0,"max_hp_loss":0.0,"gold_gain":0.0,"event_name":"Purifier","player_choice":"Purged","floor":13.0,"gold_loss":0.0,"damage_taken":0.0},{"damage_healed":0.0,"max_hp_gain":0.0,"max_hp_loss":0.0,"gold_gain":0.0,"event_name":"Drug Dealer","player_choice":"Inject Mutagens","floor":19.0,"gold_loss":0.0,"damage_taken":0.0,"relics_obtained":["MutagenicStrength"]},{"damage_healed":0.0,"max_hp_gain":0.0,"max_hp_loss":0.0,"gold_gain":0.0,"event_name":"Addict","player_choice":"Obtained Relic","floor":20.0,"gold_loss":85.0,"damage_taken":0.0,"relics_obtained":["Centennial Puzzle"]},{"damage_healed":0.0,"max_hp_gain":0.0,"max_hp_loss":0.0,"gold_gain":0.0,"event_name":"Nest","player_choice":"Joined the Cult","floor":29.0,"gold_loss":0.0,"damage_taken":6.0,"cards_obtained":["RitualDagger"]},{"damage_healed":0.0,"max_hp_gain":0.0,"max_hp_loss":0.0,"gold_gain":0.0,"event_name":"Tomb of Lord Red Mask","player_choice":"Ignored","floor":36.0,"gold_loss":0.0,"damage_taken":0.0},{"damage_healed":0.0,"max_hp_gain":0.0,"max_hp_loss":0.0,"gold_gain":0.0,"event_name":"WeMeetAgain","player_choice":"Gave Potion","floor":38.0,"gold_loss":0.0,"damage_taken":0.0,"relics_obtained":["Bag of Marbles"]},{"damage_healed":0.0,"max_hp_gain":0.0,"max_hp_loss":0.0,"gold_gain":0.0,"event_name":"Match and Keep!","player_choice":"0 cards matched","floor":44.0,"gold_loss":0.0,"damage_taken":0.0,"cards_obtained":[]},{"damage_healed":0.0,"max_hp_gain":0.0,"max_hp_loss":0.0,"gold_gain":0.0,"event_name":"SensoryStone","player_choice":"Memory 3","floor":48.0,"gold_loss":0.0,"damage_taken":10.0}],"is_beta":false,"boss_relics":[{"not_picked":["Cursed Key","Fusion Hammer"],"picked":"Busted Crown"},{"not_picked":["HolyWater","Runic Pyramid"],"picked":"Sozu"}],"items_purged_floors":[45],"is_endless":false,"potions_floor_spawned":[1,8,11,21,24,31,33,35],"ascension_level":16}}