{"host":"ktoxvvst1mwxww91","time":1609829260,"event":{"mods":["BaseMod","Hermit","Minty Spire (QoL Compilation)","StSLib","The Hierophant","The Mystic","The Necromancer"],"gold_per_floor":[114,114,16,16,34,34,57,57,80,80,123,123,143,183,183,183,183],"floor_reached":16,"playtime":477,"items_purged":["Strike_R"],"score":162,"play_id":"f49115bc-f33f-44fe-a240-d257d6605ef9","local_time":"20210105074740","is_ascension_mode":true,"campfire_choices":[{"data":"True Grit","floor":6,"key":"SMITH"},{"data":"Bash","floor":8,"key":"SMITH"},{"data":"Clothesline","floor":10,"key":"SMITH"},{"floor":15,"key":"REST"}],"circlet_count":0,"master_deck":["AscendersBane","Strike_R","Strike_R","Defend_R","Defend_R","Defend_R","Defend_R","Bash+1","Twin Strike","True Grit+1","Rampage","Clothesline+1","Feel No Pain","Sword Boomerang+1","Shrug It Off"],"relics":["Burning Blood","Golden Idol","GremlinMask","Art of War","Lantern","Molten Egg 2","Question Card"],"acts_visited":["Exordium"],"potions_floor_usage":[11,11,13],"damage_taken":[{"damage":8,"enemies":"2 Louse","floor":1,"turns":3},{"damage":4,"enemies":"Jaw Worm","floor":5,"turns":5},{"damage":1,"enemies":"Cultist","floor":7,"turns":4},{"damage":35,"enemies":"3 Sentries","floor":11,"turns":9},{"damage":8,"enemies":"Exordium Thugs","floor":13,"turns":4},{"damage":13,"enemies":"Lagavulin","floor":14,"turns":7},{"damage":58,"enemies":"Slime Boss","floor":16,"turns":9}],"seed_played":"3793456879720181676","potions_obtained":[{"floor":5,"key":"BlessingOfTheForge"},{"floor":7,"key":"Explosive Potion"},{"floor":11,"key":"PowerPotion"}],"is_trial":false,"path_per_floor":["M","?","$","?","M","R","M","R","T","R","E","T","M","E","R","B"],"character_chosen":"IRONCLAD","items_purchased":["True Grit"],"campfire_rested":1,"item_purchase_floors":[3],"current_hp_per_floor":[70,67,67,67,67,67,67,67,67,67,38,38,36,29,49,0,0],"gold":183,"neow_bonus":"REMOVE_TWO","is_daily":false,"chose_seed":false,"campfire_upgraded":3,"win_rate":0.0,"timestamp":1609829260,"path_taken":["M","?","$","?","?","R","M","R","T","R","E","?","M","E","R","BOSS"],"items_purchased_type":["Card"],"build_version":"2020-12-22","purchased_purges":1,"victory":false,"max_hp_per_floor":[72,67,67,67,67,67,67,67,67,67,67,67,67,67,67,67,67],"card_choices":[{"not_picked":["Havoc","Armaments"],"picked":"Twin Strike","floor":1},{"not_picked":["Searing Blow","Headbutt"],"picked":"Rampage","floor":5},{"not_picked":["Whirlwind","Second Wind"],"picked":"Clothesline","floor":7},{"not_picked":["Pummel","Dropkick"],"picked":"Feel No Pain","floor":11},{"not_picked":["Entrench","Heavy Blade+1"],"picked":"Sword Boomerang+1","floor":13},{"not_picked":["Exhume","Inflame"],"picked":"Shrug It Off","floor":14}],"player_experience":965788,"relics_obtained":[{"floor":9,"key":"Art of War"},{"floor":11,"key":"Lantern"},{"floor":12,"key":"Molten Egg 2"},{"floor":14,"key":"Question Card"}],"event_choices":[{"damage_healed":0,"gold_gain":0,"player_choice":"Lose Max HP","damage_taken":0,"relics_obtained":["Golden Idol"],"max_hp_gain":0,"max_hp_loss":5,"event_name":"Golden Idol","floor":2,"gold_loss":0},{"damage_healed":0,"gold_gain":0,"player_choice":"Trade","damage_taken":0,"relics_obtained":["GremlinMask"],"max_hp_gain":0,"max_hp_loss":0,"event_name":"FaceTrader","floor":4,"gold_loss":0}],"is_beta":false,"boss_relics":[],"items_purged_floors":[3],"is_endless":false,"potions_floor_spawned":[5,7,11],"killed_by":"Slime Boss","ascension_level":10}}