{"host":"7trwizmysqu3yl6m","time":1609863621,"event":{"mods":["Act Like it!","BaseMod","Downfall","Hallownest","Minty Spire (QoL Compilation)","StSLib","The Animator","The Bug Knight"],"gold_per_floor":[113,138,138,157,210,210,244,244,244,19,39,39,74,74,74,178,178,191,341,296,1,1,1,12,42,42,58,58,19,19,19,19,114,114,131,131,46,11,11,11],"floor_reached":39,"playtime":2317,"items_purged":["HollowMod:NailStrikeStart"],"score":509,"play_id":"c172f0bd-ba06-4a2a-8cbf-9c7a8f02aaf9","local_time":"20210105172021","is_ascension_mode":false,"campfire_choices":[{"data":"HollowMod:GrimmsGift","floor":6,"key":"SMITH"},{"data":"HollowMod:SoulEater","floor":8,"key":"SMITH"},{"data":"HollowMod:DoubleDash","floor":12,"key":"SMITH"},{"data":"HollowMod:SoulSplash","floor":15,"key":"SMITH"},{"floor":23,"key":"DIG"},{"floor":28,"key":"REST"},{"floor":32,"key":"DIG"}],"circlet_count":0,"master_deck":["HollowMod:NailStrikeStart+1","HollowMod:FocusHealStart","HollowMod:FastStrike+1","HollowMod:GrimmsGift+1","HollowMod:SoulEater+1","HollowMod:DoubleDash+1","HollowMod:SoulSplash+1","Hallownest:skillSlugHide","Hallownest:skillSlugHide","Hallownest:skillSlugHide+1","Hallownest:skillSlugHide+1","Hallownest:skillSlugHide","HollowMod:Weaversong","HollowMod:Hiveblood","HollowMod:ChannelNail+1","HollowMod:BaldurShell","Hallownest:attackMasterCycloneSlash","HollowMod:Hiveblood","Hallownest:skillKingdomsEdgeMap"],"relics":["HollowMod:VesselMask","NeowsBlessing","Anchor","Hallownest:DreamNailRelic","Art of War","Dead Branch","Whetstone","Turnip","Empty Cage","Shovel","Hallownest:WatcherSealRelic","StoneCalendar","Letter Opener","Dream Catcher","War Paint","SlaversCollar"],"acts_visited":["Exordium","Hallownest:Greenpath","Hallownest:CityofTears"],"potions_floor_usage":[18,25,27,33,39],"damage_taken":[{"damage":0,"enemies":"2_ Uuma","floor":1,"turns":1},{"damage":0,"enemies":"Hallownest:eliteVengeflyKing","floor":2,"turns":1},{"damage":0,"enemies":"Hallownest:monsterHuskGuard","floor":4,"turns":1},{"damage":37,"enemies":"Hallownest:eliteCrystalGuardian","floor":7,"turns":6},{"damage":0,"enemies":"Hallownest:2_Baldur","floor":11,"turns":3},{"damage":0,"enemies":"Hallownest:eliteVengeflyKing","floor":13,"turns":6},{"damage":46,"enemies":"Hallownest:BossHornet","floor":16,"turns":21},{"damage":18,"enemies":"Hallownest:Flukemon_and_Top","floor":18,"turns":9},{"damage":22,"enemies":"Hallownest:2_Mistakes","floor":24,"turns":7},{"damage":55,"enemies":"Hallownest:eliteWatcherKnight","floor":25,"turns":16},{"damage":14,"enemies":"Hallownest:2_Husk_Sentries","floor":27,"turns":7},{"damage":40,"enemies":"Hallownest:BossSoulMaster","floor":33,"turns":12},{"damage":100,"enemies":"Hallownest:3_Siblings","floor":35,"turns":16},{"damage":48,"enemies":"Hallownest:Shield_Heavy","floor":39,"turns":6}],"seed_played":"6106783306020589988","potions_obtained":[{"floor":1,"key":"SkillPotion"},{"floor":4,"key":"SpeedPotion"},{"floor":25,"key":"AttackPotion"},{"floor":27,"key":"LiquidMemories"},{"floor":33,"key":"Block Potion"}],"is_trial":false,"path_per_floor":["M","?","?","M","T","R","E","R","T","$","M","R","E","?","R","B",null,"M","?","?","$","?","R","M","E","T","M","R","$","?","?","R","B",null,"M","?","?","?","M"],"character_chosen":"THE_BUGKNIGHT","items_purchased":["Whetstone","Shovel","HollowMod:BaldurShell"],"campfire_rested":1,"item_purchase_floors":[10,21,29],"current_hp_per_floor":[75,75,75,75,75,75,38,38,38,38,38,38,44,44,44,10,75,63,63,63,63,63,63,51,8,8,18,40,40,36,36,36,11,75,26,41,41,41,0,0],"gold":11,"neow_bonus":"THREE_ENEMY_KILL","is_daily":false,"chose_seed":false,"campfire_upgraded":4,"win_rate":0.0,"timestamp":1609863621,"path_taken":["M","?","?","M","?","R","E","R","T","?","?","R","E","?","R","BOSS","M","?","?","$","?","R","M","E","T","?","R","?","?","?","R","BOSS","M","?","?","?","M"],"items_purchased_type":["Relic","Relic","Card"],"build_version":"2020-12-22","purchased_purges":1,"victory":false,"max_hp_per_floor":[75,75,75,75,75,75,75,75,75,75,75,75,75,75,75,75,75,75,75,75,75,75,75,75,75,75,75,75,75,75,75,75,75,75,75,75,75,75,75,75],"card_choices":[{"not_picked":["HollowMod:DungDefenderAura","HollowMod:VengefulSpirit"],"picked":"HollowMod:FastStrike","floor":1},{"not_picked":["HollowMod:ShadowDash","HollowMod:MantisMark","HollowMod:HeavyBlow"],"picked":"SKIP","floor":2},{"not_picked":["HollowMod:NewLittleFool","HollowMod:SharpenedNail"],"picked":"HollowMod:GrimmsGift","floor":4},{"not_picked":["HollowMod:SiblingsSouls","HollowMod:DescendingDark"],"picked":"HollowMod:SoulEater","floor":7},{"not_picked":["HollowMod:ZotesMagnificence","HollowMod:WraithStrike"],"picked":"HollowMod:DoubleDash","floor":11},{"not_picked":["HollowMod:SiblingsSouls","HollowMod:SharpenedNail"],"picked":"HollowMod:SoulSplash","floor":13},{"not_picked":["HollowMod:ElderbugsWisdom","HollowMod:ZotesMagnificence"],"picked":"HollowMod:Weaversong","floor":16},{"not_picked":["HollowMod:SoulVessel","HollowMod:LifebloodCocoon","HollowMod:CrystalDash"],"picked":"SKIP","floor":18},{"not_picked":["HollowMod:SoulSplash","HollowMod:DoubleDash","HollowMod:ShadowDash"],"picked":"SKIP","floor":24},{"not_picked":["HollowMod:SharpenedNail+1","HollowMod:SiblingsSouls"],"picked":"HollowMod:Hiveblood","floor":25},{"not_picked":["HollowMod:CycloneSlash","HollowMod:InfectedAttack+1","HollowMod:VengefulVoid"],"picked":"SKIP","floor":27},{"not_picked":["HollowMod:InfectedCysts","HollowMod:SharpenedShadows"],"picked":"HollowMod:ChannelNail+1","floor":28},{"not_picked":["HollowMod:HornetsHelp","HollowMod:MidwifesHunger"],"picked":"HollowMod:Hiveblood","floor":33},{"not_picked":["HollowMod:CycloneSlash","HollowMod:SoulShaman","HollowMod:SoulSplash"],"picked":"SKIP","floor":35}],"player_experience":396174,"relics_obtained":[{"floor":2,"key":"Anchor"},{"floor":7,"key":"Art of War"},{"floor":9,"key":"Dead Branch"},{"floor":13,"key":"Turnip"},{"floor":23,"key":"StoneCalendar"},{"floor":25,"key":"Letter Opener"},{"floor":26,"key":"Dream Catcher"},{"floor":32,"key":"War Paint"}],"event_choices":[],"is_beta":false,"boss_relics":[{"not_picked":["Velvet Choker","HollowMod:VoidIdolRelic"],"picked":"Empty Cage"},{"not_picked":["Sozu","Coffee Dripper"],"picked":"SlaversCollar"}],"items_purged_floors":[10],"is_endless":false,"potions_floor_spawned":[1,4,25,27,33],"killed_by":"Hallownest:Shield_Heavy","ascension_level":0}}