{"host":"ordk2y2ebcetabk6","time":1609876509,"event":{"mods":["Bard","BaseMod","Colored Map","Colored Powertips","Downfall","Highlight Path","Minty Spire (QoL Compilation)","Rare Cards Sparkle","StSLib","Wandering Minibosses","Wide Potions","thorton"],"gold_per_floor":[99,116,116,166,166,196,196,38,38,56,83,102,121,139,149,257,257,157,182,182,182,216,226,226,250,274,302,322,322,34,52,52,52],"floor_reached":32,"playtime":1821,"items_purged":["downfall:Malfunctioning","sneckomod:Strike","thethorton:Jackpot"],"score":398,"play_id":"b4494218-457a-4341-a98a-ba900f820f6e","local_time":"20210105125509","is_ascension_mode":false,"campfire_choices":[{"data":"sneckomod:Unknown","floor":1,"key":"SMITH"}],"circlet_count":0,"master_deck":["sneckomod:Strike+1","sneckomod:Strike","sneckomod:Defend","sneckomod:Defend","sneckomod:Defend+1","sneckomod:TailWhip","sneckomod:SnekBite","sneckomod:Unknown+1","sneckomod:ImprovisedAttack","sneckomod:QuickMove+1","CurseOfTheBell","sneckomod:UnendingSupply+1","Reprogram","thethorton:Demotion+1","sneckomod:QuickBite","sneckomod:Unknown2Cost","sneckomod:UnknownBlock","sneckomod:UnknownRarePower","Reprogram","sneckomod:UnendingSupply+1","hexamod:SixthSeal","sneckomod:SnakeSap","sneckomod:ImprovisedGuard","thethorton:PowerUp","sneckomod:UnknownBlock+1","sneckomod:Memorize","sneckomod:UnknownUncommonPower+2","sneckomod:UnknownClassTHORT_GRAY_COLOR","sneckomod:UnknownClassTHORT_GRAY_COLOR+2","MasterReality","hexamod:FirstSeal","sneckomod:SerpentIdol","Reprogram"],"relics":["sneckomod:SneckoSoul","Calling Bell","Potion Belt","Matryoshka","CaptainsWheel","StoneCalendar","White Beast Statue","Question Card","Lantern","Runic Dome","downfall:HeartBlessingBlue","Art of War","Oddly Smooth Stone","Pear","DollysMirror"],"acts_visited":["Exordium","TheCity"],"potions_floor_usage":[11,11,16,25,25,26,26,26,26,28,28,31,31,32],"damage_taken":[{"damage":1,"enemies":"Cultist","floor":2,"turns":4},{"damage":11,"enemies":"2 Louse","floor":4,"turns":3},{"damage":2,"enemies":"downfall:FleeingMerchant","floor":8,"turns":4},{"damage":3,"enemies":"Jaw Worm","floor":10,"turns":5},{"damage":15,"enemies":"3 Sentries","floor":11,"turns":6},{"damage":3,"enemies":"Exordium Thugs","floor":12,"turns":4},{"damage":9,"enemies":"2 Fungi Beasts","floor":13,"turns":3},{"damage":0,"enemies":"Exordium Wildlife","floor":14,"turns":5},{"damage":5,"enemies":"Blue Slaver","floor":15,"turns":4},{"damage":30,"enemies":"downfall:Defect","floor":16,"turns":9},{"damage":17,"enemies":"Shell Parasite","floor":19,"turns":6},{"damage":24,"enemies":"3 Cultists","floor":22,"turns":7},{"damage":11,"enemies":"Snecko","floor":23,"turns":5},{"damage":18,"enemies":"Chosen and Byrds","floor":25,"turns":7},{"damage":15,"enemies":"downfall:FleeingMerchant","floor":26,"turns":4},{"damage":0,"enemies":"Snake Plant","floor":27,"turns":7},{"damage":1,"enemies":"Cultist and Chosen","floor":28,"turns":7},{"damage":10,"enemies":"downfall:FleeingMerchant","floor":30,"turns":4},{"damage":10,"enemies":"3 Cultists","floor":31,"turns":5},{"damage":10,"enemies":"Chosen and Byrds","floor":32,"turns":1}],"seed_played":"-7186879903307848436","potions_obtained":[{"floor":2,"key":"Ancient Potion"},{"floor":8,"key":"PowerPotion"},{"floor":10,"key":"DuplicationPotion"},{"floor":11,"key":"champ:CounterPotion"},{"floor":12,"key":"BlessingOfTheForge"},{"floor":13,"key":"SkillPotion"},{"floor":15,"key":"Fire Potion"},{"floor":16,"key":"hexamod:SoulburnPotion"},{"floor":19,"key":"champ:CounterPotion"},{"floor":25,"key":"PowerPotion"},{"floor":26,"key":"AttackPotion"},{"floor":27,"key":"SpeedPotion"},{"floor":28,"key":"BlessingOfTheForge"},{"floor":30,"key":"Energy Potion"},{"floor":31,"key":"SkillPotion"}],"is_trial":false,"path_per_floor":["R","M","T","M","?","?","T","$","R","M","E","M","M","M","M","B",null,"R","M","?","?","M","M","T","M","$","M","M","T","$","M","M"],"character_chosen":"THE_SNECKO","items_purchased":["sneckomod:UnendingSupply","sneckomod:Memorize","sneckomod:UnknownUncommonPower","sneckomod:UnknownClassTHORT_GRAY_COLOR","DollysMirror"],"campfire_rested":0,"item_purchase_floors":[8,26,26,26,30],"current_hp_per_floor":[99,99,99,88,88,88,88,86,86,87,72,70,62,63,59,30,105,115,98,98,74,51,40,40,22,10,11,17,27,17,7,0,0],"gold":52,"neow_bonus":"TEN_PERCENT_HP_BONUS","is_daily":false,"chose_seed":false,"campfire_upgraded":1,"win_rate":0.0,"timestamp":1609876509,"path_taken":["R","M","?","M","?","?","T","?","R","M","E","M","?","M","M","BOSS","R","M","?","?","M","M","T","M","?","M","M","?","?","M","M"],"items_purchased_type":["Card","Card","Card","Card","Relic"],"build_version":"2020-12-22","purchased_purges":3,"victory":false,"max_hp_per_floor":[99,100,100,100,100,100,100,100,100,100,100,101,102,103,104,105,105,115,115,115,120,121,121,121,121,124,125,125,135,135,135,135,135],"card_choices":[{"not_picked":["sneckomod:SoulDraw","sneckomod:Unknown2Cost"],"picked":"sneckomod:UnknownDexterity","floor":2},{"not_picked":["sneckomod:IronFang","sneckomod:SoulRoll"],"picked":"sneckomod:ImprovisedAttack","floor":2},{"not_picked":["sneckomod:Rotation","sneckomod:SoulCleanse"],"picked":"sneckomod:QuickMove","floor":4},{"not_picked":["sneckomod:QuickMove","sneckomod:CheapStock","sneckomod:UnlimitedRolls","sneckomod:UnknownCommonAttack"],"picked":"SKIP","floor":8},{"not_picked":["sneckomod:Nope","sneckomod:SoulDraw","sneckomod:QuickBite"],"picked":"sneckomod:Memorize","floor":10},{"not_picked":["sneckomod:UnknownX","sneckomod:DiceBlock","sneckomod:WideSting"],"picked":"sneckomod:QuickBite","floor":11},{"not_picked":["sneckomod:SoulDraw","sneckomod:QuickMove","sneckomod:RainOfDice"],"picked":"sneckomod:Unknown2Cost","floor":12},{"not_picked":["sneckomod:UnknownX","sneckomod:UnknownUncommonPower","sneckomod:Unknown1Cost"],"picked":"sneckomod:UnknownDexterity","floor":13},{"not_picked":["sneckomod:Restock","sneckomod:UnknownStrike","sneckomod:UnendingSupply"],"picked":"sneckomod:UnknownDexterity","floor":14},{"not_picked":["sneckomod:Nope","sneckomod:Unknown1Cost","sneckomod:UnknownVulnerable"],"picked":"sneckomod:UnknownBlock","floor":15},{"not_picked":["sneckomod:UnknownRareAttack","sneckomod:DangerNoodle","sneckomod:Transmogrify"],"picked":"sneckomod:UnknownRarePower","floor":16},{"not_picked":["sneckomod:UnknownClassGUARDIAN+1","sneckomod:UnknownBlock","sneckomod:IronFang"],"picked":"sneckomod:UnendingSupply+1","floor":19},{"not_picked":["sneckomod:MixItUp","sneckomod:UnknownCommonSkill","sneckomod:UnknownStrength"],"picked":"sneckomod:UnknownClassTHORT_GRAY_COLOR","floor":22},{"not_picked":["hexamod:SecondSeal","hexamod:ThirdSeal","hexamod:FourthSeal"],"picked":"hexamod:SixthSeal","floor":23},{"not_picked":["sneckomod:DefensiveFlair","sneckomod:Transmogrify","sneckomod:SoulDraw"],"picked":"sneckomod:SnakeSap","floor":23},{"not_picked":["sneckomod:UnknownClassHEXA_GHOST_PURPLE","sneckomod:DiceBlock","sneckomod:UnknownStrike+1"],"picked":"sneckomod:ImprovisedGuard","floor":25},{"not_picked":["sneckomod:WideSting","sneckomod:SnekBeam","sneckomod:Unknown1Cost"],"picked":"sneckomod:UnknownBlock+1","floor":26},{"not_picked":["sneckomod:RainOfDice+1","sneckomod:GlitteringGambit","sneckomod:QuickBite+1"],"picked":"sneckomod:UnknownClassTHORT_GRAY_COLOR","floor":27},{"not_picked":["ConjureBlade","thethorton:GoldenPetal","Offering"],"picked":"MasterReality","floor":28},{"not_picked":["hexamod:FourthSeal","hexamod:ThirdSeal","hexamod:SixthSeal"],"picked":"hexamod:FirstSeal","floor":30},{"not_picked":["sneckomod:MasterEye+1","sneckomod:UnlimitedRolls","sneckomod:QuickBite"],"picked":"sneckomod:SerpentIdol","floor":30},{"not_picked":["sneckomod:WideSting","sneckomod:SoulDraw+1","sneckomod:Nope","sneckomod:UnknownWeak+1"],"picked":"SKIP","floor":31}],"player_experience":1115680,"relics_obtained":[{"floor":5,"key":"Potion Belt"},{"floor":5,"key":"Matryoshka"},{"floor":5,"key":"CaptainsWheel"},{"floor":7,"key":"White Beast Statue"},{"floor":7,"key":"Question Card"},{"floor":11,"key":"Lantern"},{"floor":24,"key":"Art of War"},{"floor":24,"key":"Oddly Smooth Stone"},{"floor":29,"key":"Pear"}],"event_choices":[{"damage_healed":0,"gold_gain":0,"player_choice":"Ignored","damage_taken":0,"max_hp_gain":0,"max_hp_loss":0,"event_name":"Ghosts","floor":20,"gold_loss":0}],"is_beta":false,"boss_relics":[{"not_picked":["Velvet Choker","Coffee Dripper"],"picked":"Runic Dome"}],"items_purged_floors":[8,26,30],"is_endless":false,"potions_floor_spawned":[2,8,10,11,12,13,14,15,16,19,22,23,25,26,27,28,30,31],"killed_by":"Chosen and Byrds","ascension_level":0}}