{"host":"bq4pt811tk9yrmjl","time":1609854165,"event":{"mods":["AchievementEnabler","BaseMod","Colored Map","Colored Powertips","Defuse TimeMaze Blight","Hermit","Minty Spire (QoL Compilation)","StSLib","SuperFastMode"],"gold_per_floor":[115,115,115,37,37,37,68,82,109,109,119,147,147,147,147,247,247,261,280,314,314,332,332,348,348,396,446,446,59,59,158,158,253,253,280,280,280,502,516,551,562,572,572,572,588,588,588,608,608,608,608,608,8,8,8],"floor_reached":54,"playtime":1510,"items_purged":[],"score":780,"play_id":"0fe9cee1-ec49-4f4e-8126-1e0fecf8e5ca","local_time":"20210105114245","is_ascension_mode":true,"campfire_choices":[{"data":"hermit:Maintenance","floor":6.0,"key":"SMITH"},{"data":"hermit:Snapshot","floor":10.0,"key":"SMITH"},{"floor":15.0,"key":"RECALL"},{"floor":23.0,"key":"REST"},{"data":"hermit:RoundhouseKick","floor":32,"key":"SMITH"},{"floor":44,"key":"REST"},{"data":"hermit:DeadOrAlive","floor":49,"key":"SMITH"},{"data":"hermit:Covet","floor":52,"key":"SMITH"}],"circlet_count":0,"master_deck":["hermit:Strike_Hermit","hermit:Strike_Hermit","hermit:Strike_Hermit","hermit:Strike_Hermit","hermit:Defend_Hermit+1","hermit:Defend_Hermit+1","hermit:Defend_Hermit","hermit:Defend_Hermit","hermit:Snapshot+1","hermit:Covet+1","hermit:Maintenance+1","Bandage Up","Regret","hermit:RoundhouseKick+1","hermit:FlashPowder+1","hermit:Dive+1","hermit:DeadOrAlive+1","hermit:Headshot+1","hermit:EyeOfTheStorm+1","hermit:Coalescence+1","Doubt"],"relics":["hermit:Momento","NeowsBlessing","Mango","Juzu Bracelet","WingedGreaves","Sozu","Red Mask","Regal Pillow","MutagenicStrength","Medical Kit","Shuriken","Black Star","Singing Bowl","Bag of Preparation","HornCleat","Calipers","Bag of Marbles","Frozen Eye"],"acts_visited":["Exordium","TheCity","TheBeyond","TheEnding"],"potions_floor_usage":[],"damage_taken":[{"damage":0.0,"enemies":"Jaw Worm","floor":1.0,"turns":1.0},{"damage":0.0,"enemies":"Gremlin Nob","floor":7.0,"turns":1.0},{"damage":0.0,"enemies":"Small Slimes","floor":8.0,"turns":2.0},{"damage":11.0,"enemies":"2 Louse","floor":11.0,"turns":3.0},{"damage":2.0,"enemies":"Lagavulin","floor":12.0,"turns":9.0},{"damage":20.0,"enemies":"Hexaghost","floor":16.0,"turns":15.0},{"damage":0.0,"enemies":"Spheric Guardian","floor":18.0,"turns":4.0},{"damage":0.0,"enemies":"3 Byrds","floor":19.0,"turns":7.0},{"damage":48.0,"enemies":"Masked Bandits","floor":20.0,"turns":8.0},{"damage":3.0,"enemies":"Centurion and Healer","floor":22.0,"turns":9.0},{"damage":6.0,"enemies":"Snecko","floor":24.0,"turns":6.0},{"damage":32,"enemies":"Automaton","floor":33,"turns":18},{"damage":0,"enemies":"3 Shapes","floor":35,"turns":4},{"damage":3,"enemies":"3 Darklings","floor":39,"turns":9},{"damage":27,"enemies":"Reptomancer","floor":40,"turns":9},{"damage":0,"enemies":"Sphere and 2 Shapes","floor":41,"turns":9},{"damage":67,"enemies":"Transient","floor":42,"turns":5},{"damage":47,"enemies":"Spire Growth","floor":45,"turns":7},{"damage":1,"enemies":"3 Darklings","floor":48,"turns":15},{"damage":82,"enemies":"Awakened One","floor":50,"turns":21},{"damage":44,"enemies":"Shield and Spear","floor":54,"turns":7}],"seed_played":"-260598133001821684","potions_obtained":[{"floor":8.0,"key":"SteroidPotion"},{"floor":12.0,"key":"PowerPotion"}],"is_trial":false,"path_per_floor":["M","?","?","$","?","R","E","M","T","R","M","E","$","?","R","B",null,"M","M","?","?","M","R","M","?","T","?","?","$","?","?","R","B",null,"M","?","?","?","M","E","M","M","T","R","M","?","?","M","R","B",null,"R","$","E"],"character_chosen":"HERMIT","items_purchased":["hermit:Maintenance","Medical Kit","Shuriken","Calipers","Bag of Marbles","Frozen Eye"],"campfire_rested":2,"item_purchase_floors":[4,29,29,53,53,53],"current_hp_per_floor":[75,75,60,60,60,60,74,78,78,78,71,73,73,73,73,57,89,89,89,45,45,46,72,70,70,70,70,70,70,70,70,70,42,89,89,89,89,89,86,62,68,7,7,49,6,93,93,95,95,17,95,95,95,51,51],"gold":8,"neow_bonus":"THREE_ENEMY_KILL","is_daily":false,"chose_seed":false,"campfire_upgraded":5,"win_rate":0.0,"timestamp":1609854165,"path_taken":["M","?","?","$","?","R","E","M","T","R","M","E","$","?","R","BOSS","M","M","?","?","M","R","M","?","T","?","?","$","?","?","R","BOSS","M","?","?","?","M","E","M","M","T","R","M","?","?","M","R","BOSS","R","$","E"],"items_purchased_type":["Card","Relic","Relic","Relic","Relic","Relic"],"build_version":"2020-12-22","purchased_purges":0,"victory":false,"max_hp_per_floor":[75,75,75,75,75,75,89,89,89,89,89,89,89,89,89,89,89,89,89,89,89,89,89,89,89,89,89,89,89,89,89,89,89,89,89,89,89,89,89,89,91,93,93,93,93,93,93,95,95,95,95,95,95,95,95],"card_choices":[{"not_picked":["hermit:HoleUp","hermit:LuckOfTheDraw"],"picked":"hermit:GhostlyPresence","floor":1.0},{"not_picked":["hermit:Glare","hermit:Misfire","hermit:Dive"],"picked":"SKIP","floor":7.0},{"not_picked":["hermit:Snipe","hermit:Cheat","hermit:Vantage"],"picked":"SKIP","floor":8.0},{"not_picked":["hermit:Dive","hermit:Horror","hermit:Misfire"],"picked":"SKIP","floor":11.0},{"not_picked":["hermit:ItchyTrigger","hermit:CursedWeapon","hermit:Spite"],"picked":"SKIP","floor":12.0},{"not_picked":["hermit:FromBeyond","hermit:OverwhelmingPower"],"picked":"hermit:RoundhouseKick","floor":16.0},{"not_picked":["hermit:Feint","hermit:LoneWolf"],"picked":"hermit:FlashPowder+1","floor":18.0},{"not_picked":["hermit:Quickdraw","hermit:HoleUp","hermit:Determination"],"picked":"SKIP","floor":19.0},{"not_picked":["hermit:BlackWind","hermit:GoldenBullet","hermit:HoleUp+1"],"picked":"SKIP","floor":22.0},{"not_picked":["hermit:DeadMansHand","hermit:Snipe"],"picked":"hermit:Dive+1","floor":24.0},{"not_picked":["hermit:Roughhouse","hermit:Gambit"],"picked":"hermit:DeadOrAlive","floor":33},{"not_picked":["hermit:BigShot+1","hermit:TrackingShot","hermit:Feint"],"picked":"SKIP","floor":35},{"not_picked":["hermit:Roulette","hermit:HighCaliber+1"],"picked":"hermit:Headshot+1","floor":39},{"not_picked":["hermit:Feint+1","hermit:CursedWeapon+1"],"picked":"hermit:EyeOfTheStorm+1","floor":40},{"not_picked":["hermit:Misfire","hermit:Dive","hermit:Brawl+1"],"picked":"Singing Bowl","floor":41},{"not_picked":["hermit:Magnum","hermit:Enervate","hermit:Headshot+1"],"picked":"Singing Bowl","floor":42},{"not_picked":["hermit:Virtue","hermit:Headshot+1"],"picked":"hermit:Coalescence+1","floor":45},{"not_picked":["hermit:Snipe","hermit:ItchyTrigger+1","hermit:BlackWind"],"picked":"Singing Bowl","floor":48}],"player_experience":143830,"relics_obtained":[{"floor":7.0,"key":"Mango"},{"floor":12.0,"key":"Juzu Bracelet"},{"floor":20.0,"key":"Red Mask"},{"floor":26.0,"key":"Regal Pillow"},{"floor":40,"key":"Singing Bowl"},{"floor":40,"key":"Bag of Preparation"},{"floor":43,"key":"HornCleat"}],"event_choices":[{"damage_healed":0.0,"max_hp_gain":0.0,"max_hp_loss":0.0,"gold_gain":0.0,"event_name":"Living Wall","player_choice":"Grow","floor":2.0,"gold_loss":0.0,"damage_taken":0.0,"cards_upgraded":["hermit:GhostlyPresence"]},{"damage_healed":0.0,"max_hp_gain":0.0,"max_hp_loss":0.0,"gold_gain":0.0,"event_name":"Shining Light","player_choice":"Entered Light","floor":3.0,"gold_loss":0.0,"damage_taken":15.0,"cards_upgraded":["hermit:Defend_Hermit","hermit:Defend_Hermit"]},{"damage_healed":0.0,"max_hp_gain":0.0,"max_hp_loss":0.0,"gold_gain":0.0,"event_name":"Match and Keep!","player_choice":"1 cards matched","floor":5.0,"gold_loss":0.0,"damage_taken":0.0,"cards_obtained":["Bandage Up"]},{"damage_healed":0.0,"max_hp_gain":0.0,"max_hp_loss":0.0,"gold_gain":0.0,"event_name":"Big Fish","player_choice":"Box","floor":14.0,"gold_loss":0.0,"damage_taken":0.0,"relics_obtained":["WingedGreaves"],"cards_obtained":["Regret"]},{"damage_healed":0.0,"max_hp_gain":0.0,"max_hp_loss":0.0,"gold_gain":0.0,"event_name":"Masked Bandits","player_choice":"Fought Bandits","floor":20.0,"gold_loss":0.0,"damage_taken":0.0},{"damage_healed":0.0,"max_hp_gain":0.0,"max_hp_loss":0.0,"gold_gain":0.0,"event_name":"Cursed Tome","player_choice":"Ignored","floor":21.0,"gold_loss":0.0,"damage_taken":0.0},{"damage_healed":0.0,"max_hp_gain":0.0,"max_hp_loss":0.0,"gold_gain":0.0,"event_name":"Ghosts","player_choice":"Ignored","floor":25.0,"gold_loss":0.0,"damage_taken":0.0},{"damage_healed":0,"gold_gain":100,"player_choice":"Bet on Murderer","damage_taken":0,"max_hp_gain":0,"max_hp_loss":0,"event_name":"The Joust","floor":27,"gold_loss":50},{"damage_healed":0,"gold_gain":0,"player_choice":"Inject Mutagens","damage_taken":0,"relics_obtained":["MutagenicStrength"],"max_hp_gain":0,"max_hp_loss":0,"event_name":"Drug Dealer","floor":28,"gold_loss":0},{"damage_healed":0,"gold_gain":0,"player_choice":"Ignored","damage_taken":0,"max_hp_gain":0,"max_hp_loss":0,"event_name":"N\u0027loth","floor":30,"gold_loss":0},{"damage_healed":0,"gold_gain":99,"player_choice":"Stole From Cult","damage_taken":0,"max_hp_gain":0,"max_hp_loss":0,"event_name":"Nest","floor":31,"gold_loss":0},{"damage_healed":0,"gold_gain":0,"player_choice":"Ignored","damage_taken":0,"max_hp_gain":0,"max_hp_loss":0,"event_name":"Mysterious Sphere","floor":36,"gold_loss":0},{"cards_removed":["hermit:GhostlyPresence"],"damage_healed":0,"gold_gain":0,"player_choice":"Removed Skill","damage_taken":0,"max_hp_gain":0,"max_hp_loss":0,"event_name":"Falling","floor":37,"gold_loss":0},{"damage_healed":0,"gold_gain":222,"player_choice":"Wore Mask","damage_taken":0,"max_hp_gain":0,"max_hp_loss":0,"event_name":"Tomb of Lord Red Mask","floor":38,"gold_loss":0},{"damage_healed":87,"gold_gain":0,"player_choice":"Heal","damage_taken":0,"max_hp_gain":0,"max_hp_loss":0,"event_name":"MindBloom","floor":46,"gold_loss":0,"cards_obtained":["Doubt"]},{"damage_healed":0,"gold_gain":0,"player_choice":"Ignored","damage_taken":0,"max_hp_gain":0,"max_hp_loss":0,"event_name":"Transmorgrifier","floor":47,"gold_loss":0}],"is_beta":false,"boss_relics":[{"not_picked":["SlaversCollar","Runic Pyramid"],"picked":"Sozu"},{"not_picked":["hermit:DentedPlate","Snecko Eye"],"picked":"Black Star"}],"items_purged_floors":[],"is_endless":false,"potions_floor_spawned":[8,12,22,24,35,42,45,48],"killed_by":"Shield and Spear","ascension_level":1}}