{"host":"pcbz64t4k17ey4z1","time":1609883637,"event":{"mods":["2.2 Compatiblity","AchievementEnabler","Act Like it!","Aspiration","BaseMod","Beaked The Cultist","Better Match","Better Third Choice","BetterRewards","Card Forge","Colored Map","Colored Powertips","Conspire","Disable Question Mark Monsters","Fireblade Mod","Friendly Minions","Gensokyo","GifTheSpireLib","Glutton Mod","Googly Eyes","Gremlin Mod","Hermit","Hubris","Infinite Spire","Koishi","Marisa????????","Minty Spire (QoL Compilation)","Permanent Neow","Potionbrewer","Quick Restart","Random Character Button","Rare Cards Sparkle","Relic Filter","Replay The Spire","Robot Space Explorer","Shade Mod","Shop Mod","Spicy Shops","StSLib","Stuff the Spire","SuperFastMode","The Animator","The Cursed","The Druid","The Gatherer","The Hierophant","The IronCluck","The Jungle","The Marked","The Runesmith","Virulent Crown","Waifu the Spire","Wandering Minibosses","vexMod"],"gold_per_floor":[118,136,156,166,166,198,198,232,232,264,264,282,294,324,324,428,528,540,550,550,570,581,609,609,619,619,645,661,675,675,710,710,819,819,846,908,908,908],"floor_reached":37,"playtime":3279,"items_purged":[],"score":567,"play_id":"8753c900-5d15-496f-bdb2-6ce0f1f654c5","local_time":"20210105215357","is_ascension_mode":true,"campfire_choices":[{"floor":7,"key":"REST"},{"data":"FireBladeMod:RapidHits","floor":11,"key":"SMITH"},{"floor":15,"key":"REST"},{"data":"Pot Of Greed","floor":24,"key":"SMITH"},{"data":"FireBladeMod:ComplexDefense","floor":32,"key":"SMITH"}],"circlet_count":0,"master_deck":["FireBladeMod:StrikeFireBlade+1","FireBladeMod:StrikeFireBlade+1","FireBladeMod:StrikeFireBlade+1","FireBladeMod:DefendFireBlade+1","FireBladeMod:DefendFireBlade+1","FireBladeMod:DefendFireBlade+1","FireBladeMod:DefendFireBlade+1","FireBladeMod:FlamingSword+1","FireBladeMod:FireBarrier+1","FireBladeMod:PyromancerForm+1","FireBladeMod:Robust+1","FireBladeMod:ScorchingStrike+1","FireBladeMod:ComplexDefense+1","FireBladeMod:Wildfire","FireBladeMod:RapidDodges","FireBladeMod:OverCharge","FireBladeMod:RapidHits+1","FireBladeMod:SmokySwing","FireBladeMod:Ignition","FireBladeMod:SpiritEndurance","FireBladeMod:SoulStrike+1","FireBladeMod:ScorchingStrike+1","Pot Of Greed+1","Pot Of Greed+1","FireBladeMod:Tempo+1","FireBladeMod:SmokeInTheEyes","Pot Of Greed+1","FireBladeMod:SpiritEndurance","FireBladeMod:Unbalance","FireBladeMod:Robust+1","FireBladeMod:AfterBurn","FireBladeMod:SpinningSmash+1"],"relics":["FireBladeMod:DuelistLocket","Hammer of Thor","Seething Fire","Anvil of the Gods","Pen Nib","StuffTheSpire:DarkSteelAnvil","infinitespire:BottledMercury","infinitespire:EmpoweringShard","Vajra","Replay:Wanted Poster","Membership Card","Grinning Jar","potionbrewer:Torch","vexMod:ConsolationPrize","aspiration:RandomNobGenerator","wanderingMiniBosses:OtherGremlinHorn"],"acts_visited":["Exordium","TheCity","TheBeyond"],"potions_floor_usage":[8,10,16,19,19,25,33,33,36],"damage_taken":[{"damage":0,"enemies":"Small Slimes","floor":1,"turns":2},{"damage":0,"enemies":"Cultist","floor":2,"turns":3},{"damage":25,"enemies":"Jaw Worm","floor":3,"turns":6},{"damage":4,"enemies":"Looter","floor":4,"turns":3},{"damage":9,"enemies":"Lagavulin","floor":6,"turns":10},{"damage":6,"enemies":"3 Sentries","floor":8,"turns":7},{"damage":0,"enemies":"Lagavulin","floor":10,"turns":7},{"damage":16,"enemies":"Large Slime","floor":12,"turns":4},{"damage":0,"enemies":"2 Fungi Beasts","floor":13,"turns":6},{"damage":3,"enemies":"3 Sentries","floor":14,"turns":4},{"damage":25,"enemies":"Slime Boss","floor":16,"turns":8},{"damage":0,"enemies":"Chosen","floor":18,"turns":2},{"damage":0,"enemies":"Spheric Guardian","floor":19,"turns":3},{"damage":0,"enemies":"Chosen and Byrds","floor":21,"turns":5},{"damage":0,"enemies":"Cultist and Chosen","floor":22,"turns":4},{"damage":20,"enemies":"Slavers","floor":23,"turns":5},{"damage":0,"enemies":"Snake Plant","floor":25,"turns":2},{"damage":21,"enemies":"Book of Stabbing","floor":27,"turns":4},{"damage":0,"enemies":"Chosen and Byrds","floor":28,"turns":3},{"damage":0,"enemies":"Snecko","floor":29,"turns":4},{"damage":1,"enemies":"Gremlin Leader","floor":31,"turns":4},{"damage":10,"enemies":"hubris:MusketHawk","floor":33,"turns":6},{"damage":16,"enemies":"3 Shapes","floor":35,"turns":4},{"damage":51,"enemies":"3 Darklings","floor":36,"turns":7},{"damage":13,"enemies":"Writhing Mass","floor":37,"turns":2}],"seed_played":"-3552986993232012997","potions_obtained":[{"floor":6,"key":"AttackPotion"},{"floor":8,"key":"DistilledChaos"},{"floor":12,"key":"Doom Potion"},{"floor":14,"key":"potionbrewer:CleansingPotion"},{"floor":16,"key":"Swift Potion"},{"floor":19,"key":"Fruit Juice"},{"floor":22,"key":"SneckoOil"},{"floor":27,"key":"potionbrewer:DiscountPotion"},{"floor":29,"key":"Energy Potion"},{"floor":35,"key":"Energy Potion"}],"is_trial":false,"path_per_floor":["M","M","M","M","?","E","R","E","T","E","R","M","M","E","R","B",null,"M","M","AVR","M","M","E","R","M","T","E","M","M","?","E","R","B",null,"M","M","M"],"character_chosen":"THE_FIREBLADE","items_purchased":[],"campfire_rested":2,"item_purchase_floors":[],"current_hp_per_floor":[70,70,45,41,41,32,53,47,47,47,47,31,31,28,49,24,70,70,75,75,75,75,55,55,55,55,34,34,34,34,33,33,23,75,59,8,0,0],"gold":908,"neow_bonus":"ONE_RANDOM_RARE_CARD","is_daily":false,"chose_seed":false,"campfire_upgraded":3,"win_rate":0.0,"timestamp":1609883637,"path_taken":["M","M","M","M","?","E","R","E","T","E","R","M","?","E","R","BOSS","M","M","AVR","M","M","E","R","M","T","E","M","M","?","E","R","BOSS","M","M","M"],"items_purchased_type":[],"build_version":"2020-12-22","purchased_purges":0,"victory":false,"max_hp_per_floor":[70,70,70,70,70,70,70,70,70,70,70,70,70,70,70,70,70,70,75,75,75,75,75,75,75,75,75,75,75,75,75,75,75,75,75,75,75,75],"card_choices":[{"not_picked":["FireBladeMod:FerventSlash","FireBladeMod:Flames"],"picked":"FireBladeMod:Robust","floor":1},{"not_picked":["FireBladeMod:ComboSlashes","FireBladeMod:BasicSmash"],"picked":"FireBladeMod:ScorchingStrike","floor":2},{"not_picked":["FireBladeMod:FerventSlash","FireBladeMod:BackhandSwing"],"picked":"FireBladeMod:ComplexDefense","floor":3},{"not_picked":["FireBladeMod:SmashingEndurance","FireBladeMod:FinishingBarrage"],"picked":"FireBladeMod:Wildfire","floor":4},{"not_picked":["FireBladeMod:SoulStrike","FireBladeMod:ThirstForBlood","FireBladeMod:FlashBang"],"picked":"SKIP","floor":6},{"not_picked":["FireBladeMod:Unbalance","FireBladeMod:SmokeInTheEyes"],"picked":"FireBladeMod:OverCharge","floor":8},{"not_picked":["FireBladeMod:SmokeInTheEyes","FireBladeMod:ThirstForBlood"],"picked":"FireBladeMod:RapidHits","floor":10},{"not_picked":["FireBladeMod:SpinningSmash","FireBladeMod:ComplexDefense","FireBladeMod:ComplexAttack"],"picked":"SKIP","floor":12},{"not_picked":["FireBladeMod:SoulStrike","FireBladeMod:Reposition"],"picked":"FireBladeMod:SmokySwing","floor":13},{"not_picked":["FireBladeMod:ThirstForBlood","FireBladeMod:ComboCleave","FireBladeMod:FerventSlash"],"picked":"SKIP","floor":14},{"not_picked":["FireBladeMod:LightningCombo","FireBladeMod:LearnTells"],"picked":"FireBladeMod:Ignition","floor":16},{"not_picked":["FireBladeMod:WellPrepared","FireBladeMod:ScorchingStrike"],"picked":"FireBladeMod:SpiritEndurance","floor":18},{"not_picked":["FireBladeMod:Wildfire+1","FireBladeMod:Flames"],"picked":"FireBladeMod:SoulStrike+1","floor":19},{"not_picked":["FireBladeMod:SpinningSmash","FireBladeMod:SoulStrike","FireBladeMod:Flames"],"picked":"SKIP","floor":21},{"not_picked":["FireBladeMod:WellPrepared","FireBladeMod:Robust"],"picked":"FireBladeMod:ScorchingStrike+1","floor":22},{"not_picked":["FireBladeMod:ScorchingCleave","FireBladeMod:SpinningSmash+1"],"picked":"FireBladeMod:Tempo+1","floor":23},{"not_picked":["FireBladeMod:SmashingEndurance","FireBladeMod:ComboSlashes+1","FireBladeMod:Arson"],"picked":"SKIP","floor":25},{"not_picked":["FireBladeMod:BackhandSwing","FireBladeMod:BodyAsFuel"],"picked":"FireBladeMod:SmokeInTheEyes","floor":27},{"not_picked":["FireBladeMod:SteadyEndurance","FireBladeMod:ComboSlashes"],"picked":"FireBladeMod:SpiritEndurance","floor":28},{"not_picked":["FireBladeMod:FerventSlash+1","FireBladeMod:SoulStrike"],"picked":"FireBladeMod:Unbalance","floor":29},{"not_picked":["FireBladeMod:SmashingEndurance","FireBladeMod:SpinningSmash"],"picked":"FireBladeMod:Robust+1","floor":31},{"not_picked":["FireBladeMod:BattleStamina","FireBladeMod:FinalSmash"],"picked":"FireBladeMod:AfterBurn","floor":33},{"not_picked":["FireBladeMod:Turtle+1","FireBladeMod:MomentumStrikes"],"picked":"FireBladeMod:SpinningSmash+1","floor":35},{"not_picked":["FireBladeMod:Arson+1","FireBladeMod:ComplexDefense","FireBladeMod:ComboSlashes"],"picked":"SKIP","floor":36}],"player_experience":3876761,"relics_obtained":[{"floor":6,"key":"Pen Nib"},{"floor":8,"key":"StuffTheSpire:DarkSteelAnvil"},{"floor":9,"key":"infinitespire:BottledMercury"},{"floor":10,"key":"infinitespire:EmpoweringShard"},{"floor":14,"key":"Vajra"},{"floor":23,"key":"Grinning Jar"},{"floor":27,"key":"potionbrewer:Torch"},{"floor":31,"key":"vexMod:ConsolationPrize"},{"floor":36,"key":"wanderingMiniBosses:OtherGremlinHorn"}],"event_choices":[{"damage_healed":0,"gold_gain":0,"cards_transformed":["FireBladeMod:StrikeFireBlade"],"player_choice":"Transformed","damage_taken":0,"max_hp_gain":0,"max_hp_loss":0,"event_name":"Transmorgrifier","floor":5,"gold_loss":0,"cards_obtained":["FireBladeMod:RapidDodges"]},{"damage_healed":0,"gold_gain":0,"player_choice":"Leave","damage_taken":0,"max_hp_gain":0,"max_hp_loss":0,"event_name":"conspire:Investor","floor":30,"gold_loss":0}],"is_beta":false,"boss_relics":[{"not_picked":["conspire:SlowCooker","hubris:Stopwatch"],"picked":"Replay:Wanted Poster"},{"not_picked":["hubris:TerracottaHorce","aspiration:FutureDiary"],"picked":"aspiration:RandomNobGenerator"}],"items_purged_floors":[],"is_endless":false,"potions_floor_spawned":[6,8,12,14,16,19,22,27,29,35],"killed_by":"Writhing Mass","ascension_level":1}}