{"host":"u7y9frlpoazak2mn","time":1609824878,"event":{"mods":["2.2 Compatiblity","AchievementEnabler","Aspiration","BaseMod","Better Match","Better Note","Better Sensory Stone","Better Skull","Colored Powertips","Conspire","Downfall","Energized Spire","GifTheSpireLib","Hermit","Highlight Path","Hubris","Marisa????????","Marked Mod","Mimic Mod","Minty Spire (QoL Compilation)","Permanent Neow","Rare Cards Sparkle","Relic Sorter","Remilia??????","Replay The Spire","Shade Mod","Somnambulant","Spikes Relics","StSLib","Stuff the Spire","The Administrix","The Alterego","The Blue Laboratory","The Construct","The Cursed","The Forsaken","The Hayseed","The Hierophant","The Judge","The Marked","The Runesmith","The Senshi","The Servant 0.9.4","TheBandit","TheVacant","Transform Curses","Unceasing Turn Reminder","Waifu the Spire","everything is the same but u backflip on backflip","slay the spire mod where everything is the same but ironclad has a cowboy hat"],"gold_per_floor":[109,109,127,137,148,148,164,176,207,177,193,193,193,70,70,173,173,185,185,155,155],"floor_reached":20,"playtime":1073,"items_purged":["construct:DefenseMode"],"score":166,"play_id":"449cb93e-2476-4a27-96ad-78fd3f81a70c","local_time":"20210105003438","is_ascension_mode":false,"campfire_choices":[{"data":"construct:Construct_Overclock","floor":6,"key":"SMITH"},{"floor":12,"key":"REST"},{"floor":15,"key":"REST"}],"circlet_count":0,"master_deck":["construct:Strike_Gold","construct:Strike_Gold","construct:Strike_Gold","construct:Strike_Gold","construct:Strike_Gold","construct:Defend_Gold","construct:Defend_Gold","construct:Defend_Gold","construct:Defend_Gold","construct:Defend_Gold","construct:AttackMode","construct:Reserves","construct:SuppressiveFire","construct:FierceBash","construct:OmegaCannon","construct:Construct_Overclock+1","construct:Autoturret","construct:ReactiveShield","theForsaken:PlagueCurse","construct:Autoturret","construct:Analyze","construct:AttackMode"],"relics":["construct:Cogwheel","StuffTheSpire:TintedRock","conspire:TopHat","theForsaken:PlagueMask","Replay:Bronze Core"],"acts_visited":["Exordium","TheCity"],"potions_floor_usage":[11,11,11,16,20,20],"damage_taken":[{"damage":9,"enemies":"Jaw Worm","floor":1,"turns":5},{"damage":1,"enemies":"Cultist","floor":3,"turns":3},{"damage":2,"enemies":"Small Slimes","floor":4,"turns":4},{"damage":11,"enemies":"Exordium Wildlife","floor":5,"turns":3},{"damage":27,"enemies":"Exordium Thugs","floor":7,"turns":3},{"damage":13,"enemies":"2 Fungi Beasts","floor":8,"turns":4},{"damage":16,"enemies":"Exordium Wildlife","floor":9,"turns":5},{"damage":3,"enemies":"Exordium Wildlife","floor":11,"turns":5},{"damage":37,"enemies":"Slime Boss","floor":16,"turns":4},{"damage":68,"enemies":"conspire:FuzzyDice","floor":18,"turns":7},{"damage":17,"enemies":"2 Thieves","floor":20,"turns":2}],"seed_played":"-7052824011559605957","potions_obtained":[{"floor":1,"key":"blueLaboratory:FruitPreserves"},{"floor":4,"key":"blueLaboratory:FrostheartPotion"},{"floor":10,"key":"ColorlessPotion"},{"floor":10,"key":"blueLaboratory:FrostheartPotion"},{"floor":11,"key":"blueLaboratory:PolymorphPotion"},{"floor":16,"key":"hexamod:EctoCoolerPotion"},{"floor":18,"key":"LiquidMemories"}],"is_trial":false,"path_per_floor":["M","?","M","M","M","R","M","M","MIM","?","M","R","?","$","R","B",null,"M","?","M"],"character_chosen":"THE_CONSTRUCT_MOD","items_purchased":["construct:Autoturret"],"campfire_rested":2,"item_purchase_floors":[14],"current_hp_per_floor":[76,76,75,73,62,62,35,22,6,6,3,28,28,28,53,16,85,17,17,0,0],"gold":155,"neow_bonus":"ONE_RANDOM_RARE_CARD","is_daily":false,"chose_seed":false,"campfire_upgraded":1,"win_rate":0.0,"timestamp":1609824878,"path_taken":["M","?","M","?","?","R","M","M","MIM","?","?","R","?","$","R","BOSS","M","?","M"],"items_purchased_type":["Card"],"build_version":"2020-12-22","purchased_purges":1,"victory":false,"max_hp_per_floor":[85,85,85,85,85,85,85,85,85,85,85,85,85,85,85,85,85,85,85,85,85],"card_choices":[{"not_picked":["construct:OneWayMirror","construct:SaveState"],"picked":"construct:SuppressiveFire","floor":1},{"not_picked":["construct:ShiftStrike","construct:SaveState"],"picked":"construct:FierceBash","floor":3},{"not_picked":["construct:SaveState","construct:ScrapCannon"],"picked":"construct:OmegaCannon","floor":4},{"not_picked":["construct:ScrapCannon","construct:Boost"],"picked":"construct:Construct_Overclock","floor":5},{"not_picked":["construct:OneWayMirror","construct:CreateCores"],"picked":"construct:Autoturret","floor":7},{"not_picked":["construct:MoltenSmash","construct:SweepLaser","construct:PhosphorStorm"],"picked":"SKIP","floor":8},{"not_picked":["construct:ScrapCannon","construct:PanicFire"],"picked":"construct:ReactiveShield","floor":11},{"not_picked":["construct:Chainstrike","construct:Forcefield"],"picked":"construct:Analyze","floor":18}],"player_experience":319542,"relics_obtained":[{"floor":9,"key":"conspire:TopHat"}],"event_choices":[{"damage_healed":0,"gold_gain":0,"player_choice":"Gave Potion","damage_taken":0,"relics_obtained":["StuffTheSpire:TintedRock"],"max_hp_gain":0,"max_hp_loss":0,"event_name":"WeMeetAgain","floor":2,"gold_loss":0},{"damage_healed":0,"gold_gain":0,"player_choice":"Bought 2 Potions","damage_taken":0,"max_hp_gain":0,"max_hp_loss":0,"event_name":"The Woman in Blue","floor":10,"gold_loss":0},{"damage_healed":0,"gold_gain":0,"player_choice":"Obtain Plague Curse","damage_taken":0,"max_hp_gain":0,"max_hp_loss":0,"event_name":"Plague Doctor","floor":13,"gold_loss":0,"cards_obtained":["theForsaken:PlagueCurse"]},{"damage_healed":0,"gold_gain":0,"player_choice":"Copied","damage_taken":0,"max_hp_gain":0,"max_hp_loss":0,"event_name":"Duplicator","floor":19,"gold_loss":0,"cards_obtained":["construct:AttackMode"]}],"is_beta":false,"boss_relics":[{"not_picked":["Sozu","hubris:VirtuousBlindfold"],"picked":"Replay:Bronze Core"}],"items_purged_floors":[14],"is_endless":false,"potions_floor_spawned":[1,4,11,16,18],"killed_by":"2 Thieves","ascension_level":0}}