{"host":"4q6g5wn1adpnm0z5","time":1609806571,"event":{"mods":["2.2 Compatiblity","Aspiration","Astrologer","BaseMod","Hermit","Hubris","Minty Spire (QoL Compilation)","Replay The Spire","StSLib","The Cursed","The Hierophant","The Jungle"],"gold_per_floor":[117,132,149,149,162,162,190,190,190,201,227,245,278,290,290,364,364,379,393,393,174,204,238,238,257,257,282,282,307,307,337,337,416,416,434,464,464,479,479,510,510,521,521,521,535,566,74,100,100,100],"floor_reached":51,"playtime":3174,"items_purged":["Strike_B","Defend_B"],"score":1749,"play_id":"a9e45a5b-4464-49cd-b44c-b37555a0ca18","local_time":"20210105012931","daily_mods":["Allstar","Colorless Cards","DeadlyEvents"],"is_ascension_mode":true,"campfire_choices":[{"data":"Zap","floor":6.0,"key":"SMITH"},{"data":"Go for the Eyes","floor":8.0,"key":"SMITH"},{"data":"Beam Cell","floor":15.0,"key":"SMITH"},{"data":"Dualcast","floor":24.0,"key":"SMITH"},{"floor":28.0,"key":"REST"},{"floor":32.0,"key":"REST"},{"data":"Panache","floor":41.0,"key":"SMITH"},{"data":"hubris:Insight","floor":44.0,"key":"SMITH"},{"floor":49.0,"key":"REST"}],"circlet_count":0,"master_deck":["AscendersBane","Strike_B","Strike_B","Defend_B","Defend_B","Zap+1","Dualcast+1","Discovery","hubris:Insight+1","Metamorphosis","Sadistic Nature","Secret Weapon+1","Steam","Ball Lightning","Crow Ritual+1","Panache+1","Go for the Eyes+1","Beam Cell+1","Panic Button","Master of Strategy","Stack+1","Coolheaded+1","Hologram+1","Good Instincts+1"],"relics":["Cracked Core","aspiration:Lifesprig","Solar Panel","hubris:Reverence","Onion Ring","Guide Book","InkBottle","ReplayTheSpireMod:TigerMarble","Question Card","hubris:DeckOfHolding","Art of War","Replay:Mystery Machine","Busted Crown","aspiration:HiddenCompartment","Turnip","Blue Candle","hubris:BundleOfHerbs","Happy Flower"],"acts_visited":["Exordium","TheCity","TheBeyond"],"potions_floor_usage":[50,50],"damage_taken":[{"damage":0.0,"enemies":"Cultist","floor":1.0,"turns":4.0},{"damage":0.0,"enemies":"2 Louse","floor":2.0,"turns":2.0},{"damage":7.0,"enemies":"Jaw Worm","floor":3.0,"turns":2.0},{"damage":11.0,"enemies":"Exordium Thugs","floor":5.0,"turns":4.0},{"damage":0.0,"enemies":"Lagavulin","floor":7.0,"turns":4.0},{"damage":2.0,"enemies":"2 Fungi Beasts","floor":10.0,"turns":3.0},{"damage":19.0,"enemies":"3 Sentries","floor":11.0,"turns":4.0},{"damage":10.0,"enemies":"Looter","floor":12.0,"turns":3.0},{"damage":9.0,"enemies":"Gremlin Nob","floor":13.0,"turns":3.0},{"damage":0.0,"enemies":"Large Slime","floor":14.0,"turns":3.0},{"damage":0.0,"enemies":"Slime Boss","floor":16.0,"turns":6.0},{"damage":8.0,"enemies":"Chosen","floor":18.0,"turns":4.0},{"damage":1.0,"enemies":"Shell Parasite","floor":19.0,"turns":4.0},{"damage":15.0,"enemies":"Slavers","floor":22.0,"turns":4.0},{"damage":22.0,"enemies":"Gremlin Leader","floor":23.0,"turns":5.0},{"damage":5.0,"enemies":"Centurion and Healer","floor":25.0,"turns":4.0},{"damage":18.0,"enemies":"Slavers","floor":27.0,"turns":4.0},{"damage":2.0,"enemies":"Gremlin Leader","floor":29.0,"turns":4.0},{"damage":19.0,"enemies":"Slavers","floor":31.0,"turns":3.0},{"damage":30.0,"enemies":"Collector","floor":33.0,"turns":7.0},{"damage":1.0,"enemies":"Orb Walker","floor":35.0,"turns":3.0},{"damage":5.0,"enemies":"3 Shapes","floor":36.0,"turns":4.0},{"damage":16.0,"enemies":"Jaw Worm Horde","floor":38.0,"turns":3.0},{"damage":0.0,"enemies":"Giant Head","floor":40.0,"turns":2.0},{"damage":0.0,"enemies":"Transient","floor":42.0,"turns":5.0},{"damage":0.0,"enemies":"4 Shapes","floor":45.0,"turns":5.0},{"damage":31.0,"enemies":"Reptomancer","floor":46.0,"turns":7.0},{"damage":6.0,"enemies":"R_Hoarder","floor":48.0,"turns":7.0},{"damage":9,"enemies":"hubris:GrandSnecko","floor":50,"turns":5}],"seed_played":"1429447054887293934","potions_obtained":[{"floor":3.0,"key":"Ancient Potion"},{"floor":5.0,"key":"Fruit Juice"},{"floor":10.0,"key":"Energy Potion"},{"floor":13.0,"key":"AttackPotion"},{"floor":16.0,"key":"AttackPotion"},{"floor":20.0,"key":"DuplicationPotion"},{"floor":22.0,"key":"FocusPotion"},{"floor":23.0,"key":"FearPotion"},{"floor":35.0,"key":"Dexterity Potion"},{"floor":36.0,"key":"LifebloodPotion"},{"floor":38.0,"key":"ColorlessPotion"},{"floor":46.0,"key":"ColorlessPotion"}],"is_trial":true,"path_per_floor":["M","M","M","?","M","R","E","R","T","M","E","M","E","M","R","B",null,"M","M","?","$","E","E","R","M","T","E","R","E","?","E","R","B",null,"M","M","?","M","?","E","R","M","T","R","M","E","$","E","R","B",null],"character_chosen":"DEFECT","items_purchased":["Guide Book","hubris:BundleOfHerbs","CultistPotion"],"campfire_rested":3,"item_purchase_floors":[21,47,47],"current_hp_per_floor":[64,64,57,57,51,51,51,51,51,49,36,28,21,25,25,29,64,60,65,65,65,56,38,38,37,37,25,47,47,47,32,54,24,63,64,61,61,45,45,51,51,61,61,61,65,36,36,34,56,47],"gold":100,"neow_bonus":"","is_daily":false,"chose_seed":false,"campfire_upgraded":6,"win_rate":0.0,"timestamp":1609806571,"path_taken":["M","M","M","?","?","R","E","R","T","M","E","M","E","M","R","BOSS","M","M","?","$","?","E","R","M","T","E","R","E","?","E","R","BOSS","M","M","?","M","?","E","R","M","T","R","?","E","$","E","R","BOSS"],"items_purchased_type":["Relic","Relic","Potion"],"build_version":"2020-12-22","purchased_purges":2,"victory":true,"max_hp_per_floor":[71,71,71,71,76,76,76,76,76,76,76,76,76,76,76,76,76,76,76,76,76,76,76,76,76,76,76,76,76,76,76,76,76,76,76,76,76,76,76,76,76,76,76,76,76,76,76,76,76,76],"card_choices":[{"not_picked":["BasicCrystalCard","Conserve Battery"],"picked":"Steam","floor":1.0},{"not_picked":["Compile Driver","Conserve Battery"],"picked":"Ball Lightning","floor":2.0},{"not_picked":["Ball Lightning","Turbo","Redo"],"picked":"SKIP","floor":3.0},{"not_picked":["Coolheaded","Hologram"],"picked":"Panache","floor":5.0},{"not_picked":["Purity","Double Energy"],"picked":"Go for the Eyes","floor":7.0},{"not_picked":["Streamline","Sweeping Beam"],"picked":"Beam Cell","floor":10.0},{"not_picked":["Rip and Tear","Redo","Hyperbeam"],"picked":"SKIP","floor":11.0},{"not_picked":["Go for the Eyes","Sweeping Beam","Stack"],"picked":"SKIP","floor":12.0},{"not_picked":["White Noise","Lockon"],"picked":"Panic Button","floor":13.0},{"not_picked":["Stack","Madness","Heatsinks"],"picked":"SKIP","floor":14.0},{"not_picked":["Secret Weapon","Apotheosis"],"picked":"Master of Strategy","floor":16.0},{"not_picked":["Rip and Tear+1","Steam+1"],"picked":"Stack+1","floor":18.0},{"not_picked":["ReplayTheSpireMod:Reroute Power","Sweeping Beam","ReplayTheSpireMod:Trickstab"],"picked":"SKIP","floor":19.0},{"not_picked":["Redo","Beam Cell"],"picked":"Coolheaded+1","floor":22.0},{"not_picked":["Stack","Barrage","Purity+1"],"picked":"SKIP","floor":23.0},{"not_picked":["Replay:Sssssssssshield","Turbo","Streamline+1"],"picked":"SKIP","floor":25.0},{"not_picked":["Gash","Specialist+1","Stack","Reinforced Body"],"picked":"SKIP","floor":27.0},{"not_picked":["Steam+1","Tempest","Ball Lightning","Redo"],"picked":"SKIP","floor":29.0},{"not_picked":["Ball Lightning","Echo Form","Aggregate","Coolheaded"],"picked":"SKIP","floor":31.0},{"not_picked":["Panacea+1","Panic Button"],"picked":"SKIP","floor":35.0},{"not_picked":["Turbo","Gash"],"picked":"SKIP","floor":36.0},{"not_picked":["Conserve Battery","Stack+1"],"picked":"SKIP","floor":38.0},{"not_picked":["Conserve Battery","Stack+1"],"picked":"SKIP","floor":38.0},{"not_picked":["Jack Of All Trades","Gash+1"],"picked":"SKIP","floor":40.0},{"not_picked":["Steam"],"picked":"Hologram+1","floor":42.0},{"not_picked":["ReplayTheSpireMod:System Scan"],"picked":"Good Instincts+1","floor":45.0},{"not_picked":["Streamline","Replay:Sssssssssshield"],"picked":"SKIP","floor":46.0},{"not_picked":["Panic Button+1","White Noise+1"],"picked":"SKIP","floor":48.0}],"player_experience":2374691,"relics_obtained":[{"floor":7.0,"key":"aspiration:Lifesprig"},{"floor":9.0,"key":"Solar Panel"},{"floor":11.0,"key":"hubris:Reverence"},{"floor":13.0,"key":"Onion Ring"},{"floor":22.0,"key":"InkBottle"},{"floor":23.0,"key":"ReplayTheSpireMod:TigerMarble"},{"floor":26.0,"key":"Question Card"},{"floor":27.0,"key":"hubris:DeckOfHolding"},{"floor":29.0,"key":"Art of War"},{"floor":31.0,"key":"Replay:Mystery Machine"},{"floor":40.0,"key":"aspiration:HiddenCompartment"},{"floor":43.0,"key":"Turnip"},{"floor":46.0,"key":"Blue Candle"},{"floor":48.0,"key":"Happy Flower"}],"event_choices":[{"damage_healed":0.0,"max_hp_gain":0.0,"max_hp_loss":0.0,"gold_gain":0.0,"cards_transformed":["Defend_B"],"event_name":"Transmorgrifier","player_choice":"Transformed","floor":4.0,"gold_loss":0.0,"damage_taken":0.0,"cards_obtained":["Crow Ritual"]},{"damage_healed":0.0,"max_hp_gain":0.0,"max_hp_loss":0.0,"gold_gain":0.0,"event_name":"Lab","player_choice":"Got Potions","floor":20.0,"gold_loss":0.0,"damage_taken":0.0},{"cards_removed":["Strike_B"],"damage_healed":0.0,"max_hp_gain":0.0,"max_hp_loss":0.0,"gold_gain":0.0,"event_name":"Falling","player_choice":"Removed Attack","floor":37.0,"gold_loss":0.0,"damage_taken":0.0},{"damage_healed":0.0,"max_hp_gain":0.0,"max_hp_loss":0.0,"gold_gain":0.0,"event_name":"Tomb of Lord Red Mask","player_choice":"Ignored","floor":39.0,"gold_loss":0.0,"damage_taken":0.0}],"is_beta":false,"boss_relics":[{"not_picked":["Abe\u0027s Treasure","Runic Pyramid","Honey Jar"]},{"not_picked":["Replay:Drink Me","Inserter"],"picked":"Busted Crown"}],"items_purged_floors":[21,47],"is_endless":false,"potions_floor_spawned":[3,5,10,13,16,22,23,25,35,36,38,46,48],"ascension_level":14}}