{"host":"whyfdmrq1ty0e9zp","time":1609849570,"event":{"mods":["Act Like it!","BaseMod","Colored Map","Colored Powertips","Conspire","Gensokyo","LagranYue(¿≠∏Ò¿ °§‘¬)","Marisa£®ÏF”Í°°ƒß¿Ì…≥£©","Minty Spire (QoL Compilation)","MostiFishMod","Prisma Mod","Quick Restart","Relic Stats","Remilia£®¿Ÿ√◊¿Ú—«£©","Replay The Spire","StSLib","TestMod","The Servant 0.9.4","Youmu£®ªÍ∆«—˝√Œ£©","vexMod","°æ“≈ŒÔø®≈∆°øREMEMod"],"gold_per_floor":[110,127,127,46,57,86,11,71,97,97,123,164,164,202,202,296,296,320,333,353,373,373,416,431,451,521,534,534,562,174,213,213,304,304,322,322,114,169,188,224,242,283,283,53,453,496,564,600,600,600],"floor_reached":51,"playtime":2340,"items_purged":["Bash","Strike_R","MostiFishMod:ChineseTea"],"score":2351,"play_id":"c76d38d0-5943-4c5d-9d7e-c423358ac482","local_time":"20210105202610","is_ascension_mode":true,"campfire_choices":[{"data":"Armaments","floor":13,"key":"SMITH"},{"data":"Sword Boomerang","floor":15,"key":"SMITH"},{"data":"MostiFishMod:HellRitual","floor":32,"key":"SMITH"},{"data":"MostiFishMod:RacingGame","floor":49,"key":"SMITH"}],"circlet_count":0,"master_deck":["AscendersBane","Strike_R+1","Strike_R+1","Strike_R","Defend_R","Defend_R","Defend_R","MostiFishMod:IntelligentEquipment","Sword Boomerang+1","Armaments+1","Sword Boomerang","Iron Wave","ReplayTheSpireMod:Muscle Training","MostiFishMod:HellRitual+1","Thunderclap","Feel No Pain","Shrug It Off+1","ReplayTheSpireMod:Strike From Hell","True Grit","Dual Wield+1","MostiFishMod:RacingGame+1","MostiFishMod:RainCloud+1","Iron Wave+1","Double Tap","Pommel Strike+1","Body Slam+1","Shrug It Off"],"relics":["Burning Blood","DaveBox","REME_ComplimentaryCards","BionicSphere","testmod-BatchProcessingSystem","LagranYue:RandomDrawCardRelic","NeowsBlessing","SynthV:TestCard","Potion Belt","Replay:Rubber Ducky","LagranYue:MagicReflectiveArmorRelic","Orichalcum","Golden Idol","Strawberry","Pet Ghost","Anchor","GreenFoldingFan","Molten Egg 2","The Courier","testmod-FatalChain","Simple Rune","Replay:Ringing Soul","Replay:Bottled Steam","FeatherPendant","Vajra","Darkstone Periapt","Self Forming Clay","King of Hearts","Sling","StrikeDummy","CatCart","Ice Cream"],"acts_visited":["Exordium","TheCity","TheBeyond"],"potions_floor_usage":[16,16,38,50],"damage_taken":[{"damage":0,"enemies":"Small Slimes","floor":1,"turns":1},{"damage":0,"enemies":"Cultist","floor":2,"turns":1},{"damage":0,"enemies":"2 Louse","floor":5,"turns":1},{"damage":25,"enemies":"3 Sentries","floor":6,"turns":11},{"damage":19,"enemies":"3 Sentries","floor":8,"turns":12},{"damage":0,"enemies":"Lagavulin","floor":12,"turns":8},{"damage":0,"enemies":"3 Sentries","floor":14,"turns":8},{"damage":0,"enemies":"Fading Forest","floor":16,"turns":11},{"damage":7,"enemies":"conspire:FuzzyDice","floor":18,"turns":4},{"damage":5,"enemies":"Spheric Guardian","floor":19,"turns":3},{"damage":9,"enemies":"Snake Plant","floor":20,"turns":4},{"damage":8,"enemies":"Chosen and Byrds","floor":21,"turns":5},{"damage":7,"enemies":"Replay:Snechameleon","floor":23,"turns":5},{"damage":4,"enemies":"Centurion and Healer","floor":24,"turns":4},{"damage":5,"enemies":"Snake Plant","floor":25,"turns":4},{"damage":6,"enemies":"Chosen and Byrds","floor":27,"turns":5},{"damage":7,"enemies":"Book of Stabbing","floor":31,"turns":5},{"damage":9,"enemies":"Collector","floor":33,"turns":5},{"damage":2,"enemies":"3 Darklings","floor":35,"turns":1},{"damage":4,"enemies":"Orb Walker","floor":38,"turns":2},{"damage":4,"enemies":"Jaw Worm Horde","floor":39,"turns":2},{"damage":2,"enemies":"R_Hoarder","floor":40,"turns":2},{"damage":2,"enemies":"Sphere and 2 Shapes","floor":41,"turns":2},{"damage":4,"enemies":"Nemesis","floor":42,"turns":3},{"damage":9,"enemies":"R_Hoarder","floor":46,"turns":6},{"damage":6,"enemies":"Orin","floor":47,"turns":4},{"damage":5,"enemies":"Giant Head","floor":48,"turns":4},{"damage":4,"enemies":"Time Eater","floor":50,"turns":4}],"seed_played":"2573694286002662605","potions_obtained":[{"floor":6,"key":"Explosive Potion"},{"floor":8,"key":"Explosive Potion"},{"floor":14,"key":"BloodPotion"},{"floor":16,"key":"Swift Potion"},{"floor":18,"key":"BloodPotion"},{"floor":20,"key":"Fire Potion"},{"floor":35,"key":"REME_GoldPotion"},{"floor":38,"key":"SteroidPotion"}],"is_trial":false,"path_per_floor":["M","M","?","?","M","E","?","?","T","?","T","E","R","E","R","B",null,"M","M","M","M","?","E","M","M","T","M","?","?","$","E","R","B",null,"M","?","$","M","M","E","M","E","T","$","?","E","?","E","R","B",null],"character_chosen":"IRONCLAD","items_purchased":["Simple Rune","Replay:Ringing Soul","Vajra","Sling"],"campfire_rested":0,"item_purchase_floors":[30,30,37,44],"current_hp_per_floor":[74,75,75,75,75,56,56,43,43,43,50,56,56,62,62,75,75,75,75,75,75,75,75,75,75,75,75,71,47,47,66,66,81,81,81,77,77,77,77,80,83,86,86,86,86,89,92,95,95,95],"gold":600,"neow_bonus":"THREE_ENEMY_KILL","is_daily":false,"chose_seed":false,"campfire_upgraded":4,"win_rate":0.0,"timestamp":1609849570,"path_taken":["M","M","?","?","?","E","?","?","T","?","?","E","R","E","R","BOSS","M","M","M","M","?","E","M","M","T","M","?","?","$","E","R","BOSS","M","?","$","M","M","E","M","E","T","$","?","E","?","E","R","BOSS"],"items_purchased_type":["Relic","Relic","Relic","Relic"],"build_version":"2020-12-22","purchased_purges":3,"victory":true,"max_hp_per_floor":[75,75,75,75,75,75,75,75,75,68,75,75,75,75,75,75,75,75,75,75,75,75,75,75,75,75,75,75,75,75,78,78,81,81,81,77,77,77,77,80,83,86,86,86,86,89,92,95,95,95],"relic_stats":{"Darkstone Periapt":0,"counters":[28,127],"Golden Idol":182,"Self Forming Clay":[33],"Orichalcum":[0],"obtain_stats":[{"Darkstone Periapt":40,"Ice Cream":48,"DaveBox":0,"LagranYue:RandomDrawCardRelic":0,"testmod-BatchProcessingSystem":0,"Vajra":37,"King of Hearts":43,"LagranYue:MagicReflectiveArmorRelic":8,"Sling":44,"Burning Blood":0,"Pet Ghost":12,"Replay:Rubber Ducky":6,"GreenFoldingFan":17,"Replay:Ringing Soul":30,"Strawberry":11,"Replay:Bottled Steam":31,"Potion Belt":4,"testmod-TestBox":0,"NeowsBlessing":0,"Golden Idol":10,"Self Forming Clay":42,"testmod-FatalChain":29,"The Courier":26,"Orichalcum":9,"Anchor":14,"SynthV:TestCard":1,"FeatherPendant":34,"BionicSphere":0,"Molten Egg 2":23,"Simple Rune":30,"CatCart":47,"StrikeDummy":46,"REME_ComplimentaryCards":0},{"Darkstone Periapt":22,"Ice Cream":27,"DaveBox":0,"LagranYue:RandomDrawCardRelic":0,"testmod-BatchProcessingSystem":0,"Vajra":19,"King of Hearts":24,"LagranYue:MagicReflectiveArmorRelic":5,"Sling":24,"Burning Blood":0,"Pet Ghost":6,"Replay:Rubber Ducky":4,"GreenFoldingFan":8,"Replay:Ringing Soul":16,"Strawberry":5,"Replay:Bottled Steam":17,"Potion Belt":2,"testmod-TestBox":0,"NeowsBlessing":0,"Golden Idol":5,"Self Forming Clay":24,"testmod-FatalChain":16,"The Courier":15,"Orichalcum":5,"Anchor":7,"SynthV:TestCard":1,"FeatherPendant":18,"BionicSphere":0,"Molten Egg 2":13,"Simple Rune":16,"CatCart":26,"StrikeDummy":25,"REME_ComplimentaryCards":0},{"Darkstone Periapt":104,"Ice Cream":123,"DaveBox":0,"LagranYue:RandomDrawCardRelic":0,"testmod-BatchProcessingSystem":0,"Vajra":98,"King of Hearts":109,"LagranYue:MagicReflectiveArmorRelic":26,"Sling":109,"Burning Blood":0,"Pet Ghost":34,"Replay:Rubber Ducky":14,"GreenFoldingFan":53,"Replay:Ringing Soul":87,"Strawberry":26,"Replay:Bottled Steam":92,"Potion Belt":2,"testmod-TestBox":0,"NeowsBlessing":0,"Golden Idol":26,"Self Forming Clay":109,"testmod-FatalChain":87,"The Courier":82,"Orichalcum":26,"Anchor":42,"SynthV:TestCard":1,"FeatherPendant":97,"BionicSphere":0,"Molten Egg 2":74,"Simple Rune":87,"CatCart":119,"StrikeDummy":115,"REME_ComplimentaryCards":0}],"Burning Blood":107},"card_choices":[{"not_picked":["Evolve","Heavy Blade"],"picked":"Sword Boomerang","floor":1},{"not_picked":["Inflame","Clash","Dropkick","ReplayReversal"],"picked":"Armaments","floor":2},{"not_picked":["ReplayReversal","Life Link","Pummel","Clash","Clothesline"],"picked":"SKIP","floor":5},{"not_picked":["Clothesline","Warcry","Replay:Undeath\u0027s Touch","Heavy Blade","Body Slam"],"picked":"SKIP","floor":6},{"not_picked":["Headbutt","Twin Strike","Pommel Strike","Body Slam"],"picked":"Sword Boomerang","floor":8},{"not_picked":["Replay:Many Hands","Shockwave","Combust","Perfected Strike"],"picked":"Iron Wave","floor":12},{"not_picked":["Flex","Perfected Strike","Heavy Blade","Anger"],"picked":"ReplayTheSpireMod:Muscle Training","floor":14},{"not_picked":["REME_TheLastStrike","MostiFishMod:RainCloud","Exhume","MostiFishMod:WingOfPhoenix"],"picked":"MostiFishMod:HellRitual","floor":16},{"not_picked":["Shockwave","Armaments","Iron Wave+1","Intimidate"],"picked":"Thunderclap","floor":18},{"not_picked":["Fire Breathing","MostiFishMod:BrandingRite","Warcry","ReplayReversal","Rage"],"picked":"SKIP","floor":19},{"not_picked":["REME_Scribble","MostiFishMod:BrandingRite","Seeing Red","Shockwave"],"picked":"Feel No Pain","floor":20},{"not_picked":["Power Through","REME_FearOfPain+1","True Grit","Replay:Undeath\u0027s Touch"],"picked":"Shrug It Off+1","floor":21},{"not_picked":["Cleave+1","Anger+1","Impervious","ReplayTheSpireMod:Strike From Hell+1"],"picked":"MostiFishMod:ChineseTea","floor":23},{"not_picked":["Entrench+1","Sword Boomerang+1","Heavy Blade+1","Replay:Undeath\u0027s Touch+1","Anger+1"],"picked":"SKIP","floor":24},{"not_picked":["Clothesline+1","Ghostly Armor","Wild Strike+1","Shockwave"],"picked":"True Grit","floor":25},{"not_picked":["Anger+1","Bloodletting+1","Heavy Blade+1","Clash+1","Sword Boomerang+1"],"picked":"SKIP","floor":27},{"not_picked":["Run Through+1","Clash+1","Dark Embrace","Bloodletting"],"picked":"Dual Wield+1","floor":31},{"not_picked":["Berserk","Brutality","Demonic Infusion","Bludgeon+1"],"picked":"MostiFishMod:RacingGame","floor":33},{"not_picked":["Intimidate","Havoc+1","Heavy Blade+1","Sentinel+1","Flex"],"picked":"SKIP","floor":35},{"not_picked":["Seeing Red","Thunderclap+1","Shockwave","Reckless Charge+1","Sword Boomerang+1"],"picked":"SKIP","floor":38},{"not_picked":["ReplayTheSpireMod:Muscle Training","Armaments","REME_SingleHolding","Flex","Carnage+1"],"picked":"SKIP","floor":39},{"not_picked":["Perfected Strike+1","Whirlwind+1","Dual Wield","Sword Boomerang+1"],"picked":"MostiFishMod:RainCloud+1","floor":40},{"not_picked":["Burning Pact","Wild Strike+1","Whirlwind+1","conspire:ExplosiveBarrier"],"picked":"Iron Wave+1","floor":41},{"not_picked":["Combust","Iron Wave+1","Clash+1","Disarm"],"picked":"Double Tap","floor":42},{"not_picked":["Run Through+1","Replay:Undeath\u0027s Touch+1","Evolve","Havoc+1"],"picked":"Pommel Strike+1","floor":46},{"not_picked":["Burning Pact","Armaments","Brutality","Iron Wave+1"],"picked":"Body Slam+1","floor":47},{"not_picked":["Clash+1","Run Through+1","REME_SingleHolding+1","Sword Boomerang+1"],"picked":"Shrug It Off","floor":48}],"player_experience":513620,"relics_obtained":[{"floor":1,"key":"SynthV:TestCard"},{"floor":6,"key":"Replay:Rubber Ducky"},{"floor":8,"key":"LagranYue:MagicReflectiveArmorRelic"},{"floor":9,"key":"Orichalcum"},{"floor":11,"key":"Strawberry"},{"floor":12,"key":"Pet Ghost"},{"floor":14,"key":"Anchor"},{"floor":23,"key":"Molten Egg 2"},{"floor":26,"key":"The Courier"},{"floor":29,"key":"testmod-FatalChain"},{"floor":31,"key":"Replay:Bottled Steam"},{"floor":40,"key":"Darkstone Periapt"},{"floor":42,"key":"Self Forming Clay"},{"floor":43,"key":"King of Hearts"},{"floor":46,"key":"StrikeDummy"},{"floor":47,"key":"CatCart"},{"floor":48,"key":"Ice Cream"}],"event_choices":[{"damage_healed":0,"gold_gain":0,"player_choice":"Paid Gold","damage_taken":0,"relics_obtained":["Potion Belt"],"max_hp_gain":0,"max_hp_loss":0,"event_name":"WeMeetAgain","floor":4,"gold_loss":81},{"cards_removed":["Strike_R"],"damage_healed":0,"gold_gain":0,"player_choice":"Card Removal","damage_taken":0,"max_hp_gain":0,"max_hp_loss":0,"event_name":"The Cleric","floor":7,"gold_loss":75},{"damage_healed":0,"gold_gain":0,"player_choice":"Searched \u00272\u0027 times","damage_taken":0,"max_hp_gain":0,"max_hp_loss":0,"event_name":"Dead Adventurer","floor":8,"gold_loss":0},{"damage_healed":0,"gold_gain":0,"player_choice":"Lose Max HP","damage_taken":0,"relics_obtained":["Golden Idol"],"max_hp_gain":0,"max_hp_loss":7,"event_name":"Golden Idol","floor":10,"gold_loss":0},{"damage_healed":0,"gold_gain":0,"player_choice":"Read","damage_taken":0,"max_hp_gain":0,"max_hp_loss":0,"event_name":"The Library","floor":22,"gold_loss":0,"cards_obtained":["ReplayTheSpireMod:Strike From Hell"]},{"damage_healed":0,"gold_gain":0,"player_choice":"Leave","damage_taken":0,"max_hp_gain":0,"max_hp_loss":0,"event_name":"conspire:Investor","floor":28,"gold_loss":0},{"damage_healed":0,"gold_gain":0,"player_choice":"Max HP","damage_taken":0,"max_hp_gain":0,"max_hp_loss":4,"event_name":"Winding Halls","floor":36,"gold_loss":0},{"damage_healed":0,"gold_gain":400,"player_choice":"Sell","damage_taken":0,"max_hp_gain":0,"max_hp_loss":0,"event_name":"∂˜¬ÂÀπµƒ≈Ã◊”","floor":45,"relics_lost":["testmod-TestBox"],"gold_loss":0},{"damage_healed":0,"gold_gain":0,"player_choice":"Fight","damage_taken":0,"max_hp_gain":0,"max_hp_loss":0,"event_name":"OrinTheCat","floor":47,"gold_loss":0}],"is_beta":false,"boss_relics":[{"not_picked":["testmod-DreamHouse","Replay:Drink Me"],"picked":"GreenFoldingFan"},{"not_picked":["testmod-Recursion","LagranYue:SoulBurningRelic"],"picked":"FeatherPendant"}],"items_purged_floors":[30,37,44],"is_endless":false,"potions_floor_spawned":[6,8,14,16,18,20,24,31,35,38,40,46],"ascension_level":16}}