{"host":"mike","time":1609809121,"event":{"mods":["2.2 Compatiblity","AchievementEnabler","BaseMod","Dio Mod","Hermit","Highlight Path","Jorbs\u0027s Wanderer Trilogy","Minty Spire (QoL Compilation)","Random Character Button","Rare Cards Sparkle","Relic Stats","StSLib","The Bladedancer","The Cursed","The Marked"],"gold_per_floor":[116,116,116,133,146,177,30,30,57,57,70,100,132,156,168,278,290,319,344,368,380,392,392],"floor_reached":22,"playtime":934,"items_purged":[],"score":300,"play_id":"7e86b836-7c83-4cd9-ae1d-3a3eaff47e41","local_time":"20210104201201","is_ascension_mode":true,"campfire_choices":[{"data":"theMarked:SoldierOfQuellstein","floor":8,"key":"SMITH"},{"data":"theMarked:EmpowerWeapon","floor":10,"key":"SMITH"},{"data":"theMarked:WardOff","floor":15,"key":"SMITH"}],"circlet_count":0,"master_deck":["theMarked:Strike","theMarked:Strike+1","theMarked:Strike","theMarked:Strike","theMarked:Defend","theMarked:Defend","theMarked:Defend","theMarked:Defend","theMarked:SoldierOfQuellstein+1","theMarked:Aftermath","theMarked:ChannelForce+1","theMarked:SwordAndMagic","theMarked:SwordAndMagic","theMarked:EmpowerWeapon+1","theMarked:WardOff+1","theMarked:WardOff","theMarked:ElectricStrings","theMarked:SummonStrength","theMarked:TwofoldDefense","theMarked:WastefulDefense"],"relics":["theMarked:SpiritSword","Vajra","ClockworkSouvenir","Nunchaku","MawBank","Philosopher\u0027s Stone"],"acts_visited":["Exordium","TheCity"],"potions_floor_usage":[18],"damage_taken":[{"damage":0,"enemies":"Small Slimes","floor":1,"turns":4},{"damage":2,"enemies":"Jaw Worm","floor":4,"turns":3},{"damage":0,"enemies":"Cultist","floor":5,"turns":2},{"damage":13,"enemies":"3 Sentries","floor":6,"turns":6},{"damage":3,"enemies":"3 Louse","floor":11,"turns":2},{"damage":0,"enemies":"Lagavulin","floor":12,"turns":3},{"damage":0,"enemies":"Large Slime","floor":13,"turns":2},{"damage":0,"enemies":"2 Fungi Beasts","floor":14,"turns":2},{"damage":0,"enemies":"Slime Boss","floor":16,"turns":4},{"damage":15,"enemies":"2 Thieves","floor":18,"turns":4},{"damage":41,"enemies":"3 Byrds","floor":19,"turns":4},{"damage":13,"enemies":"Shelled Parasite and Fungi","floor":20,"turns":4},{"damage":8,"enemies":"Sentry and Sphere","floor":22,"turns":3}],"seed_played":"-5825012507680959897","potions_obtained":[{"floor":4,"key":"Strength Potion"},{"floor":5,"key":"Energy Potion"},{"floor":11,"key":"SmokeBomb"},{"floor":12,"key":"Block Potion"},{"floor":19,"key":"SteroidPotion"}],"is_trial":false,"path_per_floor":["M","?","?","M","M","E","$","R","T","R","M","E","M","M","R","B",null,"M","M","M","$","M"],"character_chosen":"THE_DEFAULT","items_purchased":["ClockworkSouvenir"],"campfire_rested":0,"item_purchase_floors":[7],"current_hp_per_floor":[70,70,56,54,54,41,41,41,41,41,38,38,38,38,38,38,70,55,14,1,1,0,0],"gold":392,"neow_bonus":"BOSS_RELIC","is_daily":false,"chose_seed":false,"campfire_upgraded":3,"win_rate":0.0,"timestamp":1609809121,"path_taken":["M","?","?","M","M","E","$","R","T","R","M","E","M","M","R","BOSS","M","M","M","$","M"],"items_purchased_type":["Relic"],"build_version":"2020-12-18","purchased_purges":0,"victory":false,"max_hp_per_floor":[70,70,70,70,70,70,70,70,70,70,70,70,70,70,70,70,70,70,70,70,70,70,70],"relic_stats":{"Nunchaku":[6],"counters":[13,43],"MawBank":120,"obtain_stats":[{"theMarked:ArtifactOfAir":0,"Nunchaku":9,"Vajra":6,"Philosopher\u0027s Stone":17,"theMarked:SpiritSword":0,"MawBank":12,"ClockworkSouvenir":7},{"theMarked:ArtifactOfAir":0,"Nunchaku":4,"Vajra":4,"Philosopher\u0027s Stone":9,"theMarked:SpiritSword":0,"MawBank":6,"ClockworkSouvenir":4},{"theMarked:ArtifactOfAir":0,"Nunchaku":15,"Vajra":15,"Philosopher\u0027s Stone":28,"theMarked:SpiritSword":0,"MawBank":20,"ClockworkSouvenir":15}]},"card_choices":[{"not_picked":["theMarked:Polarize","theMarked:MaelstromOfLightning"],"picked":"theMarked:Aftermath","floor":1},{"not_picked":["theMarked:Improvise","theMarked:Generate"],"picked":"theMarked:SwordAndMagic","floor":4},{"not_picked":["theMarked:WastefulAttack","theMarked:GodGivenPower"],"picked":"theMarked:SwordAndMagic","floor":5},{"not_picked":["theMarked:Aftermath","theMarked:Electrocute"],"picked":"theMarked:EmpowerWeapon","floor":6},{"not_picked":["theMarked:UnarmedFury","theMarked:RepellingDischarge","theMarked:Frustration"],"picked":"SKIP","floor":11},{"not_picked":["theMarked:GodGivenPower","theMarked:Aftermath"],"picked":"theMarked:WardOff","floor":12},{"not_picked":["theMarked:Frustration","theMarked:TwofoldDefense"],"picked":"theMarked:WardOff","floor":13},{"not_picked":["theMarked:Parry","theMarked:SwordAndMagic"],"picked":"theMarked:ElectricStrings","floor":14},{"not_picked":["theMarked:TakeOffHeels","theMarked:Levitate"],"picked":"theMarked:SummonStrength","floor":16},{"not_picked":["theMarked:EnhanceMovement+1","theMarked:Frustration"],"picked":"theMarked:TwofoldDefense","floor":18},{"not_picked":["theMarked:WardOff","theMarked:ResourceFulStrike","theMarked:KeepCalmAndFightOn"],"picked":"SKIP","floor":19},{"not_picked":["theMarked:ChainLightning","theMarked:WastefulAttack"],"picked":"theMarked:WastefulDefense","floor":20}],"player_experience":306448,"relics_obtained":[{"floor":6,"key":"Vajra"},{"floor":9,"key":"Nunchaku"},{"floor":12,"key":"MawBank"}],"event_choices":[{"damage_healed":0,"gold_gain":0,"cards_transformed":["theMarked:Strike"],"player_choice":"Change","damage_taken":0,"max_hp_gain":0,"max_hp_loss":0,"event_name":"Living Wall","floor":2,"gold_loss":0,"cards_obtained":["theMarked:ChannelForce"]},{"damage_healed":0,"gold_gain":0,"player_choice":"Entered Light","damage_taken":14,"max_hp_gain":0,"max_hp_loss":0,"event_name":"Shining Light","floor":3,"gold_loss":0,"cards_upgraded":["theMarked:ChannelForce","theMarked:Strike"]}],"is_beta":true,"boss_relics":[{"not_picked":["Snecko Eye","Fusion Hammer"],"picked":"Philosopher\u0027s Stone"}],"items_purged_floors":[],"is_endless":false,"potions_floor_spawned":[4,5,11,12,14,19],"killed_by":"Sentry and Sphere","ascension_level":2}}