{"host":"armnliea5o2aqs4b","time":1609822769,"event":{"mods":["BaseMod","Hubris","Infinite Spire","Minty Spire (QoL Compilation)","Quick Restart","StSLib"],"gold_per_floor":[119,119,135,65,85,85,85,85,108,108,108,108,183,202,202,202,202],"floor_reached":16,"playtime":303,"items_purged":[],"score":92,"play_id":"14c3ad65-07f3-47aa-8acd-993a55a87f5f","local_time":"20210105155929","is_ascension_mode":true,"campfire_choices":[{"floor":6.0,"key":"RECALL"},{"data":"Accuracy","floor":11.0,"key":"SMITH"},{"data":"Endless Agony","floor":15,"key":"SMITH"}],"circlet_count":0,"master_deck":["Strike_G","Strike_G","Strike_G","Strike_G","Defend_G","Defend_G","Defend_G+1","Defend_G","Defend_G+1","Survivor","Neutralize","Masterful Stab","Sucker Punch","Accuracy+1","Endless Agony+1"],"relics":["Ring of the Snake","NeowsBlessing","War Paint","hubris:OldNail","Turnip"],"acts_visited":["Exordium"],"potions_floor_usage":[16],"damage_taken":[{"damage":0.0,"enemies":"2 Louse","floor":1.0,"turns":1.0},{"damage":0.0,"enemies":"Cultist","floor":3.0,"turns":1.0},{"damage":0.0,"enemies":"Jaw Worm","floor":5.0,"turns":1.0},{"damage":19,"enemies":"3 Louse","floor":14,"turns":5},{"damage":33,"enemies":"Hexaghost","floor":16,"turns":14}],"seed_played":"-3543449708470095104","potions_obtained":[{"floor":1.0,"key":"Dexterity Potion"},{"floor":5.0,"key":"Weak Potion"}],"is_trial":false,"path_per_floor":["M","?","M","$","M","R","$","T","T","?","R","?","?","M","R","B"],"character_chosen":"THE_SILENT","items_purchased":["Accuracy"],"campfire_rested":0,"item_purchase_floors":[4],"current_hp_per_floor":[70,70,70,70,70,70,70,70,70,70,70,63,52,33,33,0,0],"gold":202,"neow_bonus":"THREE_ENEMY_KILL","is_daily":false,"chose_seed":false,"campfire_upgraded":2,"win_rate":0.0,"timestamp":1609822769,"path_taken":["M","?","M","$","?","R","$","?","T","?","R","?","?","M","R","BOSS"],"items_purchased_type":["Card"],"build_version":"2020-12-22","purchased_purges":0,"victory":false,"max_hp_per_floor":[70,70,70,70,70,70,70,70,70,70,70,70,70,70,70,70,70],"card_choices":[{"not_picked":["hubris:SlightOfHand","Deflect"],"picked":"Masterful Stab","floor":1.0},{"not_picked":["Escape Plan","Skewer"],"picked":"Sucker Punch","floor":3.0},{"not_picked":["Outmaneuver","hubris:SlightOfHand","Flying Knee"],"picked":"SKIP","floor":5.0},{"not_picked":["Sucker Punch","Cloak And Dagger"],"picked":"Endless Agony","floor":14}],"player_experience":185557,"relics_obtained":[{"floor":9.0,"key":"hubris:OldNail"},{"floor":10.0,"key":"Turnip"}],"event_choices":[{"damage_healed":0.0,"max_hp_gain":0.0,"max_hp_loss":0.0,"gold_gain":0.0,"event_name":"WeMeetAgain","player_choice":"Gave Potion","floor":2.0,"gold_loss":0.0,"damage_taken":0.0,"relics_obtained":["War Paint"]},{"cards_removed":["Strike_G"],"damage_healed":0.0,"max_hp_gain":0.0,"max_hp_loss":0.0,"gold_gain":0.0,"event_name":"Golden Wing","player_choice":"Card Removal","floor":12.0,"gold_loss":0.0,"damage_taken":7.0},{"damage_healed":0.0,"max_hp_gain":0.0,"max_hp_loss":0.0,"gold_gain":75.0,"event_name":"World of Goop","player_choice":"Gather Gold","floor":13.0,"gold_loss":0.0,"damage_taken":11.0}],"is_beta":false,"boss_relics":[],"items_purged_floors":[],"is_endless":false,"potions_floor_spawned":[1,5],"killed_by":"Hexaghost","ascension_level":1}}