{"host":"6p0attdrtjqaih7v","time":1609824972,"event":{"mods":["2.2 Compatiblity","AchievementEnabler","Bard","BaseMod","Better Skull","Better Third Choice","Colored Powertips","Hermit","Highlight Path","Jorbs\u0027s Wanderer Trilogy","Key Reminder","Minty Spire (QoL Compilation)","Permanent Neow","Quick Restart","Random Character Button","Relic Stats","Replay The Spire","StSLib","The Construct"],"gold_per_floor":[113,126,126,30,49,64,74,74,74,108,121,147,105,131,131,210,210,230,240,250,250,270,301,301,330,330,91,101,101,16,16,16,16,16],"floor_reached":33,"playtime":1453,"items_purged":["Strike_R"],"score":656,"play_id":"7c959b52-b68f-433a-9931-473bee2118e7","local_time":"20210105003612","is_ascension_mode":true,"campfire_choices":[{"data":"Apotheosis","floor":8,"key":"SMITH"},{"floor":15,"key":"REST"},{"floor":24,"key":"REST"},{"data":"Feel No Pain","floor":29,"key":"SMITH"},{"data":"Offering","floor":32,"key":"SMITH"}],"circlet_count":0,"master_deck":["AscendersBane","Defend_R","Defend_R","Defend_R","Defend_R","Apotheosis+1","Uppercut","Fire Breathing","True Grit","Feel No Pain+1","Dark Embrace","Havoc","Shrug It Off","Immolate","Power Through","Anger","Immolate","Spot Weakness+1","Offering+1","Infernal Blade","True Grit","Thunderclap","Corruption","Wild Strike"],"relics":["Black Blood","Replay:Ringing Soul","ReplayTheSpireMod:Spearhead","Replay:PocketPolymizer","Happy Flower","Philosopher\u0027s Stone","Nloth\u0027s Gift","WingedGreaves","Anchor","Blue Doll","OrangePellets","Quantum Egg"],"acts_visited":["Exordium","TheCity"],"potions_floor_usage":[5,10,11,12,14,18,25],"damage_taken":[{"damage":6,"enemies":"Cultist","floor":1,"turns":3},{"damage":11,"enemies":"Small Slimes","floor":2,"turns":4},{"damage":4,"enemies":"2 Louse","floor":5,"turns":2},{"damage":14,"enemies":"Blue Slaver","floor":6,"turns":5},{"damage":19,"enemies":"Exordium Wildlife","floor":7,"turns":8},{"damage":26,"enemies":"Gremlin Nob","floor":10,"turns":4},{"damage":17,"enemies":"Gremlin Gang","floor":11,"turns":7},{"damage":14,"enemies":"3 Sentries","floor":12,"turns":6},{"damage":0,"enemies":"Lagavulin","floor":14,"turns":6},{"damage":34,"enemies":"Slime Boss","floor":16,"turns":7},{"damage":0,"enemies":"Chosen","floor":18,"turns":4},{"damage":0,"enemies":"Spheric Guardian","floor":19,"turns":3},{"damage":17,"enemies":"Chosen and Byrds","floor":20,"turns":5},{"damage":40,"enemies":"Snake Plant","floor":22,"turns":5},{"damage":46,"enemies":"Gremlin Leader","floor":23,"turns":6},{"damage":9,"enemies":"Replay:Snechameleon","floor":25,"turns":5},{"damage":6,"enemies":"Sentry and Sphere","floor":28,"turns":4},{"damage":92,"enemies":"Collector","floor":33,"turns":7}],"seed_played":"-5907890504202731005","potions_obtained":[{"floor":1,"key":"Toxic Potion"},{"floor":6,"key":"SteroidPotion"},{"floor":10,"key":"ColorlessPotion"},{"floor":12,"key":"PowerPotion"},{"floor":16,"key":"LiquidMemories"},{"floor":23,"key":"Flashbang"}],"is_trial":false,"path_per_floor":["M","M","?","$","M","M","M","R","T","E","M","E","?","E","R","B",null,"M","M","M","?","M","E","R","E","T","$","M","R","?","?","R","B"],"character_chosen":"IRONCLAD","items_purchased":["Fire Breathing","Strength Potion","OrangePellets"],"campfire_rested":2,"item_purchase_floors":[4,4,27],"current_hp_per_floor":[68,63,63,63,65,57,44,44,44,27,19,14,14,23,50,25,71,83,89,84,84,56,25,56,62,62,62,68,71,71,74,77,0,0],"gold":16,"neow_bonus":"RANDOM_COLORLESS_2","is_daily":false,"chose_seed":false,"campfire_upgraded":3,"win_rate":0.0,"timestamp":1609824972,"path_taken":["M","M","?","$","M","M","?","R","T","E","?","E","?","E","R","BOSS","M","M","M","?","M","E","R","E","T","$","?","R","?","?","R","BOSS"],"items_purchased_type":["Card","Potion","Relic"],"build_version":"2020-12-22","purchased_purges":1,"victory":false,"max_hp_per_floor":[68,68,68,68,68,68,68,68,68,71,74,77,77,80,83,86,86,86,89,89,89,89,92,95,98,98,98,98,101,101,104,107,107,107],"relic_stats":{"OrangePellets":[0],"Happy Flower":[15],"counters":[18,91],"Black Blood":135,"Nloth\u0027s Gift":2,"obtain_stats":[{"Replay:PocketPolymizer":12,"Happy Flower":14,"Replay:Grab Bag":17,"Quantum Egg":30,"Black Blood":17,"Blue Doll":26,"Burning Blood":0,"Replay:Ringing Soul":9,"OrangePellets":27,"ReplayTheSpireMod:Spearhead":10,"Anchor":25,"Philosopher\u0027s Stone":17,"WingedGreaves":23,"Nloth\u0027s Gift":21},{"Replay:PocketPolymizer":8,"Happy Flower":9,"Replay:Grab Bag":10,"Quantum Egg":17,"Black Blood":10,"Blue Doll":16,"Burning Blood":0,"Replay:Ringing Soul":5,"OrangePellets":16,"ReplayTheSpireMod:Spearhead":6,"Anchor":16,"Philosopher\u0027s Stone":10,"WingedGreaves":15,"Nloth\u0027s Gift":13},{"Replay:PocketPolymizer":39,"Happy Flower":45,"Replay:Grab Bag":52,"Quantum Egg":84,"Black Blood":52,"Blue Doll":80,"Burning Blood":0,"Replay:Ringing Soul":22,"OrangePellets":80,"ReplayTheSpireMod:Spearhead":26,"Anchor":80,"Philosopher\u0027s Stone":52,"WingedGreaves":75,"Nloth\u0027s Gift":64}]},"card_choices":[{"not_picked":["Transmutation","Panache"],"picked":"Apotheosis","floor":0},{"not_picked":["Perfected Strike","Sword Boomerang"],"picked":"Uppercut","floor":1},{"not_picked":["Pummel","Spot Weakness","Wild Strike"],"picked":"SKIP","floor":2},{"not_picked":["Bloodletting","Headbutt"],"picked":"True Grit","floor":5},{"not_picked":["Dual Wield","Heavy Blade"],"picked":"Feel No Pain","floor":6},{"not_picked":["Searing Blow","Rupture"],"picked":"Dark Embrace","floor":7},{"not_picked":["Ghostly Armor","Sword Boomerang"],"picked":"Havoc","floor":10},{"not_picked":["Pommel Strike","Havoc"],"picked":"Shrug It Off","floor":11},{"not_picked":["Warcry","Demonic Infusion"],"picked":"Immolate","floor":12},{"not_picked":["Sentinel","Anger"],"picked":"Power Through","floor":14},{"not_picked":["Double Tap","Exhume"],"picked":"Immolate","floor":16},{"not_picked":["Thunderclap","Flex","Carnage"],"picked":"SKIP","floor":18},{"not_picked":["Warcry","Anger"],"picked":"Spot Weakness+1","floor":19},{"not_picked":["Headbutt","Armaments","Clash"],"picked":"SKIP","floor":20},{"not_picked":["Armaments","Dual Wield","Iron Wave"],"picked":"SKIP","floor":22},{"not_picked":["Seeing Red","Whirlwind"],"picked":"Offering","floor":23},{"not_picked":["Thunderclap","Fiend Fire"],"picked":"True Grit","floor":25},{"not_picked":["Iron Wave","Ghostly Armor","Wild Strike"],"picked":"SKIP","floor":28}],"player_experience":941689,"relics_obtained":[{"floor":9,"key":"Replay:Ringing Soul"},{"floor":10,"key":"ReplayTheSpireMod:Spearhead"},{"floor":12,"key":"Replay:PocketPolymizer"},{"floor":14,"key":"Happy Flower"},{"floor":23,"key":"WingedGreaves"},{"floor":25,"key":"Anchor"},{"floor":26,"key":"Blue Doll"}],"event_choices":[{"cards_removed":["Strike_R"],"damage_healed":0,"gold_gain":0,"player_choice":"Purged","damage_taken":0,"max_hp_gain":0,"max_hp_loss":0,"event_name":"Purifier","floor":3,"gold_loss":0},{"damage_healed":0,"gold_gain":0,"player_choice":"Left Gold","damage_taken":0,"max_hp_gain":0,"max_hp_loss":0,"event_name":"World of Goop","floor":13,"gold_loss":42},{"damage_healed":0,"gold_gain":0,"player_choice":"Traded Relic","damage_taken":0,"relics_obtained":["Nloth\u0027s Gift"],"max_hp_gain":0,"max_hp_loss":0,"event_name":"N\u0027loth","floor":21,"relics_lost":["Replay:Grab Bag"],"gold_loss":0},{"damage_healed":0,"gold_gain":0,"player_choice":"Obtained Relic","damage_taken":0,"relics_obtained":["Quantum Egg"],"max_hp_gain":0,"max_hp_loss":0,"event_name":"Addict","floor":30,"gold_loss":85},{"damage_healed":0,"gold_gain":0,"player_choice":"Read","damage_taken":0,"max_hp_gain":0,"max_hp_loss":0,"event_name":"The Library","floor":31,"gold_loss":0,"cards_obtained":["Corruption"]}],"is_beta":false,"boss_relics":[{"not_picked":["Tiny House","Ooze Armor"],"picked":"Replay:Grab Bag"},{"not_picked":["ChewingGum","Replay:Wanted Poster"],"picked":"Philosopher\u0027s Stone"},{"not_picked":["Ring of Chaos","Calling Bell"],"picked":"Black Blood"}],"items_purged_floors":[27],"is_endless":false,"potions_floor_spawned":[1,6,7,10,12,16,23],"killed_by":"Collector","ascension_level":18}}