{"host":"gsmj583br51y3r1c","time":1609829120,"event":{"mods":["AchievementEnabler","BaseMod","Better Note","Colored Map","Dio Mod","Downfall","Hermit","Highlight Path","Hubris","Infinite Spire","Marisa????????","Minty Spire (QoL Compilation)","Permanent Neow","Quick Restart","StSLib","The Bug Knight","The Cursed","The Disciple","The Elementalist","The Marked","The Mystic","The Runesmith","The Servant 0.9.4","Unceasing Turn Reminder","everything is the same but u backflip on backflip"],"gold_per_floor":[369,369,380,380,129,129,154,154,205,205,218,56,56,74,74,74,74],"floor_reached":16,"playtime":1247,"items_purged":[],"score":98,"play_id":"60eefedc-e871-4187-9b54-3368a9ec580d","local_time":"20210105084520","is_ascension_mode":false,"campfire_choices":[{"data":"hermit:Determination","floor":6,"key":"SMITH"},{"floor":8,"key":"REST"},{"data":"hermit:Snapshot","floor":10,"key":"SMITH"},{"data":"hermit:FullyLoaded","floor":15,"key":"SMITH"}],"circlet_count":0,"master_deck":["hermit:Strike_Hermit","hermit:Strike_Hermit","hermit:Strike_Hermit","hermit:Strike_Hermit","hermit:Defend_Hermit","hermit:Defend_Hermit","hermit:Defend_Hermit","hermit:Defend_Hermit","hermit:Snapshot+1","hermit:Covet","TheCursedMod:Dregs","hermit:Vantage","hermit:Determination+1","hermit:NoHoldsBarred","hermit:FullyLoaded+1","hermit:Dive","hermit:HighNoon+1"],"relics":["hermit:Momento","Turnip","infinitespire:WardingShard","hubris:BundleOfHerbs","Boot"],"acts_visited":["Exordium"],"potions_floor_usage":[7,7],"damage_taken":[{"damage":6,"enemies":"Jaw Worm","floor":1,"turns":3},{"damage":5,"enemies":"Small Slimes","floor":3,"turns":4},{"damage":37,"enemies":"Gremlin Nob","floor":7,"turns":6},{"damage":0,"enemies":"Cultist","floor":11,"turns":3},{"damage":5,"enemies":"Looter","floor":14,"turns":4},{"damage":0,"enemies":"The Guardian","floor":16,"turns":3}],"seed_played":"-841359362063239183","potions_obtained":[{"floor":1,"key":"BlessingOfTheForge"},{"floor":3,"key":"hermit:BlackBile"}],"is_trial":false,"path_per_floor":["M","?","M","T","$","R","E","R","T","R","M","$","?","M","R","B"],"character_chosen":"HERMIT","items_purchased":["infinitespire:WardingShard","hermit:Dive","hermit:HighNoon"],"campfire_rested":1,"item_purchase_floors":[5,12,12],"current_hp_per_floor":[69,69,64,64,64,64,27,49,49,49,49,49,49,44,44,44,44],"gold":74,"neow_bonus":"TWO_FIFTY_GOLD","is_daily":false,"chose_seed":false,"campfire_upgraded":3,"win_rate":0.0,"timestamp":1609829120,"path_taken":["M","?","M","?","$","R","E","R","T","R","M","$","?","?","R","BOSS"],"items_purchased_type":["Relic","Card","Card"],"build_version":"2020-12-22","purchased_purges":0,"victory":false,"max_hp_per_floor":[75,75,75,75,75,75,75,75,75,75,75,75,75,75,75,75,75],"card_choices":[{"not_picked":["hermit:Feint","hermit:Quickdraw"],"picked":"hermit:Vantage","floor":1},{"not_picked":["hermit:Desperado","hermit:LuckOfTheDraw"],"picked":"hermit:Determination","floor":3},{"not_picked":["hermit:Manifest","hermit:LoneWolf"],"picked":"hermit:NoHoldsBarred","floor":7},{"not_picked":["hermit:DeadMansHand","hermit:Enervate"],"picked":"hermit:FullyLoaded","floor":11},{"not_picked":["hermit:Snipe","hermit:Manifest","hermit:Desperado"],"picked":"SKIP","floor":14}],"player_experience":331078,"relics_obtained":[{"floor":4,"key":"Turnip"},{"floor":7,"key":"hubris:BundleOfHerbs"},{"floor":9,"key":"Boot"}],"event_choices":[{"damage_healed":0,"gold_gain":0,"player_choice":"Forge","damage_taken":0,"max_hp_gain":0,"max_hp_loss":0,"event_name":"Accursed Blacksmith","floor":13,"gold_loss":0,"cards_upgraded":["hermit:HighNoon"]}],"is_beta":false,"boss_relics":[],"items_purged_floors":[],"is_endless":false,"potions_floor_spawned":[1,3],"killed_by":"The Guardian","ascension_level":0}}