{"host":"cr892wvdvh6p7gzy","time":1609810070,"event":{"mods":["A Magickal Journey","BaseMod","BetterRewards","Downfall","GifTheSpireLib","Hubris","Infinite Spire","Minty Spire (QoL Compilation)","READ ME - Guardian Mod","Replay The Spire","SOS???????","StSLib","The Bug Knight","The Dragon Tamer","The Necromancer","???Mod??????Boss"],"gold_per_floor":[113,130,55,55,72,72,72,88,135,135,154,172,172,183,183,283,333,348,348,348,362,362,362],"floor_reached":22,"playtime":1349,"items_purged":[],"score":221,"play_id":"f67c3570-9bc9-43b7-9ea1-245773adf30c","local_time":"20210105022750","is_ascension_mode":true,"campfire_choices":[{"data":"Dualcast","floor":6,"key":"SMITH"},{"data":"Sunder","floor":10,"key":"SMITH"},{"data":"Consume","floor":13,"key":"SMITH"},{"floor":15,"key":"REST"}],"circlet_count":0,"master_deck":["Strike_B","Strike_B","Strike_B","Strike_B","Defend_B","Defend_B+1","Defend_B","Defend_B","Zap","Dualcast+1","Panic Button","Defragment","Consume+1","Sunder+1","Leap","Thunder Strike","ReplayRNGCard","Ball Lightning"],"relics":["Cracked Core","infinitespire:Freezer","Tiny House","WingedGreaves","Bottled Lightning"],"acts_visited":["Exordium","TheCity"],"potions_floor_usage":[16,21,21,21,22],"damage_taken":[{"damage":7,"enemies":"Jaw Worm","floor":1,"turns":3},{"damage":0,"enemies":"2 Louse","floor":2,"turns":3},{"damage":1,"enemies":"Cultist","floor":5,"turns":3},{"damage":9,"enemies":"Red Slaver","floor":8,"turns":3},{"damage":0,"enemies":"3 Louse","floor":11,"turns":3},{"damage":0,"enemies":"Exordium Thugs","floor":12,"turns":2},{"damage":5,"enemies":"Gremlin Gang","floor":14,"turns":5},{"damage":37,"enemies":"The Guardian","floor":16,"turns":11},{"damage":13,"enemies":"Spheric Guardian","floor":18,"turns":4},{"damage":17,"enemies":"Shell Parasite","floor":21,"turns":5},{"damage":2,"enemies":"Cultist and Chosen","floor":22,"turns":4}],"seed_played":"2187417438365308878","potions_obtained":[{"floor":1,"key":"champ:CounterPotion"},{"floor":5,"key":"Elixir"},{"floor":8,"key":"FearPotion"},{"floor":14,"key":"BlessingOfTheForge"},{"floor":17,"key":"Fruit Juice"},{"floor":18,"key":"sneckomod:MuddlingPotion"},{"floor":21,"key":"DuplicationPotion"}],"is_trial":false,"path_per_floor":["M","M","$","?","M","R","?","M","T","R","M","M","R","M","R","B",null,"M","AVR","T","M","M"],"character_chosen":"DEFECT","items_purchased":["Consume"],"campfire_rested":1,"item_purchase_floors":[3],"current_hp_per_floor":[75,75,75,75,74,74,74,65,65,65,65,65,65,60,82,45,87,74,74,74,62,60,60],"gold":362,"neow_bonus":"TEN_PERCENT_HP_BONUS","is_daily":false,"chose_seed":false,"campfire_upgraded":3,"win_rate":0.0,"timestamp":1609810070,"path_taken":["M","M","$","?","M","R","?","M","T","R","?","M","R","M","R","BOSS","M","AVR","?","M","M"],"items_purchased_type":["Card"],"build_version":"2020-12-22","purchased_purges":0,"victory":false,"max_hp_per_floor":[82,82,82,82,82,82,82,82,82,82,82,82,82,82,82,82,87,87,87,87,92,92,92],"card_choices":[{"not_picked":["ReplaySort","Consume"],"picked":"Panic Button","floor":1},{"not_picked":["Coolheaded","ReplayTheSpireMod:Repulse"],"picked":"Defragment","floor":2},{"not_picked":["Coolheaded","ReplaySolidLightProjector","Melter"],"picked":"SKIP","floor":5},{"not_picked":["Barrage","Streamline"],"picked":"Sunder","floor":8},{"not_picked":["BootSequence","Coolheaded","Steam"],"picked":"SKIP","floor":11},{"not_picked":["Go for the Eyes","Melter"],"picked":"Leap","floor":12},{"not_picked":["Recycle","Hello World"],"picked":"Thunder Strike","floor":14},{"not_picked":["ReplayTheSpireMod:Fabricate Wheel","Multi-Cast"],"picked":"ReplayRNGCard","floor":16},{"not_picked":["Rebound","Cold Snap"],"picked":"Ball Lightning","floor":18},{"not_picked":["ReplayTheSpireMod:Reroute Power","Crystallizer","Echo Form"],"picked":"SKIP","floor":21}],"player_experience":457024,"relics_obtained":[{"floor":9,"key":"infinitespire:Freezer"},{"floor":20,"key":"Bottled Lightning"}],"event_choices":[{"damage_healed":0,"gold_gain":0,"player_choice":"Ignored","damage_taken":0,"max_hp_gain":0,"max_hp_loss":0,"event_name":"Golden Idol","floor":4,"gold_loss":0},{"damage_healed":0,"gold_gain":0,"player_choice":"Ignored","damage_taken":0,"max_hp_gain":0,"max_hp_loss":0,"event_name":"Transmorgrifier","floor":7,"gold_loss":0}],"is_beta":false,"boss_relics":[{"not_picked":["Empty Cage","Nuclear Battery"],"picked":"Tiny House"}],"items_purged_floors":[],"is_endless":false,"potions_floor_spawned":[1,5,8,14,18,21],"killed_by":"Cultist and Chosen","ascension_level":2}}