{"host":"mike","time":1609883991,"event":{"mods":["2.2 Compatiblity","AchievementEnabler","BaseMod","Dio Mod","Hermit","Highlight Path","Jorbs\u0027s Wanderer Trilogy","Minty Spire (QoL Compilation)","Random Character Button","Rare Cards Sparkle","Relic Stats","StSLib","The Bladedancer","The Cursed","The Marked"],"gold_per_floor":[110,60,70,82,82,82,112,128,128,162,162,198,198,237,237,351,351,373,373,82,103,129,156,181,222,249,249,93,136,158,170,170,282,282,282],"floor_reached":34,"playtime":1968,"items_purged":["theMarked:Strike"],"score":484,"play_id":"c29e4179-77e5-4a66-8362-efe2db12b8b9","local_time":"20210105165951","is_ascension_mode":true,"campfire_choices":[{"data":"theMarked:SummonStrength","floor":6.0,"key":"SMITH"},{"floor":13.0,"key":"REST"},{"floor":15.0,"key":"REST"},{"floor":27.0,"key":"REST"},{"floor":32.0,"key":"REST"}],"circlet_count":0,"master_deck":["theMarked:Strike","theMarked:Strike","theMarked:Strike","theMarked:Defend","theMarked:Defend","theMarked:Defend","theMarked:Defend","theMarked:SoldierOfQuellstein","theMarked:SummonStrength+1","theMarked:ElectricStrings","theMarked:HeightenedSenses","theMarked:SwordAndMagic","theMarked:MuscleMemory","theMarked:WastefulDefense","theMarked:GodGivenPower","theMarked:ReduceFriction","theMarked:ChainLightning+1","theMarked:ThrowWeapon+1","theMarked:StartUp+1","theMarked:TakeCover","theMarked:Aftermath","theMarked:ContemptForTheProud+1","theMarked:Levitate","theMarked:EternalStudent","theMarked:Standoff","theMarked:TunnelVision+1","theMarked:FavorableWinds"],"relics":["theMarked:ArtifactOfAir","theMarked:Gun","Molten Egg 2","Bottled Flame","CeramicFish","Oddly Smooth Stone","theMarked:SpiritSword","Enchiridion","Toolbox","Incense Burner","Tiny Chest","Strawberry","Lee\u0027s Waffle","Letter Opener"],"acts_visited":["Exordium","TheCity"],"potions_floor_usage":[],"damage_taken":[{"damage":7.0,"enemies":"Jaw Worm","floor":1.0,"turns":5.0},{"damage":0.0,"enemies":"2 Louse","floor":3.0,"turns":2.0},{"damage":0.0,"enemies":"Small Slimes","floor":4.0,"turns":3.0},{"damage":22.0,"enemies":"3 Sentries","floor":7.0,"turns":8.0},{"damage":3.0,"enemies":"Exordium Wildlife","floor":8.0,"turns":4.0},{"damage":12.0,"enemies":"Lagavulin","floor":10.0,"turns":5.0},{"damage":10.0,"enemies":"3 Sentries","floor":12.0,"turns":6.0},{"damage":20.0,"enemies":"Gremlin Nob","floor":14.0,"turns":4.0},{"damage":6.0,"enemies":"Slime Boss","floor":16.0,"turns":7.0},{"damage":16.0,"enemies":"Shell Parasite","floor":18.0,"turns":7.0},{"damage":0.0,"enemies":"Chosen","floor":21.0,"turns":5.0},{"damage":0.0,"enemies":"Snake Plant","floor":22.0,"turns":2.0},{"damage":11.0,"enemies":"Book of Stabbing","floor":23.0,"turns":5.0},{"damage":0.0,"enemies":"Snecko","floor":24.0,"turns":3.0},{"damage":18.0,"enemies":"Gremlin Leader","floor":25.0,"turns":7.0},{"damage":18.0,"enemies":"Book of Stabbing","floor":29.0,"turns":6.0},{"damage":19.0,"enemies":"Shelled Parasite and Fungi","floor":30.0,"turns":5.0},{"damage":24.0,"enemies":"Snake Plant","floor":31.0,"turns":4.0},{"damage":22.0,"enemies":"Champ","floor":33.0,"turns":6.0}],"seed_played":"-133344620597542773","potions_obtained":[{"floor":1.0,"key":"DistilledChaos"},{"floor":7.0,"key":"Explosive Potion"},{"floor":8.0,"key":"DistilledChaos"},{"floor":12.0,"key":"Strength Potion"},{"floor":22.0,"key":"EssenceOfSteel"},{"floor":25.0,"key":"Dexterity Potion"},{"floor":29.0,"key":"Fire Potion"},{"floor":33.0,"key":"DuplicationPotion"}],"is_trial":false,"path_per_floor":["M","?","M","M","?","R","E","M","T","E","?","E","R","E","R","B",null,"M","?","$","M","M","E","M","E","T","R","$","E","M","M","R","B",null],"character_chosen":"THE_DEFAULT","items_purchased":["Toolbox","theMarked:TakeCover","Lee\u0027s Waffle"],"campfire_rested":4,"item_purchase_floors":[20,20,28],"current_hp_per_floor":[63,63,63,63,56,56,34,31,31,19,19,9,30,10,31,25,70,54,38,38,38,38,27,27,9,16,39,84,66,47,23,48,26,26,26],"gold":282,"neow_bonus":"THREE_RARE_CARDS","is_daily":false,"chose_seed":false,"campfire_upgraded":1,"win_rate":0.0,"timestamp":1609883991,"path_taken":["M","?","M","M","?","R","E","M","T","E","?","E","R","E","R","BOSS","M","?","$","M","M","E","M","E","T","R","$","E","M","M","R","BOSS"],"items_purchased_type":["Relic","Card","Relic"],"build_version":"2020-12-18","purchased_purges":1,"victory":false,"max_hp_per_floor":[70,70,70,70,70,70,70,70,70,70,70,70,70,70,70,70,70,70,70,70,70,70,70,70,70,77,77,84,84,84,84,84,84,84,84],"relic_stats":{"Lee\u0027s Waffle":45,"counters":[19,94],"CeramicFish":108,"Tiny Chest":0,"Letter Opener":[10],"obtain_stats":[{"Lee\u0027s Waffle":28,"theMarked:Gun":7,"CeramicFish":12,"Oddly Smooth Stone":14,"Enchiridion":19,"theMarked:SpiritSword":17,"Incense Burner":23,"Letter Opener":29,"theMarked:ArtifactOfAir":0,"Bottled Flame":10,"Strawberry":26,"Toolbox":20,"Molten Egg 2":9,"Tiny Chest":25},{"Lee\u0027s Waffle":15,"theMarked:Gun":4,"CeramicFish":7,"Oddly Smooth Stone":8,"Enchiridion":10,"theMarked:SpiritSword":9,"Incense Burner":13,"Letter Opener":16,"theMarked:ArtifactOfAir":0,"Bottled Flame":6,"Strawberry":15,"Toolbox":10,"Molten Egg 2":5,"Tiny Chest":15},{"Lee\u0027s Waffle":73,"theMarked:Gun":18,"CeramicFish":33,"Oddly Smooth Stone":37,"Enchiridion":51,"theMarked:SpiritSword":44,"Incense Burner":63,"Letter Opener":79,"theMarked:ArtifactOfAir":0,"Bottled Flame":27,"Strawberry":73,"Toolbox":51,"Molten Egg 2":22,"Tiny Chest":73}]},"card_choices":[{"not_picked":["theMarked:Abjuration","theMarked:Levitate"],"picked":"theMarked:SummonStrength","floor":0.0},{"not_picked":["theMarked:Panic","theMarked:Frustration"],"picked":"theMarked:ElectricStrings","floor":1.0},{"not_picked":["theMarked:Parry","theMarked:Generate"],"picked":"theMarked:HeightenedSenses","floor":3.0},{"not_picked":["theMarked:HeightenedSenses","theMarked:Static"],"picked":"theMarked:SwordAndMagic","floor":4.0},{"not_picked":["theMarked:ResourceFulStrike","theMarked:SwordAndMagic"],"picked":"theMarked:MuscleMemory","floor":7.0},{"not_picked":["theMarked:MysticalArsenal","theMarked:Static"],"picked":"theMarked:WastefulDefense","floor":8.0},{"not_picked":["theMarked:ParalyzingBlade","theMarked:WastefulDefense"],"picked":"theMarked:GodGivenPower","floor":10.0},{"not_picked":["theMarked:Parkour+1","theMarked:ContemptForTheProud+1"],"picked":"theMarked:ReduceFriction","floor":12.0},{"not_picked":["theMarked:EmpowerWeapon","theMarked:RepellingDischarge"],"picked":"theMarked:ChainLightning+1","floor":14.0},{"not_picked":["theMarked:Abjuration+1","theMarked:Snap+1"],"picked":"theMarked:ThrowWeapon+1","floor":16.0},{"not_picked":["theMarked:RepellingDischarge","theMarked:KeepCalmAndFightOn+1"],"picked":"theMarked:StartUp+1","floor":18.0},{"not_picked":["theMarked:RepellingDischarge+1","theMarked:Improvise"],"picked":"theMarked:Aftermath","floor":21.0},{"not_picked":["theMarked:Improvise","theMarked:ElectricStrings+1"],"picked":"theMarked:ContemptForTheProud+1","floor":22.0},{"not_picked":["theMarked:WastefulAttack+1","theMarked:BanishingStrike+1","theMarked:WastefulDefense"],"picked":"SKIP","floor":23.0},{"not_picked":["theMarked:ResourceFulStrike+1","theMarked:Seal"],"picked":"theMarked:Levitate","floor":24.0},{"not_picked":["theMarked:HeightenedSenses","theMarked:ElectricStrings+1"],"picked":"theMarked:EternalStudent","floor":25.0},{"not_picked":["theMarked:Frustration+1","theMarked:Aftermath"],"picked":"theMarked:Standoff","floor":29.0},{"not_picked":["theMarked:MysticalArsenal","theMarked:Static"],"picked":"theMarked:TunnelVision+1","floor":30.0},{"not_picked":["theMarked:WastefulAttack+1","theMarked:WastefulDefense","theMarked:ShockingTouch+1"],"picked":"SKIP","floor":31.0},{"not_picked":["theMarked:EternalStudent","theMarked:Levitate"],"picked":"theMarked:FavorableWinds","floor":33.0}],"player_experience":308316,"relics_obtained":[{"floor":7.0,"key":"theMarked:Gun"},{"floor":9.0,"key":"Molten Egg 2"},{"floor":10.0,"key":"Bottled Flame"},{"floor":12.0,"key":"CeramicFish"},{"floor":14.0,"key":"Oddly Smooth Stone"},{"floor":19.0,"key":"Enchiridion"},{"floor":23.0,"key":"Incense Burner"},{"floor":25.0,"key":"Tiny Chest"},{"floor":26.0,"key":"Strawberry"},{"floor":29.0,"key":"Letter Opener"}],"event_choices":[{"cards_removed":["Pain"],"damage_healed":0.0,"max_hp_gain":0.0,"max_hp_loss":0.0,"gold_gain":0.0,"event_name":"The Cleric","player_choice":"Card Removal","floor":2.0,"gold_loss":50.0,"damage_taken":0.0},{"cards_removed":["theMarked:Strike"],"damage_healed":0.0,"max_hp_gain":0.0,"max_hp_loss":0.0,"gold_gain":0.0,"event_name":"Golden Wing","player_choice":"Card Removal","floor":5.0,"gold_loss":0.0,"damage_taken":7.0},{"damage_healed":0.0,"max_hp_gain":0.0,"max_hp_loss":0.0,"gold_gain":0.0,"event_name":"Liars Game","player_choice":"Ignored","floor":11.0,"gold_loss":0.0,"damage_taken":0.0},{"damage_healed":0.0,"max_hp_gain":0.0,"max_hp_loss":0.0,"gold_gain":0.0,"event_name":"Cursed Tome","player_choice":"Obtained Book","floor":19.0,"gold_loss":0.0,"damage_taken":16.0}],"is_beta":true,"boss_relics":[{"not_picked":["Astrolabe","Tiny House"],"picked":"theMarked:SpiritSword"}],"items_purged_floors":[20],"is_endless":false,"potions_floor_spawned":[1,7,8,12,22,25,29,31,33],"ascension_level":2}}