{"host":"gkp57zoegrd3f2ij","time":1609840659,"event":{"mods":["BaseMod","Colored Map","Colored Powertips","Minty Spire (QoL Compilation)","StSLib"],"gold_per_floor":[119,119,119,129,147,174,174,174,224,224,42,42,42,42,42,171,171,189,189,189,208,52,52,52,396,396,396,419,459,459,475,475,600,600,616,126,140,140,154,154,213,213,213,213,233,57,71,71,71],"floor_reached":48,"playtime":3383,"items_purged":["Defend_G+1","Normality"],"score":588,"play_id":"a4697a4b-ceea-45f6-a9df-2b4dec9b0e3e","local_time":"20210105105739","is_ascension_mode":true,"campfire_choices":[{"floor":7.0,"key":"REST"},{"floor":10.0,"key":"REST"},{"data":"Flying Knee","floor":12.0,"key":"SMITH"},{"data":"Caltrops","floor":15.0,"key":"SMITH"},{"data":"Caltrops","floor":23.0,"key":"SMITH"},{"floor":27.0,"key":"REST"},{"data":"Dash","floor":32.0,"key":"SMITH"},{"floor":40,"key":"REST"}],"circlet_count":0,"master_deck":["Defend_G+1","Defend_G+1","Defend_G+1","Defend_G+1","Survivor+1","Neutralize","Cloak And Dagger","Purity","Acrobatics","Flying Knee+1","Caltrops+1","PiercingWail","Injury","Caltrops+1","Dash+1","Sucker Punch+1","All Out Attack","Bite","Bite","Bite","Bite","Bite","Predator+1","Bullet Time","Terror+1","Bandage Up","Footwork","Caltrops","Distraction+1","Dagger Spray+1","Decay"],"relics":["Ring of the Snake","Boot","Golden Idol","Bronze Scales","Regal Pillow","Juzu Bracelet","Cursed Key","Orichalcum","Old Coin","Bottled Lightning","Vajra","SlaversCollar","Tough Bandages","Torii","Pear"],"acts_visited":["Exordium","TheCity","TheBeyond"],"potions_floor_usage":[39,41,41,44,48],"damage_taken":[{"damage":11.0,"enemies":"Jaw Worm","floor":1.0,"turns":8.0},{"damage":0.0,"enemies":"2 Louse","floor":4.0,"turns":3.0},{"damage":0.0,"enemies":"Cultist","floor":5.0,"turns":5.0},{"damage":41.0,"enemies":"3 Sentries","floor":6.0,"turns":14.0},{"damage":38.0,"enemies":"Hexaghost","floor":16.0,"turns":9.0},{"damage":19.0,"enemies":"Chosen","floor":18.0,"turns":6.0},{"damage":15.0,"enemies":"2 Thieves","floor":21.0,"turns":4.0},{"damage":25.0,"enemies":"Slavers","floor":25.0,"turns":5.0},{"damage":7.0,"enemies":"Snecko","floor":28.0,"turns":5.0},{"damage":16.0,"enemies":"Book of Stabbing","floor":29.0,"turns":5.0},{"damage":22.0,"enemies":"Centurion and Healer","floor":31.0,"turns":8.0},{"damage":67.0,"enemies":"Champ","floor":33.0,"turns":16.0},{"damage":30.0,"enemies":"3 Darklings","floor":35.0,"turns":5.0},{"damage":29.0,"enemies":"3 Shapes","floor":37.0,"turns":4.0},{"damage":58,"enemies":"Spire Growth","floor":39,"turns":6},{"damage":37,"enemies":"2 Orb Walkers","floor":41,"turns":5},{"damage":1,"enemies":"Writhing Mass","floor":44,"turns":2},{"damage":17,"enemies":"4 Shapes","floor":45,"turns":4},{"damage":32,"enemies":"Sphere and 2 Shapes","floor":47,"turns":4},{"damage":19,"enemies":"3 Darklings","floor":48,"turns":2}],"seed_played":"-7013752351392124006","potions_obtained":[{"floor":1.0,"key":"FairyPotion"},{"floor":6.0,"key":"Fruit Juice"},{"floor":18.0,"key":"GhostInAJar"},{"floor":28.0,"key":"CunningPotion"},{"floor":33.0,"key":"ColorlessPotion"},{"floor":39,"key":"EntropicBrew"},{"floor":45,"key":"AttackPotion"},{"floor":47,"key":"Block Potion"}],"is_trial":false,"path_per_floor":["M","?","?","M","M","E","R","?","T","R","$","R","?","T","R","B",null,"M","?","?","M","$","R","T","E","T","R","M","E","?","M","R","B",null,"M","$","M","?","M","R","?","T","T","M","M","$","M","M"],"character_chosen":"THE_SILENT","items_purchased":["Caltrops","Regal Pillow","Orichalcum","Tough Bandages","Bandage Up","Footwork","LiquidBronze"],"campfire_rested":4,"item_purchase_floors":[11,11,22,36,36,36,46],"current_hp_per_floor":[66,66,66,66,66,30,54,54,54,78,78,78,83,83,83,45,87,68,68,68,53,53,53,53,28,28,69,62,46,46,42,42,5,60,40,40,19,52,19,49,23,23,33,38,27,27,3,0,0],"gold":71,"neow_bonus":"TEN_PERCENT_HP_BONUS","is_daily":false,"chose_seed":false,"campfire_upgraded":4,"win_rate":0.0,"timestamp":1609840659,"path_taken":["M","?","?","M","?","E","R","?","T","R","?","R","?","?","R","BOSS","M","?","?","M","?","R","?","E","T","R","M","E","?","M","R","BOSS","M","$","M","?","M","R","?","?","T","M","M","$","M","M"],"items_purchased_type":["Card","Relic","Relic","Relic","Card","Card","Potion"],"build_version":"2020-12-22","purchased_purges":2,"victory":false,"max_hp_per_floor":[77,77,77,77,77,82,82,82,82,82,82,82,87,87,87,87,87,87,87,87,87,87,87,87,87,87,87,87,87,60,60,60,60,60,60,60,60,52,52,52,52,52,62,62,62,62,62,62,62],"card_choices":[{"not_picked":["Crippling Poison","Dodge and Roll"],"picked":"Cloak And Dagger","floor":1.0},{"not_picked":["Acrobatics","Underhanded Strike"],"picked":"Flying Knee","floor":4.0},{"not_picked":["Underhanded Strike","Acrobatics"],"picked":"Caltrops","floor":5.0},{"not_picked":["Cloak And Dagger","Dagger Throw"],"picked":"PiercingWail","floor":6.0},{"not_picked":["Prepared","Catalyst"],"picked":"Dash","floor":18.0},{"not_picked":["Backflip+1","Setup"],"picked":"Sucker Punch+1","floor":21.0},{"not_picked":["Flying Knee","Choke","PiercingWail"],"picked":"SKIP","floor":25.0},{"not_picked":["Sucker Punch","Blade Dance","Distraction"],"picked":"SKIP","floor":28.0},{"not_picked":["Cloak And Dagger","After Image"],"picked":"All Out Attack","floor":29.0},{"not_picked":["Well Laid Plans+1","Dagger Spray"],"picked":"Predator+1","floor":31.0},{"not_picked":["A Thousand Cuts","Wraith Form v2"],"picked":"Bullet Time","floor":33.0},{"not_picked":["Bane","Riddle With Holes+1"],"picked":"Terror+1","floor":35.0},{"not_picked":["Skewer+1","Crippling Poison"],"picked":"Caltrops","floor":37.0},{"not_picked":["Blade Dance","Escape Plan"],"picked":"Distraction+1","floor":39},{"not_picked":["Escape Plan+1","Eviscerate+1"],"picked":"Dagger Spray+1","floor":41},{"not_picked":["Backflip","Flying Knee+1","Quick Slash+1"],"picked":"SKIP","floor":45},{"not_picked":["Endless Agony+1","Sucker Punch","Deflect+1"],"picked":"SKIP","floor":47}],"player_experience":263406,"relics_obtained":[{"floor":6.0,"key":"Boot"},{"floor":9.0,"key":"Bronze Scales"},{"floor":14.0,"key":"Juzu Bracelet"},{"floor":25.0,"key":"Old Coin"},{"floor":26.0,"key":"Bottled Lightning"},{"floor":29.0,"key":"Vajra"},{"floor":41,"key":"Torii"},{"floor":43,"key":"Pear"}],"event_choices":[{"damage_healed":0.0,"max_hp_gain":0.0,"max_hp_loss":0.0,"gold_gain":0.0,"event_name":"Living Wall","player_choice":"Grow","floor":2.0,"gold_loss":0.0,"damage_taken":0.0,"cards_upgraded":["Survivor"]},{"damage_healed":0.0,"max_hp_gain":0.0,"max_hp_loss":0.0,"gold_gain":0.0,"event_name":"Match and Keep!","player_choice":"2 cards matched","floor":3.0,"gold_loss":0.0,"damage_taken":0.0,"cards_obtained":["Purity","Acrobatics"]},{"damage_healed":0.0,"max_hp_gain":0.0,"max_hp_loss":0.0,"gold_gain":0.0,"event_name":"Golden Idol","player_choice":"Take Wound","floor":8.0,"gold_loss":0.0,"damage_taken":0.0,"relics_obtained":["Golden Idol"],"cards_obtained":["Injury"]},{"damage_healed":0.0,"max_hp_gain":5.0,"max_hp_loss":0.0,"gold_gain":0.0,"event_name":"Big Fish","player_choice":"Donut","floor":13.0,"gold_loss":0.0,"damage_taken":0.0},{"damage_healed":0.0,"max_hp_gain":0.0,"max_hp_loss":0.0,"gold_gain":0.0,"event_name":"Back to Basics","player_choice":"Simplicity","floor":19.0,"gold_loss":0.0,"damage_taken":0.0,"cards_upgraded":["Strike_G","Strike_G","Strike_G","Strike_G","Strike_G","Defend_G","Defend_G","Defend_G","Defend_G","Defend_G"]},{"damage_healed":0.0,"max_hp_gain":0.0,"max_hp_loss":0.0,"gold_gain":0.0,"event_name":"Ghosts","player_choice":"Ignored","floor":20.0,"gold_loss":0.0,"damage_taken":0.0},{"damage_healed":0.0,"max_hp_gain":0.0,"max_hp_loss":27.0,"gold_gain":0.0,"event_name":"Vampires","player_choice":"Became a vampire","floor":30.0,"gold_loss":0.0,"damage_taken":0.0,"cards_obtained":["Bite","Bite","Bite","Bite","Bite"]},{"damage_healed":52.0,"max_hp_gain":0.0,"max_hp_loss":8.0,"gold_gain":0.0,"event_name":"The Moai Head","player_choice":"Heal","floor":38.0,"gold_loss":0.0,"damage_taken":0.0},{"damage_healed":0,"gold_gain":0,"player_choice":"Fight","damage_taken":0,"max_hp_gain":0,"max_hp_loss":0,"event_name":"Mysterious Sphere","floor":41,"gold_loss":0}],"is_beta":false,"boss_relics":[{"not_picked":["Black Star","Runic Pyramid"],"picked":"Cursed Key"},{"not_picked":["Velvet Choker","WristBlade"],"picked":"SlaversCollar"}],"items_purged_floors":[36,46],"is_endless":false,"potions_floor_spawned":[1,6,18,28,33,35,39,45,47],"killed_by":"3 Darklings","ascension_level":2}}