{"host":"5x08nt64u3vxxcfi","time":1609845738,"event":{"mods":["BaseMod","Minty Spire (QoL Compilation)","StSLib","SuperFastMode"],"gold_per_floor":[113,113,188,188,205,205,205,49,49,59,70,70,70,98,98,98,98],"floor_reached":16,"playtime":217,"items_purged":[],"score":113,"play_id":"95f69889-fda9-40f2-81fd-0f1672183489","local_time":"20210105202218","is_ascension_mode":true,"campfire_choices":[{"data":"Beam Cell","floor":6,"key":"SMITH"},{"data":"Fission","floor":15,"key":"SMITH"}],"circlet_count":0,"master_deck":["Strike_B","Strike_B+1","Strike_B","Strike_B","Defend_B","Defend_B","Defend_B","Defend_B","Zap","Dualcast+1","Beam Cell+1","Fission+1","All For One","Turbo","Steam","Hologram"],"relics":["Cracked Core","NeowsBlessing","Happy Flower","Darkstone Periapt","Blue Candle","Pen Nib"],"acts_visited":["Exordium"],"potions_floor_usage":[7,14,16,16],"damage_taken":[{"damage":0.0,"enemies":"Cultist","floor":1.0,"turns":1.0},{"damage":0,"enemies":"Small Slimes","floor":5,"turns":1},{"damage":0,"enemies":"Jaw Worm","floor":10,"turns":1},{"damage":8,"enemies":"3 Louse","floor":11,"turns":3},{"damage":25,"enemies":"3 Sentries","floor":14,"turns":6},{"damage":29,"enemies":"Slime Boss","floor":16,"turns":7}],"seed_played":"-8052506463770926553","potions_obtained":[{"floor":5,"key":"Dexterity Potion"},{"floor":7,"key":"Strength Potion"},{"floor":7,"key":"Fruit Juice"},{"floor":7,"key":"Strength Potion"},{"floor":10,"key":"BlessingOfTheForge"}],"is_trial":false,"path_per_floor":["M","$","?","T","M","R","?","$","T","M","M","T","?","E","R","B"],"character_chosen":"DEFECT","items_purchased":["All For One"],"campfire_rested":0,"item_purchase_floors":[8],"current_hp_per_floor":[75,75,64,64,64,64,69,69,69,69,61,61,45,20,20,0,0],"gold":98,"neow_bonus":"THREE_ENEMY_KILL","is_daily":false,"chose_seed":false,"campfire_upgraded":2,"win_rate":0.0,"timestamp":1609845738,"path_taken":["M","?","?","?","M","R","?","$","T","M","?","?","?","E","R","BOSS"],"items_purchased_type":["Card"],"build_version":"2020-12-22","purchased_purges":0,"victory":false,"max_hp_per_floor":[75,75,75,75,75,75,80,80,80,80,80,80,80,80,80,80,80],"card_choices":[{"not_picked":["Hologram","Coolheaded"],"picked":"Beam Cell","floor":1.0},{"not_picked":["Leap","Self Repair"],"picked":"Fission","floor":5},{"not_picked":["Storm","Ball Lightning"],"picked":"Turbo","floor":10},{"not_picked":["Coolheaded","Turbo"],"picked":"Steam","floor":11},{"not_picked":["Steam Power","Consume"],"picked":"Hologram","floor":14}],"player_experience":42683,"relics_obtained":[{"floor":4,"key":"Happy Flower"},{"floor":9,"key":"Darkstone Periapt"},{"floor":12,"key":"Blue Candle"},{"floor":14,"key":"Pen Nib"}],"event_choices":[{"damage_healed":0,"gold_gain":75,"player_choice":"Gather Gold","damage_taken":11,"max_hp_gain":0,"max_hp_loss":0,"event_name":"World of Goop","floor":3,"gold_loss":0},{"damage_healed":0,"gold_gain":0,"player_choice":"Got Potions","damage_taken":0,"max_hp_gain":0,"max_hp_loss":0,"event_name":"Lab","floor":7,"gold_loss":0},{"damage_healed":0,"gold_gain":0,"player_choice":"Entered Light","damage_taken":16,"max_hp_gain":0,"max_hp_loss":0,"event_name":"Shining Light","floor":13,"gold_loss":0,"cards_upgraded":["Strike_B","Dualcast"]}],"is_beta":false,"boss_relics":[],"items_purged_floors":[],"is_endless":false,"potions_floor_spawned":[5,10],"killed_by":"Slime Boss","ascension_level":3}}