{"host":"l84l8xigz5v5foa2","time":1609826745,"event":{"mods":["2.2 Compatiblity","AchievementEnabler","BaseMod","Better Note","Better Vampires","Card Filter","Colored Map","DeckTracker","Downfall","Gremlin Skip","Highlight Path","Keyboard Shortcuts","Minty Spire (QoL Compilation)","Permanent Neow","Quick Restart","Relic Filter","Relic Stats","StSLib","SuperFastMode","Transform Curses","Unknown Chances"],"gold_per_floor":[0,20,32,32,51,51,51,62,6,6,16,16,16,49,64,140,140,140,150,168,65,165,190,217,231,256,256,256,256,256,256],"floor_reached":29,"playtime":2149,"items_purged":[],"score":526,"play_id":"5935a8a6-1036-48bc-b14d-297cfafbef96","local_time":"20210105150545","is_ascension_mode":true,"campfire_choices":[{"data":"Guardian:CurlUp","floor":1,"key":"SMITH"},{"data":"Guardian:FloatingOrbs","floor":6,"key":"SMITH"},{"data":"Guardian:Suspension","floor":10,"key":"SMITH"},{"data":"Guardian:FuturePlans","floor":12,"key":"SMITH"},{"data":"Guardian:CompilePackage","floor":18,"key":"SMITH"},{"data":"Guardian:Orbwalk","floor":27,"key":"SMITH"}],"circlet_count":0,"master_deck":["AscendersBane","Guardian:Strike_Guardian","Guardian:Strike_Guardian","Guardian:Strike_Guardian","Guardian:Defend_Guardian","Guardian:Defend_Guardian","Guardian:Defend_Guardian","Guardian:CurlUp+1","Guardian:TwinSlam","Guardian:PrimingBeam","Guardian:ExploitGems","Guardian:FloatingOrbs+1","Guardian:PrismaticBarrier","Guardian:Suspension+1","Guardian:FuturePlans+1","Guardian:MultiBeam+1","Guardian:GemFinder","Guardian:PiercingHide","Guardian:CompilePackage+1","Guardian:WalkerClaw+1","Guardian:TemporalStrike+1","Guardian:PrismaticBeam+1","Guardian:Orbwalk+1","Guardian:CrystalBeam+1","Guardian:CompilePackage+1"],"relics":["Guardian:ModeShifter","Molten Egg 2","Boot","Coffee Dripper","Toy Ornithopter","hexamod:BolsterEngine","Nunchaku"],"acts_visited":["Exordium","TheCity"],"potions_floor_usage":[11,15,17,19,23,26,29],"damage_taken":[{"damage":0,"enemies":"2 Louse","floor":2,"turns":2},{"damage":4,"enemies":"Cultist","floor":3,"turns":5},{"damage":2,"enemies":"Jaw Worm","floor":5,"turns":5},{"damage":0,"enemies":"2 Fungi Beasts","floor":8,"turns":4},{"damage":0,"enemies":"downfall:FleeingMerchant","floor":9,"turns":4},{"damage":5,"enemies":"Gremlin Gang","floor":11,"turns":4},{"damage":4,"enemies":"Lagavulin","floor":14,"turns":6},{"damage":2,"enemies":"Lots of Slimes","floor":15,"turns":2},{"damage":25,"enemies":"downfall:Ironclad","floor":16,"turns":10},{"damage":4,"enemies":"Chosen","floor":19,"turns":5},{"damage":10,"enemies":"Shell Parasite","floor":20,"turns":4},{"damage":2,"enemies":"downfall:FleeingMerchant","floor":21,"turns":4},{"damage":1,"enemies":"downfall:LadyInBlue","floor":22,"turns":5},{"damage":14,"enemies":"Book of Stabbing","floor":23,"turns":5},{"damage":15,"enemies":"Shelled Parasite and Fungi","floor":25,"turns":5},{"damage":39,"enemies":"Gremlin Leader","floor":26,"turns":7},{"damage":12,"enemies":"Slavers","floor":29,"turns":1}],"seed_played":"2026537034412125975","potions_obtained":[{"floor":2,"key":"DistilledChaos"},{"floor":5,"key":"Explosive Potion"},{"floor":11,"key":"LiquidMemories"},{"floor":14,"key":"DistilledChaos"},{"floor":16,"key":"Fruit Juice"},{"floor":22,"key":"Fire Potion"},{"floor":22,"key":"champ:CounterPotion"},{"floor":25,"key":"AttackPotion"}],"is_trial":false,"path_per_floor":["R","M","M","?","M","R","T","M","$","R","M","R","?","E","M","B",null,"R","M","M","$","?","E","T","M","E","R","?","E"],"character_chosen":"GUARDIAN","items_purchased":["Guardian:FuturePlans","Guardian:PrismaticBeam+1"],"campfire_rested":0,"item_purchase_floors":[9,21],"current_hp_per_floor":[65,65,61,61,59,59,59,59,59,59,54,54,82,78,76,51,79,79,75,65,63,62,53,53,38,4,4,4,0,0,0],"gold":256,"neow_bonus":"TRANSFORM_TWO_CARDS","is_daily":false,"chose_seed":false,"campfire_upgraded":6,"win_rate":0.0,"timestamp":1609826745,"path_taken":["R","M","M","?","M","R","T","M","?","R","?","R","?","E","M","BOSS","R","M","?","?","?","E","T","?","E","R","?","E"],"items_purchased_type":["Card","Card"],"build_version":"2020-12-22","purchased_purges":0,"victory":false,"max_hp_per_floor":[72,72,72,72,72,72,72,72,72,72,72,72,82,82,82,82,87,87,87,87,87,87,87,87,87,87,87,87,87,87,87],"relic_stats":{"Nunchaku":[2],"counters":[17,78],"Boot":[83],"obtain_stats":[{"Nunchaku":24,"Guardian:ModeShifter":0,"Molten Egg 2":7,"Coffee Dripper":17,"hexamod:BolsterEngine":23,"Boot":14,"Toy Ornithopter":22},{"Nunchaku":14,"Guardian:ModeShifter":0,"Molten Egg 2":3,"Coffee Dripper":9,"hexamod:BolsterEngine":14,"Boot":7,"Toy Ornithopter":13},{"Nunchaku":65,"Guardian:ModeShifter":0,"Molten Egg 2":12,"Coffee Dripper":42,"hexamod:BolsterEngine":65,"Boot":30,"Toy Ornithopter":60}],"Toy Ornithopter":15},"card_choices":[{"not_picked":["Guardian:ArmoredProtocol","Guardian:Gem_Red"],"picked":"Guardian:Gem_Cyan","floor":2},{"not_picked":["Guardian:Planning","Guardian:TimeBomb"],"picked":"Guardian:FloatingOrbs","floor":3},{"not_picked":["Guardian:PrimingBeam","Guardian:Incinerate"],"picked":"Guardian:PrismaticBarrier","floor":5},{"not_picked":["Guardian:ShieldCharger","Guardian:VentSteam"],"picked":"Guardian:Suspension","floor":8},{"not_picked":["Guardian:Planning","Guardian:ChargeUp"],"picked":"Guardian:TimeSifter","floor":9},{"not_picked":["Guardian:VentSteam","Guardian:PrismaticBarrier"],"picked":"Guardian:MultiBeam+1","floor":11},{"not_picked":["Guardian:Recover","Guardian:PiercingHide"],"picked":"Guardian:GemFinder","floor":14},{"not_picked":["Guardian:Gem_Lightblue","Guardian:Gem_Green"],"picked":"Guardian:Gem_Cyan","floor":15},{"not_picked":["Guardian:Gem_Green","Guardian:Gem_Blue"],"picked":"Guardian:PiercingHide","floor":15},{"not_picked":["Guardian:FastForward","Guardian:SphericShield"],"picked":"Guardian:CompilePackage","floor":16},{"not_picked":["Guardian:Suspension","Guardian:GuardianWhirl+1"],"picked":"Guardian:WalkerClaw+1","floor":19},{"not_picked":["Guardian:ShieldCharger","Guardian:TemporalShield"],"picked":"Guardian:TemporalStrike+1","floor":20},{"not_picked":["Guardian:TemporalShield","Guardian:FastForward"],"picked":"Guardian:Gem_White","floor":21},{"not_picked":["Guardian:Recover","Guardian:BronzeArmor"],"picked":"Guardian:Gem_Cyan","floor":22},{"not_picked":["Guardian:RollAttack+1","Guardian:TimeCapacitor"],"picked":"Guardian:Orbwalk","floor":23},{"not_picked":["Guardian:Gem_Red","Guardian:Gem_Green"],"picked":"Guardian:Gem_Cyan","floor":23},{"not_picked":["Guardian:Recover","Guardian:Suspension"],"picked":"Guardian:CrystalBeam+1","floor":25},{"not_picked":["Guardian:Gem_Red","Guardian:Gem_Green"],"picked":"Guardian:Gem_Cyan","floor":25},{"not_picked":["Guardian:Gem_Green","Guardian:Gem_Lightblue"],"picked":"Guardian:Gem_Cyan","floor":26},{"not_picked":["Guardian:CrystalBeam+1","Guardian:GuardianWhirl+1","Guardian:ChargeCore+1"],"picked":"SKIP","floor":26}],"player_experience":2863881,"relics_obtained":[{"floor":7,"key":"Molten Egg 2"},{"floor":14,"key":"Boot"},{"floor":22,"key":"Toy Ornithopter"},{"floor":23,"key":"hexamod:BolsterEngine"},{"floor":24,"key":"Nunchaku"}],"event_choices":[{"cards_removed":["Guardian:TimeSifter"],"damage_healed":18,"gold_gain":0,"player_choice":"Offered Rare","damage_taken":0,"max_hp_gain":10,"max_hp_loss":0,"event_name":"Bonfire Elementals","floor":13,"gold_loss":0},{"damage_healed":0,"gold_gain":0,"player_choice":"Copied","damage_taken":0,"max_hp_gain":0,"max_hp_loss":0,"event_name":"Duplicator","floor":28,"gold_loss":0,"cards_obtained":["Guardian:CompilePackage"]}],"is_beta":false,"boss_relics":[{"not_picked":["sneckomod:SneckoTalon","Fusion Hammer"],"picked":"Coffee Dripper"}],"items_purged_floors":[],"is_endless":false,"potions_floor_spawned":[2,5,11,14,16,25],"killed_by":"Slavers","ascension_level":20}}