{"host":"4lxzgdqpvzyot39g","time":1609876331,"event":{"mods":["100% Spire Juice","Abigail Mod","Act Like it!","Aspiration","BaseMod","Beaked The Cultist","Better Altar","Better Match","Better Note","Better Sensory Stone","Better Skull","Better Third Choice","CCEM","Colored Map","Colored Powertips","Conspire","Displayed Cursed Tome","Dota2Spire","Energized Spire","Friendly Minions","Gensokyo","GifTheSpireLib","Halation","Hallownest","Hermit","Highlight Path","Hubris","Infinite Spire","Jedi Mod","JesterMod","Lobotomy","LobotomyExtend","Mari Mod (Legacy)","Mari\u0027s V1 Patch","MarisaÅiñ∂âJÅ@ñÇóùçπÅj","Minty Spire (QoL Compilation)","Poem Panic","Prisma Mod","Quarter Circle Forward PUNCH!","Relic Filter","Replay The Spire","Robot Space Explorer","SCP261 Mod","Small Relic Pack","Spicy Shops","Spikes Relics","StSLib","Stuff the Spire","The Alterego","The Animator","The Blue Laboratory","The Bug Knight","The Cursed","The Fake Hero","The Servant 0.9.4","The Wild Card","Trackpad","Waifu the Spire","WarShipGirlsR/??è≠èóR mod","vexMod","Åy?ï®?îvÅzREMEMod"],"gold_per_floor":[211,62,81,97,115,115,149,160,242,267,267,279,279,311,311,411,411,423,423,437,362,372,400,400,429,429,449,374,374,392,13,13,110,110,124,124,138,155,165,200,200,200,200,228,228,228,245,261,261,261,261,261,261,41,67,67],"floor_reached":57,"playtime":8844,"items_purged":["PrismaMod:MiyuCheapStrBuff"],"score":1315,"play_id":"4177a60f-bd75-4955-995f-b7be1d92ff58","local_time":"20210105145211","is_ascension_mode":true,"campfire_choices":[{"data":"StuffTheSpire:CuriosityCurse","floor":41,"key":"SMITH"},{"floor":49,"key":"RECALL"}],"circlet_count":0,"master_deck":["SpecialBullet","SpecialBullet","SpecialBullet","SpecialBullet","SpecialBullet","SpecialBullet","SpecialBullet","SpecialBullet","InformationCode","CentralCode","TrainingCode","Master of Strategy","Mercenary","Wingbeat","ShyLook","Spore","Scorched","Wellcheers","BearPaw","DespairKnight","WallGazer","Tough","OSAHOGD","Regret_ego","ShedSkin+1","Noise","CENSORED_ego","Reverberation","FieryBird","GreenStem+1","BigBadWolf","Metamorphosis+1","LaLuna","BloodyDesire","BlueStar","DisciplinaryCode","SoundOfStar","Laetitia_ego+1","SilentOrchestra","Ecstasy+1","Penitence+1","BlackSwan_ego","SecurityCode","Diffraction+1","Penitence+1","QueenOfHatred"],"relics":["CogitoBucket","REME_ComplimentaryCards","LetterFromLob","qcfpunch:Red_Headband","CCEMRelics:JestersCrown","AspirationHeart","infinitespire:BottledMercury","Potion Belt","halation:PrussianBluePaint","energizedSpire:DeadBattery","LuminousBracelet","HollowMod:StagPassRelic","Du-Vu Doll","Darkstone Periapt","AtMidnight","SkinProphecy","trackpad:BiPhaseBiplane","Medical Kit","hubris:DisguiseKit","Dota2Spire:EchoSabre","relicPack:DarknessArmor","halation:PromiseList","Unceasing Top","Frozen Eye","StuffTheSpire:Experiment12"],"acts_visited":["Gensokyo:Gensokyo","Gensokyo:Gensokyoer","TheBeyond","TheEnding"],"potions_floor_usage":[27,33,50,56],"damage_taken":[{"damage":0.0,"enemies":"Gensokyo:Python","floor":1.0,"turns":2.0},{"damage":7.0,"enemies":"Gensokyo:Gryphon","floor":3.0,"turns":3.0},{"damage":0.0,"enemies":"Gensokyo:3_Fairies","floor":4.0,"turns":2.0},{"damage":0.0,"enemies":"Gensokyo:2_Rabbits","floor":5.0,"turns":2.0},{"damage":0.0,"enemies":"Gensokyo:Aya","floor":7.0,"turns":8.0},{"damage":6.0,"enemies":"Gensokyo:VengefulSpirit","floor":8.0,"turns":3.0},{"damage":11.0,"enemies":"Gensokyo:Mamizou","floor":10.0,"turns":6.0},{"damage":2.0,"enemies":"Gensokyo:5_Fairies","floor":12.0,"turns":3.0},{"damage":4.0,"enemies":"Gensokyo:Aya","floor":14.0,"turns":5.0},{"damage":49.0,"enemies":"Gensokyo:Yukari","floor":16.0,"turns":11.0},{"damage":24.0,"enemies":"Gensokyo:AngelMirror","floor":18.0,"turns":7.0},{"damage":0.0,"enemies":"Gensokyo:CosmicMonolith","floor":20.0,"turns":4.0},{"damage":5.0,"enemies":"Gensokyo:Wraith","floor":22.0,"turns":5.0},{"damage":12.0,"enemies":"Gensokyo:Reisen","floor":23.0,"turns":8.0},{"damage":6.0,"enemies":"Nightmare","floor":25.0,"turns":10.0},{"damage":36,"enemies":"Gensokyo:Swordslinger","floor":27,"turns":45},{"damage":29,"enemies":"Gensokyo:Chomper_and_Gloop","floor":30,"turns":6},{"damage":44,"enemies":"Gensokyo:Kaguya","floor":33,"turns":4},{"damage":0,"enemies":"Gensokyo:Kaguya","floor":33,"turns":1},{"damage":2,"enemies":"3 Shapes","floor":35,"turns":2},{"damage":16,"enemies":"Orb Walker","floor":37,"turns":3},{"damage":39,"enemies":"Maw","floor":38,"turns":7},{"damage":3,"enemies":"Spire Growth","floor":39,"turns":3},{"damage":4,"enemies":"Reptomancer","floor":40,"turns":3},{"damage":10,"enemies":"R_Hoarder","floor":44,"turns":2},{"damage":2,"enemies":"Writhing Mass","floor":47,"turns":3},{"damage":0,"enemies":"Jaw Worm Horde","floor":48,"turns":2},{"damage":33,"enemies":"infinitespire:MassOfShapes","floor":50,"turns":21},{"damage":49,"enemies":"Shield and Spear","floor":55,"turns":5},{"damage":30,"enemies":"The Heart","floor":56,"turns":5}],"seed_played":"6553262566064103999","potions_obtained":[{"floor":4.0,"key":"blueLaboratory:FrostheartPotion"},{"floor":5.0,"key":"Dota2Spire:HealingSalve"},{"floor":12.0,"key":"blueLaboratory:BottledHope"},{"floor":22.0,"key":"blueLaboratory:BottledHope"},{"floor":30,"key":"AttackPotion"},{"floor":35,"key":"blueLaboratory:CorrosionFlask"},{"floor":37,"key":"SCP261:BlastolaColaPotion"},{"floor":48,"key":"PowerPotion"}],"is_trial":false,"path_per_floor":["M","$","M","M","M","R","E","M","T","E","R","M","?","E","R_BF","B",null,"M","T","M","?","M","E","R","NM","T","M","?","R","M","COS","R_BF","B",null,"M","?","M","M","M","E","R","E","T","E","?","R","M","M","R","B",null,null,"R","$","E","B",null],"character_chosen":"Angela","items_purchased":["qcfpunch:Red_Headband","Frozen Eye"],"campfire_rested":0,"item_purchase_floors":[2,54],"current_hp_per_floor":[70,70,63,63,63,63,66,70,70,59,59,60,60,59,59,25,80,73,73,76,76,76,80,80,80,80,80,80,80,74,74,74,53,89,83,89,72,40,40,34,34,34,34,22,22,22,25,34,34,51,51,120,120,120,88,128],"gold":67,"neow_bonus":"HUNDRED_GOLD","is_daily":false,"chose_seed":false,"campfire_upgraded":1,"win_rate":0.0,"timestamp":1609876331,"path_taken":["M","$","M","?","M","R","E","M","T","E","R","?","?","E","R_BF","BOSS","M","?","?","?","M","E","R","NM","T","M","?","R","?","COS","R_BF","BOSS","M","?","M","M","M","E","R","E","T","E","?","R","M","M","R","BOSS","R","$","E","BOSS"],"items_purchased_type":["Relic","Relic"],"build_version":"2020-12-22","purchased_purges":1,"victory":true,"max_hp_per_floor":[70,70,70,70,70,70,70,80,80,80,80,80,80,80,80,80,80,95,95,95,95,95,99,99,103,103,80,80,80,83,83,83,89,89,91,97,99,101,107,109,109,109,109,112,112,112,114,116,116,120,120,120,120,120,126,128],"card_choices":[{"not_picked":["Wellcheers","OSAHOGD"],"picked":"Mercenary","floor":1.0},{"not_picked":["Reverberation"],"picked":"Wingbeat","floor":1.0},{"not_picked":["VoidDream","OldLady"],"picked":"ShyLook","floor":3.0},{"not_picked":["Wingbeat"],"picked":"Spore","floor":3.0},{"not_picked":["MeatLantern","VoidDream"],"picked":"Scorched","floor":4.0},{"not_picked":["SomewhereSpear","Regret_ego"],"picked":"SKIP","floor":4.0},{"not_picked":["VoidDream","Scarecrow"],"picked":"Wellcheers","floor":5.0},{"not_picked":["Wingbeat"],"picked":"BearPaw","floor":5.0},{"not_picked":["PunishingBird","MHz"],"picked":"DespairKnight","floor":7.0},{"not_picked":["CrimsonScar","RedEyes"],"picked":"SKIP","floor":7.0},{"not_picked":["CrimsonScar","RedEyes"],"picked":"SKIP","floor":7.0},{"not_picked":["VoidDream","BeautyBeast"],"picked":"WallGazer","floor":8.0},{"not_picked":["Galaxy"],"picked":"Tough","floor":8.0},{"not_picked":["LittleHelper","BlackSwan"],"picked":"OSAHOGD","floor":10.0},{"not_picked":["Regret_ego","Pleasure"],"picked":"SKIP","floor":10.0},{"not_picked":["Pleasure"],"picked":"Regret_ego","floor":10.0},{"not_picked":["GreedKing","Alriune"],"picked":"Yin","floor":12.0},{"not_picked":["RedEyes"],"picked":"ShedSkin","floor":12.0},{"not_picked":["Lantern"],"picked":"Noise","floor":14.0},{"not_picked":["DaCapo"],"picked":"CENSORED_ego","floor":16.0},{"not_picked":["FourthMatchFlame+1"],"picked":"Reverberation","floor":18.0},{"not_picked":["Regret_ego","BloodyDesire"],"picked":"SKIP","floor":20.0},{"not_picked":["Horn","RapturousDream"],"picked":"SKIP","floor":22.0},{"not_picked":["CherryBlossoms","GreedKing"],"picked":"FieryBird","floor":23.0},{"not_picked":["Noise+1","GrinderMk4"],"picked":"SKIP","floor":23.0},{"not_picked":["SomewhereSpear"],"picked":"GreenStem","floor":25.0},{"not_picked":["SingingMachine","Murderer"],"picked":"BigBadWolf","floor":25.0},{"not_picked":["Beak","Galaxy"],"picked":"SKIP","floor":27},{"not_picked":["Poisoned Strike+1"],"picked":"Metamorphosis+1","floor":28},{"not_picked":["UniverseFragment","BlackSwan"],"picked":"LaLuna","floor":30},{"not_picked":["CUTE+1"],"picked":"BloodyDesire","floor":30},{"not_picked":["LittleHelper","Funeral"],"picked":"BlueStar","floor":33},{"not_picked":["Mimicry"],"picked":"SoundOfStar","floor":33},{"not_picked":["Penitence+1"],"picked":"Laetitia_ego+1","floor":35},{"not_picked":["Gaze","Discord+1","PrismaMod:MiyuUncommonDefend"],"picked":"SKIP","floor":37},{"not_picked":["Logging+1","Diffraction"],"picked":"PrismaMod:MiyuCheapStrBuff","floor":38},{"not_picked":["LittleHelper","DreamingCurrent"],"picked":"SilentOrchestra","floor":39},{"not_picked":["TodaysExpression+1","PrismaMod:MiyuCheapChannelWeak"],"picked":"Ecstasy+1","floor":39},{"not_picked":["Galaxy+1","PrismaMod:MiyuChristmas"],"picked":"Penitence+1","floor":40},{"not_picked":["Noise","PrismaMod:MiyuUncommonDexBuff"],"picked":"BlackSwan_ego","floor":44},{"not_picked":["Galaxy","PrismaMod:MiyuCheapAttack1"],"picked":"Diffraction+1","floor":47},{"not_picked":["CUTE","PrismaMod:MiyuCheapAttack2"],"picked":"Penitence+1","floor":48},{"not_picked":["BodiesMountain","NakedNest"],"picked":"QueenOfHatred","floor":55},{"not_picked":["Soda+1","Loneliness+1","PrismaMod:MiyuAttackChannelWeak"],"picked":"SKIP","floor":55}],"player_experience":1115938,"relics_obtained":[{"floor":1.0,"key":"LetterFromLob"},{"floor":7.0,"key":"CCEMRelics:JestersCrown"},{"floor":9.0,"key":"infinitespire:BottledMercury"},{"floor":10.0,"key":"Potion Belt"},{"floor":14.0,"key":"halation:PrussianBluePaint"},{"floor":19.0,"key":"HollowMod:StagPassRelic"},{"floor":23.0,"key":"Du-Vu Doll"},{"floor":25.0,"key":"Darkstone Periapt"},{"floor":27,"key":"AtMidnight"},{"floor":40,"key":"Dota2Spire:EchoSabre"},{"floor":43,"key":"relicPack:DarknessArmor"},{"floor":44,"key":"halation:PromiseList"},{"floor":55,"key":"StuffTheSpire:Experiment12"}],"event_choices":[{"damage_healed":0.0,"max_hp_gain":0.0,"max_hp_loss":0.0,"gold_gain":0.0,"event_name":"betterMatch:BetterMatch","player_choice":"2","floor":21.0,"gold_loss":0.0,"damage_taken":0.0,"cards_obtained":["betterMatch:ColorlessRareCard"]},{"damage_healed":0,"gold_gain":0,"player_choice":"2","damage_taken":0,"max_hp_gain":0,"max_hp_loss":0,"event_name":"betterMatch:BetterMatch","floor":28,"gold_loss":0,"cards_obtained":["betterMatch:ColorlessRareCard"]},{"damage_healed":0,"gold_gain":0,"player_choice":"Upgraded","damage_taken":0,"max_hp_gain":0,"max_hp_loss":0,"event_name":"Upgrade Shrine","floor":45,"gold_loss":0,"cards_upgraded":["ShedSkin"]}],"is_beta":false,"boss_relics":[{"not_picked":["Kintsugi","ReplayTheSpireMod:SealedPack"],"picked":"energizedSpire:DeadBattery"},{"not_picked":["qcfpunch:Crimson_Sash","halation:Yufonium","trackpad:Coffee"]}],"items_purged_floors":[54],"is_endless":false,"potions_floor_spawned":[4,5,12,22,30,35,37,48],"ascension_level":1}}