{"host":"rolltorest","time":1609830337,"event":{"mods":["BaseMod","Minty Spire (QoL Compilation)","Relic Stats","Slay the Relics Exporter","StSLib","The Servant 0.9.4"],"gold_per_floor":[112,112,112,131,31,31,65,101,125,140,140,217,257,275,275,371,371,395,395,395,395,418,418,418],"floor_reached":23,"playtime":665,"items_purged":["Strike_S"],"score":398,"play_id":"285e7083-e4fd-4327-83d3-6dce83221151","local_time":"20210104230537","is_ascension_mode":true,"campfire_choices":[{"data":"ShatteredReality","floor":6,"key":"SMITH"},{"data":"Barrier","floor":11,"key":"SMITH"},{"data":"Deny","floor":15,"key":"SMITH"}],"circlet_count":0,"master_deck":["AscendersBane","Strike_S","Strike_S","Defend_S","Defend_S","Defend_S","Defend_S","KidneyShot","Exchange","Ricochet","Starlight","ShatteredReality+1","Starlight","Spin","Barrier+1","Deny+1","ShatteredReality","Sunlight","Manipulate+1","Ghostly","Ghostly","Ghostly","Defy","BottledTime"],"relics":["Uniform","NeowsBlessing","Golden Idol","Odd Mushroom","Toy Ornithopter","Bag of Marbles","Sundial","Smiling Mask","MysterySword"],"acts_visited":["Exordium","TheCity"],"potions_floor_usage":[8,16,18,20],"damage_taken":[{"damage":0,"enemies":"Cultist","floor":1,"turns":1},{"damage":0,"enemies":"Jaw Worm","floor":4,"turns":1},{"damage":0,"enemies":"The Mushroom Lair","floor":7,"turns":1},{"damage":6,"enemies":"Gremlin Nob","floor":8,"turns":3},{"damage":0,"enemies":"2 Louse","floor":10,"turns":1},{"damage":31,"enemies":"3 Sentries","floor":13,"turns":9},{"damage":0,"enemies":"Exordium Wildlife","floor":14,"turns":1},{"damage":3,"enemies":"Hexaghost","floor":16,"turns":10},{"damage":18,"enemies":"3 Byrds","floor":18,"turns":4},{"damage":0,"enemies":"Spheric Guardian","floor":20,"turns":1},{"damage":19,"enemies":"Centurion and Healer","floor":22,"turns":10},{"damage":8,"enemies":"Book of Stabbing","floor":23,"turns":6}],"seed_played":"-5252790769913730319","potions_obtained":[{"floor":7,"key":"DistilledChaos"},{"floor":10,"key":"FairyPotion"},{"floor":13,"key":"LiquidBronze"},{"floor":16,"key":"ColorlessPotion"},{"floor":18,"key":"SmokeBomb"}],"is_trial":false,"path_per_floor":["M","?","?","M","$","R","?","E","T","M","R","T","E","M","R","B",null,"M","?","M","?","M","E"],"character_chosen":"THE_SERVANT","items_purchased":["ShatteredReality"],"campfire_rested":0,"item_purchase_floors":[5],"current_hp_per_floor":[54,47,47,47,47,47,47,41,41,41,41,41,10,10,10,12,44,31,27,27,27,8,8,8],"gold":418,"neow_bonus":"THREE_ENEMY_KILL","is_daily":false,"chose_seed":false,"campfire_upgraded":3,"win_rate":0.0,"timestamp":1609830337,"path_taken":["M","?","?","M","?","R","?","E","T","?","R","?","E","M","R","BOSS","M","?","M","?","M","E"],"items_purchased_type":["Card"],"build_version":"2020-12-18","purchased_purges":1,"victory":false,"max_hp_per_floor":[60,60,54,54,54,54,54,54,54,54,54,54,54,54,54,54,54,54,27,27,27,27,27,27],"relic_stats":{"counters":[12,48],"Golden Idol":66,"Sundial":[6],"Smiling Mask":0,"obtain_stats":[{"NeowsBlessing":0,"Golden Idol":3,"Sundial":12,"MysterySword":17,"Uniform":0,"Bag of Marbles":9,"Odd Mushroom":7,"Smiling Mask":13,"Toy Ornithopter":8},{"NeowsBlessing":0,"Golden Idol":1,"Sundial":5,"MysterySword":8,"Uniform":0,"Bag of Marbles":4,"Odd Mushroom":3,"Smiling Mask":6,"Toy Ornithopter":4},{"NeowsBlessing":0,"Golden Idol":1,"Sundial":7,"MysterySword":27,"Uniform":0,"Bag of Marbles":6,"Odd Mushroom":3,"Smiling Mask":16,"Toy Ornithopter":6}],"Toy Ornithopter":10},"card_choices":[{"not_picked":["Revamp","Contraction"],"picked":"Ricochet","floor":1},{"not_picked":["Alleviate","FastForward"],"picked":"Starlight","floor":4},{"not_picked":["Unruled","Revamp"],"picked":"Starlight","floor":7},{"not_picked":["Defy","SilverBlades"],"picked":"Spin","floor":8},{"not_picked":["FastForward","Comet"],"picked":"Barrier","floor":10},{"not_picked":["Rearm","Gouge"],"picked":"Deny","floor":13},{"not_picked":["InstantArmor","Unruled"],"picked":"ShatteredReality","floor":14},{"not_picked":["ForgedInTime","SoulSculpture"],"picked":"Sunlight","floor":16},{"not_picked":["Moonlight","ShatteredReality"],"picked":"Manipulate+1","floor":18},{"not_picked":["Replace","Rearm"],"picked":"BottledTime","floor":22}],"player_experience":1915652,"relics_obtained":[{"floor":7,"key":"Odd Mushroom"},{"floor":8,"key":"Toy Ornithopter"},{"floor":9,"key":"Bag of Marbles"},{"floor":12,"key":"Sundial"},{"floor":13,"key":"Smiling Mask"}],"event_choices":[{"cards_removed":["Strike_S"],"damage_healed":0,"gold_gain":0,"player_choice":"Card Removal","damage_taken":7,"max_hp_gain":0,"max_hp_loss":0,"event_name":"Golden Wing","floor":2,"gold_loss":0},{"damage_healed":0,"gold_gain":0,"player_choice":"Lose Max HP","damage_taken":0,"relics_obtained":["Golden Idol"],"max_hp_gain":0,"max_hp_loss":6,"event_name":"Golden Idol","floor":3,"gold_loss":0},{"damage_healed":0,"gold_gain":0,"player_choice":"Fought Mushrooms","damage_taken":0,"max_hp_gain":0,"max_hp_loss":0,"event_name":"Mushrooms","floor":7,"gold_loss":0},{"damage_healed":0,"gold_gain":0,"player_choice":"Became a Ghost","damage_taken":0,"max_hp_gain":0,"max_hp_loss":27,"event_name":"Ghosts","floor":19,"gold_loss":0,"cards_obtained":["Ghostly","Ghostly","Ghostly"]},{"damage_healed":0,"gold_gain":0,"player_choice":"Read","damage_taken":0,"max_hp_gain":0,"max_hp_loss":0,"event_name":"The Library","floor":21,"gold_loss":0,"cards_obtained":["Defy"]}],"is_beta":true,"boss_relics":[{"not_picked":["Astrolabe","SlaversCollar"],"picked":"MysterySword"}],"items_purged_floors":[5],"is_endless":false,"potions_floor_spawned":[7,10,13,16,18],"killed_by":"Book of Stabbing","ascension_level":20}}