{"host":"tzyzz5n7hg2ni9q2","time":1609830631,"event":{"mods":["BaseMod","Minty Spire (QoL Compilation)","Quick Restart"],"gold_per_floor":[109,124,140,140,140,140,181,181,181,202,54,54,54,54],"floor_reached":13,"playtime":217,"items_purged":["Strike_G"],"score":83,"play_id":"b7790b76-606c-4199-ac67-b9334aceffad","local_time":"20210105081031","is_ascension_mode":false,"campfire_choices":[{"data":"Neutralize","floor":6.0,"key":"SMITH"},{"floor":8,"key":"REST"}],"circlet_count":0,"master_deck":["Strike_G","Strike_G","Strike_G","Strike_G","Defend_G","Defend_G","Defend_G","Defend_G","Defend_G","Survivor","Neutralize+1","Dagger Spray","Accuracy","Footwork","Accuracy","Cloak And Dagger+1","Backflip+1"],"relics":["Ring of the Snake","NeowsBlessing","Golden Idol","Blue Candle","Toxic Egg 2","InkBottle"],"acts_visited":["Exordium"],"potions_floor_usage":[7],"damage_taken":[{"damage":0.0,"enemies":"Cultist","floor":1.0,"turns":1.0},{"damage":0.0,"enemies":"2 Louse","floor":2.0,"turns":1.0},{"damage":0.0,"enemies":"Jaw Worm","floor":3.0,"turns":1.0},{"damage":38,"enemies":"Lagavulin","floor":7,"turns":9},{"damage":8,"enemies":"3 Louse","floor":10,"turns":4},{"damage":29,"enemies":"Gremlin Nob","floor":13,"turns":4}],"seed_played":"-707478583512098147","potions_obtained":[{"floor":1.0,"key":"Strength Potion"},{"floor":10,"key":"GamblersBrew"}],"is_trial":false,"path_per_floor":["M","M","M","?","?","R","E","R","T","M","$","T","E"],"character_chosen":"THE_SILENT","items_purchased":["Cloak And Dagger+1","Backflip+1"],"campfire_rested":1,"item_purchase_floors":[11,11],"current_hp_per_floor":[70,70,70,53,53,53,15,36,36,28,28,28,0,0],"gold":54,"neow_bonus":"THREE_ENEMY_KILL","is_daily":false,"chose_seed":false,"campfire_upgraded":1,"win_rate":0.0,"timestamp":1609830631,"path_taken":["M","M","?","?","?","R","E","R","T","M","$","?","E"],"items_purchased_type":["Card","Card"],"build_version":"2020-12-22","purchased_purges":1,"victory":false,"max_hp_per_floor":[70,70,70,70,70,70,70,70,70,70,70,70,70,70],"card_choices":[{"not_picked":["Choke","Dagger Throw"],"picked":"Dagger Spray","floor":1.0},{"not_picked":["Bane","Underhanded Strike"],"picked":"Accuracy","floor":2.0},{"not_picked":["Acrobatics","Expertise","Bane"],"picked":"SKIP","floor":3.0},{"not_picked":["Unload","Slice"],"picked":"Footwork","floor":7},{"not_picked":["Outmaneuver+1","Quick Slash"],"picked":"Accuracy","floor":10}],"player_experience":243302,"relics_obtained":[{"floor":7,"key":"Blue Candle"},{"floor":9,"key":"Toxic Egg 2"},{"floor":12,"key":"InkBottle"}],"event_choices":[{"damage_healed":0.0,"max_hp_gain":0.0,"max_hp_loss":0.0,"gold_gain":0.0,"event_name":"Golden Idol","player_choice":"Take Damage","floor":4.0,"gold_loss":0.0,"damage_taken":17.0,"relics_obtained":["Golden Idol"]},{"damage_healed":0.0,"max_hp_gain":0.0,"max_hp_loss":0.0,"gold_gain":0.0,"event_name":"Liars Game","player_choice":"Ignored","floor":5.0,"gold_loss":0.0,"damage_taken":0.0}],"is_beta":false,"boss_relics":[],"items_purged_floors":[11],"is_endless":false,"potions_floor_spawned":[1,10],"killed_by":"Gremlin Nob","ascension_level":0}}