{"host":"vumwfieg2b2mnrfl","time":1609876566,"event":{"mods":["AchievementEnabler","BaseMod","Minty Spire (QoL Compilation)","Rare Cards Sparkle","Relic Stats"],"gold_per_floor":[110,110,110,120,47,81,92,125,125,125,138,138,164,179,179,179,179],"floor_reached":16,"playtime":595,"items_purged":[],"score":180,"play_id":"2f8f6a1e-7bc2-495a-b111-dce2c6219fa0","local_time":"20210105135606","is_ascension_mode":true,"campfire_choices":[{"floor":10,"key":"REST"},{"floor":12,"key":"REST"},{"floor":15,"key":"REST"}],"circlet_count":0,"master_deck":["AscendersBane","Strike_B","Strike_B","Strike_B","Defend_B","Defend_B","Defend_B","Defend_B","Zap","Dualcast","Capacitor","Coolheaded","Doom and Gloom","Sweeping Beam","Rebound","Glacier","Gash","Amplify","Ball Lightning"],"relics":["Cracked Core","Smiling Mask","Frozen Egg 2","Letter Opener","Kunai","Shuriken","Turnip"],"acts_visited":["Exordium"],"potions_floor_usage":[8,8,13,16,16],"damage_taken":[{"damage":0,"enemies":"Cultist","floor":1,"turns":3},{"damage":2,"enemies":"Jaw Worm","floor":4,"turns":3},{"damage":33,"enemies":"3 Sentries","floor":6,"turns":8},{"damage":3,"enemies":"2 Louse","floor":7,"turns":2},{"damage":23,"enemies":"Lagavulin","floor":8,"turns":9},{"damage":8,"enemies":"Exordium Thugs","floor":11,"turns":5},{"damage":16,"enemies":"3 Sentries","floor":13,"turns":6},{"damage":17,"enemies":"Large Slime","floor":14,"turns":6},{"damage":29,"enemies":"The Guardian","floor":16,"turns":9}],"seed_played":"6269022731249823221","potions_obtained":[{"floor":1,"key":"AttackPotion"},{"floor":4,"key":"Block Potion"},{"floor":6,"key":"CultistPotion"},{"floor":8,"key":"PotionOfCapacity"},{"floor":13,"key":"EssenceOfSteel"}],"is_trial":false,"path_per_floor":["M","?","?","M","$","E","M","E","T","R","M","R","E","M","R","B"],"character_chosen":"DEFECT","items_purchased":["Doom and Gloom"],"campfire_rested":3,"item_purchase_floors":[5],"current_hp_per_floor":[68,65,65,63,63,30,27,4,4,26,18,40,24,7,29,0,0],"gold":179,"neow_bonus":"RANDOM_COMMON_RELIC","is_daily":false,"chose_seed":false,"campfire_upgraded":0,"win_rate":0.0,"timestamp":1609876566,"path_taken":["M","?","?","M","$","E","M","E","T","R","M","R","E","M","R","BOSS"],"items_purchased_type":["Card"],"build_version":"2020-12-22","purchased_purges":0,"victory":false,"max_hp_per_floor":[75,75,75,75,75,75,75,75,75,75,75,75,75,75,75,75,75],"relic_stats":{"counters":[9,51],"Shuriken":[3],"Turnip":[1],"Letter Opener":[30],"Kunai":[3],"Smiling Mask":0,"obtain_stats":[{"Shuriken":9,"Turnip":13,"Letter Opener":6,"Kunai":8,"Frozen Egg 2":2,"Cracked Core":0,"Smiling Mask":0},{"Shuriken":5,"Turnip":7,"Letter Opener":3,"Kunai":5,"Frozen Egg 2":1,"Cracked Core":0,"Smiling Mask":0},{"Shuriken":25,"Turnip":36,"Letter Opener":14,"Kunai":25,"Frozen Egg 2":3,"Cracked Core":0,"Smiling Mask":0}]},"card_choices":[{"not_picked":["Rebound","Lockon"],"picked":"Capacitor","floor":1},{"not_picked":["Recycle","Leap"],"picked":"Coolheaded","floor":4},{"not_picked":["Fusion","Steam Power"],"picked":"Sweeping Beam","floor":6},{"not_picked":["Gash","Skim"],"picked":"Rebound","floor":7},{"not_picked":["Blizzard","Leap"],"picked":"Glacier","floor":8},{"not_picked":["Conserve Battery","Blizzard"],"picked":"Gash","floor":11},{"not_picked":["Recycle","Hologram"],"picked":"Amplify","floor":13},{"not_picked":["Doom and Gloom","Tempest"],"picked":"Ball Lightning","floor":14}],"player_experience":368850,"relics_obtained":[{"floor":6,"key":"Letter Opener"},{"floor":8,"key":"Kunai"},{"floor":9,"key":"Shuriken"},{"floor":13,"key":"Turnip"}],"event_choices":[{"damage_healed":0,"gold_gain":0,"player_choice":"Success","damage_taken":3,"relics_obtained":["Frozen Egg 2"],"max_hp_gain":0,"max_hp_loss":0,"event_name":"Scrap Ooze","floor":2,"gold_loss":0},{"cards_removed":["Strike_B"],"damage_healed":0,"gold_gain":0,"player_choice":"Offered Basic","damage_taken":0,"max_hp_gain":0,"max_hp_loss":0,"event_name":"Bonfire Elementals","floor":3,"gold_loss":0}],"is_beta":false,"boss_relics":[],"items_purged_floors":[],"is_endless":false,"potions_floor_spawned":[1,4,6,8,13],"killed_by":"The Guardian","ascension_level":10}}