{"host":"o0q01dgb4z8zpo6o","time":1609860676,"event":{"mods":["BaseMod","GifTheSpireLib","Minty Spire (QoL Compilation)","Relic Stats","StSLib"],"gold_per_floor":[119,131,131,148,73,73,104,104,184,203,203,203,217,217,217,288,288,307,232,232,232,251,251,251,251],"floor_reached":24,"playtime":673,"items_purged":["Strike_B"],"score":369,"play_id":"f27defb6-d9c5-41e8-833b-6d250b270656","local_time":"20210105073116","is_ascension_mode":true,"campfire_choices":[{"data":"Sweeping Beam","floor":6,"key":"SMITH"},{"data":"Dualcast","floor":8,"key":"SMITH"},{"data":"Conserve Battery","floor":11,"key":"SMITH"},{"data":"Leap","floor":15,"key":"SMITH"},{"data":"Defragment","floor":23,"key":"SMITH"}],"circlet_count":0,"master_deck":["AscendersBane","Strike_B","Strike_B+1","Defend_B","Defend_B","Defend_B","Defend_B","Zap","Dualcast+1","Sweeping Beam+1","Sunder+1","Cold Snap","Conserve Battery+1","Leap+1","Cold Snap","Electrodynamics","Defragment+1","Writhe","Barrage"],"relics":["Cracked Core","NeowsBlessing","Toy Ornithopter","Question Card","Inserter","Dead Branch"],"acts_visited":["Exordium","TheCity"],"potions_floor_usage":[16,16,24],"damage_taken":[{"damage":0,"enemies":"Small Slimes","floor":1,"turns":1},{"damage":0,"enemies":"2 Louse","floor":2,"turns":1},{"damage":0,"enemies":"Cultist","floor":4,"turns":1},{"damage":13,"enemies":"3 Sentries","floor":7,"turns":5},{"damage":0,"enemies":"2 Fungi Beasts","floor":10,"turns":2},{"damage":10,"enemies":"Exordium Wildlife","floor":13,"turns":3},{"damage":3,"enemies":"Hexaghost","floor":16,"turns":13},{"damage":15,"enemies":"Spheric Guardian","floor":18,"turns":5},{"damage":0,"enemies":"Chosen","floor":22,"turns":5},{"damage":52,"enemies":"Book of Stabbing","floor":24,"turns":5}],"seed_played":"-1906379425447539172","potions_obtained":[{"floor":2,"key":"SpeedPotion"},{"floor":10,"key":"SpeedPotion"},{"floor":13,"key":"AttackPotion"},{"floor":18,"key":"SpeedPotion"}],"is_trial":false,"path_per_floor":["M","M","?","M","$","R","E","R","T","M","R","?","M","?","R","B",null,"M","?","$","?","M","R","E"],"character_chosen":"DEFECT","items_purchased":[],"campfire_rested":0,"item_purchase_floors":[],"current_hp_per_floor":[64,64,43,43,43,43,30,30,30,30,30,26,16,16,16,23,59,44,44,44,44,44,44,0,0],"gold":251,"neow_bonus":"THREE_ENEMY_KILL","is_daily":false,"chose_seed":false,"campfire_upgraded":5,"win_rate":0.0,"timestamp":1609860676,"path_taken":["M","M","?","M","$","R","E","R","T","M","R","?","?","?","R","BOSS","M","?","$","?","M","R","E"],"items_purchased_type":[],"build_version":"2020-12-22","purchased_purges":1,"victory":false,"max_hp_per_floor":[71,71,71,71,71,71,71,71,71,71,71,71,71,71,71,71,71,71,71,71,71,71,71,71,71],"relic_stats":{"Inserter":[7],"counters":[10,41],"Dead Branch":[6],"Question Card":5,"obtain_stats":[{"Inserter":17,"NeowsBlessing":0,"Dead Branch":21,"Cracked Core":0,"Question Card":9,"Toy Ornithopter":7},{"Inserter":7,"NeowsBlessing":0,"Dead Branch":8,"Cracked Core":0,"Question Card":4,"Toy Ornithopter":4},{"Inserter":26,"NeowsBlessing":0,"Dead Branch":31,"Cracked Core":0,"Question Card":8,"Toy Ornithopter":8}],"Toy Ornithopter":15},"card_choices":[{"not_picked":["Go for the Eyes","Barrage"],"picked":"Sweeping Beam","floor":1},{"not_picked":["Stack","Sweeping Beam"],"picked":"Sunder","floor":2},{"not_picked":["Gash","Skim"],"picked":"Cold Snap","floor":4},{"not_picked":["Tempest","Compile Driver"],"picked":"Conserve Battery","floor":7},{"not_picked":["Gash","Beam Cell","Chaos"],"picked":"Leap","floor":10},{"not_picked":["Redo","Steam","Rebound"],"picked":"Cold Snap","floor":13},{"not_picked":["Rainbow","All For One","Hyperbeam"],"picked":"Electrodynamics","floor":16},{"not_picked":["Undo","Rebound","Steam"],"picked":"Defragment","floor":18},{"not_picked":["Skim","Gash","Capacitor"],"picked":"Barrage","floor":22}],"player_experience":1046573,"relics_obtained":[{"floor":7,"key":"Toy Ornithopter"},{"floor":9,"key":"Question Card"}],"event_choices":[{"damage_healed":0,"gold_gain":0,"player_choice":"Entered Light","damage_taken":21,"max_hp_gain":0,"max_hp_loss":0,"event_name":"Shining Light","floor":3,"gold_loss":0,"cards_upgraded":["Sunder","Strike_B"]},{"damage_healed":0,"gold_gain":0,"player_choice":"Bought 0 Potions","damage_taken":0,"max_hp_gain":0,"max_hp_loss":0,"event_name":"The Woman in Blue","floor":12,"gold_loss":0},{"damage_healed":0,"gold_gain":0,"player_choice":"Fled","damage_taken":0,"max_hp_gain":0,"max_hp_loss":0,"event_name":"Scrap Ooze","floor":14,"gold_loss":0},{"cards_removed":["Strike_B"],"damage_healed":0,"gold_gain":0,"player_choice":"Gave Gold","damage_taken":0,"max_hp_gain":0,"max_hp_loss":0,"event_name":"Beggar","floor":19,"gold_loss":75},{"damage_healed":0,"gold_gain":0,"player_choice":"Opened","damage_taken":0,"relics_obtained":["Dead Branch"],"max_hp_gain":0,"max_hp_loss":0,"event_name":"The Mausoleum","floor":21,"gold_loss":0,"cards_obtained":["Writhe"]}],"is_beta":false,"boss_relics":[{"not_picked":["Busted Crown","Black Star"],"picked":"Inserter"}],"items_purged_floors":[5],"is_endless":false,"potions_floor_spawned":[2,10,13,18],"killed_by":"Book of Stabbing","ascension_level":18}}