{"host":"9ndbo4kgsfoemf7y","time":1609840617,"event":{"mods":["AchievementEnabler","BaseMod","Colored Map","DeckTracker","Keyboard Shortcuts","Minty Spire (QoL Compilation)","Permanent Neow","Quick Restart","Relic Stats","StSLib","SuperFastMode"],"gold_per_floor":[119,134,148,148,160,189,189,224,224,224,254,254,288,288,288,365,365,376,266,284,98,98,98],"floor_reached":22,"playtime":753,"items_purged":[],"score":424,"play_id":"f04fdc70-bac0-473f-a359-267acb910001","local_time":"20210105185657","is_ascension_mode":true,"campfire_choices":[{"data":"Bludgeon","floor":7.0,"key":"SMITH"},{"data":"Dark Embrace","floor":12,"key":"SMITH"},{"data":"Armaments","floor":15,"key":"SMITH"}],"circlet_count":0,"master_deck":["AscendersBane","Strike_R","Strike_R+1","Defend_R","Defend_R","Defend_R","Defend_R","Bash","Carnage","Seeing Red","Rampage","Bludgeon+1","Evolve","Second Wind","Armaments+1","Dark Embrace+1","Barricade+1","Ghostly Armor","Impervious","Shrug It Off"],"relics":["Burning Blood","Shuriken","Eternal Feather","Boot","Kunai","Blood Vial","Frozen Egg 2","Coffee Dripper"],"acts_visited":["Exordium","TheCity"],"potions_floor_usage":[11,13,20],"damage_taken":[{"damage":13.0,"enemies":"Small Slimes","floor":1.0,"turns":4.0},{"damage":1.0,"enemies":"Cultist","floor":2.0,"turns":3.0},{"damage":2.0,"enemies":"Jaw Worm","floor":3.0,"turns":3.0},{"damage":11.0,"enemies":"Looter","floor":5.0,"turns":2.0},{"damage":8.0,"enemies":"3 Sentries","floor":6.0,"turns":7.0},{"damage":25.0,"enemies":"Lagavulin","floor":8.0,"turns":7.0},{"damage":39,"enemies":"3 Sentries","floor":11,"turns":7},{"damage":8,"enemies":"Gremlin Nob","floor":13,"turns":3},{"damage":23,"enemies":"Hexaghost","floor":16,"turns":9},{"damage":42,"enemies":"Shell Parasite","floor":18,"turns":6},{"damage":18,"enemies":"2 Thieves","floor":20,"turns":4},{"damage":22,"enemies":"Cultist and Chosen","floor":22,"turns":5}],"seed_played":"-3041374509738531488","potions_obtained":[{"floor":1.0,"key":"HeartOfIron"},{"floor":6.0,"key":"Dexterity Potion"},{"floor":8.0,"key":"Ancient Potion"},{"floor":11,"key":"SteroidPotion"},{"floor":16,"key":"SteroidPotion"},{"floor":18,"key":"EssenceOfSteel"}],"is_trial":false,"path_per_floor":["M","M","M","?","M","E","R","E","T","?","E","R","E","?","R","B",null,"M","?","M","$","M"],"character_chosen":"IRONCLAD","items_purchased":["Impervious","Shrug It Off"],"campfire_rested":0,"item_purchase_floors":[21,21],"current_hp_per_floor":[61,66,70,70,65,63,72,53,53,46,13,22,22,22,31,16,60,26,26,16,16,0,0],"gold":98,"neow_bonus":"TRANSFORM_CARD","is_daily":false,"chose_seed":false,"campfire_upgraded":3,"win_rate":0.0,"timestamp":1609840617,"path_taken":["M","M","M","?","?","E","R","E","T","?","E","R","E","?","R","BOSS","M","?","M","$","M"],"items_purchased_type":["Card","Card"],"build_version":"2020-12-22","purchased_purges":0,"victory":false,"max_hp_per_floor":[75,75,75,75,75,75,75,75,75,75,75,75,75,75,75,75,75,75,75,75,75,75,75],"relic_stats":{"Blood Vial":10,"counters":[12,60],"Shuriken":[1],"Eternal Feather":27,"Kunai":[1],"Boot":[4],"obtain_stats":[{"Blood Vial":11,"Shuriken":4,"Eternal Feather":6,"Coffee Dripper":17,"Kunai":9,"Frozen Egg 2":13,"Boot":8,"Burning Blood":0},{"Blood Vial":7,"Shuriken":3,"Eternal Feather":5,"Coffee Dripper":9,"Kunai":6,"Frozen Egg 2":8,"Boot":6,"Burning Blood":0},{"Blood Vial":33,"Shuriken":10,"Eternal Feather":19,"Coffee Dripper":45,"Kunai":26,"Frozen Egg 2":36,"Boot":26,"Burning Blood":0}],"Burning Blood":66},"card_choices":[{"not_picked":["Headbutt","Thunderclap"],"picked":"Seeing Red","floor":1.0},{"not_picked":["Wild Strike","Headbutt"],"picked":"Rampage","floor":2.0},{"not_picked":["Perfected Strike","Twin Strike"],"picked":"Bludgeon","floor":3.0},{"not_picked":["Havoc","Pommel Strike"],"picked":"Evolve","floor":5.0},{"not_picked":["Sword Boomerang","Seeing Red"],"picked":"Second Wind","floor":6.0},{"not_picked":["Thunderclap","Headbutt"],"picked":"Armaments","floor":8.0},{"not_picked":["Power Through","Uppercut"],"picked":"Dark Embrace","floor":11},{"not_picked":["Armaments","Heavy Blade","Whirlwind"],"picked":"SKIP","floor":13},{"not_picked":["Offering","Impervious"],"picked":"Barricade+1","floor":16},{"not_picked":["Thunderclap","Havoc"],"picked":"Ghostly Armor","floor":18},{"not_picked":["Clash","Dual Wield","True Grit"],"picked":"SKIP","floor":20}],"player_experience":778256,"relics_obtained":[{"floor":4.0,"key":"Shuriken"},{"floor":6.0,"key":"Eternal Feather"},{"floor":8.0,"key":"Boot"},{"floor":9.0,"key":"Kunai"},{"floor":11,"key":"Blood Vial"},{"floor":13,"key":"Frozen Egg 2"}],"event_choices":[{"damage_healed":0.0,"max_hp_gain":0.0,"max_hp_loss":0.0,"gold_gain":0.0,"event_name":"Wheel of Change","player_choice":"Relic","floor":4.0,"gold_loss":0.0,"damage_taken":0.0},{"cards_removed":["Strike_R"],"damage_healed":0.0,"max_hp_gain":0.0,"max_hp_loss":0.0,"gold_gain":0.0,"event_name":"Golden Wing","player_choice":"Card Removal","floor":10.0,"gold_loss":0.0,"damage_taken":7.0},{"damage_healed":0,"gold_gain":0,"player_choice":"Ignored","damage_taken":0,"max_hp_gain":0,"max_hp_loss":0,"event_name":"Shining Light","floor":14,"gold_loss":0},{"cards_removed":["Strike_R"],"damage_healed":0,"gold_gain":0,"player_choice":"Upgrade and Remove","damage_taken":0,"max_hp_gain":0,"max_hp_loss":0,"event_name":"Designer","floor":19,"gold_loss":110,"cards_upgraded":["Strike_R"]}],"is_beta":false,"boss_relics":[{"not_picked":["SlaversCollar","Fusion Hammer"],"picked":"Coffee Dripper"}],"items_purged_floors":[],"is_endless":false,"potions_floor_spawned":[1,6,8,11,16,18],"killed_by":"Cultist and Chosen","ascension_level":20}}