{"host":"w4b7hmige5bnqipq","time":1609847080,"event":{"mods":["2.2 Compatiblity","BaseMod","Colored Map","DeckTracker","Keyboard Shortcuts","Minty Spire (QoL Compilation)","Permanent Neow","Rare Cards Sparkle","SuperFastMode","everything is the same but u backflip on backflip","slay the spire mod where everything is the same but ironclad has a cowboy hat"],"gold_per_floor":[118,131,141,159,84,114,133,133,133,168,188,188,215,215,215,215,215],"floor_reached":16,"playtime":473,"items_purged":["Strike_R"],"score":290,"play_id":"874c744e-7515-4e79-b64f-e5d47cf7cbf7","local_time":"20210105204440","is_ascension_mode":true,"campfire_choices":[{"data":"Fiend Fire","floor":8.0,"key":"SMITH"},{"data":"Flex","floor":12.0,"key":"SMITH"},{"data":"Bash","floor":15.0,"key":"SMITH"}],"circlet_count":0,"master_deck":["AscendersBane","Strike_R","Strike_R","Strike_R","Defend_R","Defend_R","Defend_R+1","Bash+1","Ghostly Armor","Offering+1","Wild Strike","Cleave","Flex+1","Fiend Fire+1","Carnage","Headbutt"],"relics":["Burning Blood","Calipers","Juzu Bracelet","Omamori","Odd Mushroom","Self Forming Clay","War Paint"],"acts_visited":["Exordium"],"potions_floor_usage":[16,16],"damage_taken":[{"damage":7.0,"enemies":"Cultist","floor":1.0,"turns":4.0},{"damage":16.0,"enemies":"Small Slimes","floor":2.0,"turns":4.0},{"damage":2.0,"enemies":"2 Louse","floor":3.0,"turns":4.0},{"damage":6.0,"enemies":"Lots of Slimes","floor":4.0,"turns":2.0},{"damage":21.0,"enemies":"3 Sentries","floor":6.0,"turns":6.0},{"damage":7.0,"enemies":"2 Fungi Beasts","floor":7.0,"turns":3.0},{"damage":6.0,"enemies":"Gremlin Nob","floor":10.0,"turns":2.0},{"damage":9.0,"enemies":"The Mushroom Lair","floor":11.0,"turns":3.0},{"damage":26.0,"enemies":"Lagavulin","floor":13.0,"turns":6.0},{"damage":23,"enemies":"The Guardian","floor":16,"turns":9}],"seed_played":"8403119715812087517","potions_obtained":[{"floor":2.0,"key":"Strength Potion"},{"floor":3.0,"key":"EntropicBrew"},{"floor":10.0,"key":"SpeedPotion"},{"floor":11.0,"key":"LiquidBronze"}],"is_trial":false,"path_per_floor":["M","M","M","M","$","E","M","R","T","E","?","R","E","?","R","B"],"character_chosen":"IRONCLAD","items_purchased":[],"campfire_rested":0,"item_purchase_floors":[],"current_hp_per_floor":[67,57,61,61,61,46,45,45,45,45,42,42,22,22,22,0,0],"gold":215,"neow_bonus":"TRANSFORM_TWO_CARDS","is_daily":false,"chose_seed":false,"campfire_upgraded":3,"win_rate":0.0,"timestamp":1609847080,"path_taken":["M","M","M","M","?","E","M","R","T","E","?","R","E","?","R","BOSS"],"items_purchased_type":[],"build_version":"2020-12-22","purchased_purges":1,"victory":false,"max_hp_per_floor":[68,68,68,68,68,68,68,68,68,68,68,68,68,68,68,68,68],"card_choices":[{"not_picked":["Warcry","Combust","Rage"],"picked":"SKIP","floor":1.0},{"not_picked":["True Grit","Metallicize"],"picked":"Wild Strike","floor":2.0},{"not_picked":["Dark Embrace","Wild Strike"],"picked":"Cleave","floor":3.0},{"not_picked":["Bloodletting","Double Tap"],"picked":"Flex","floor":4.0},{"not_picked":["Cleave","Headbutt"],"picked":"Fiend Fire","floor":6.0},{"not_picked":["Heavy Blade","Clothesline"],"picked":"Carnage","floor":7.0},{"not_picked":["Sword Boomerang","Armaments"],"picked":"Headbutt","floor":10.0},{"not_picked":["Perfected Strike","Rampage","Bloodletting"],"picked":"SKIP","floor":13.0}],"player_experience":465321,"relics_obtained":[{"floor":6.0,"key":"Calipers"},{"floor":9.0,"key":"Juzu Bracelet"},{"floor":10.0,"key":"Omamori"},{"floor":11.0,"key":"Odd Mushroom"},{"floor":13.0,"key":"Self Forming Clay"},{"floor":14.0,"key":"War Paint"}],"event_choices":[{"damage_healed":0.0,"max_hp_gain":0.0,"max_hp_loss":0.0,"gold_gain":0.0,"event_name":"Mushrooms","player_choice":"Fought Mushrooms","floor":11.0,"gold_loss":0.0,"damage_taken":0.0},{"damage_healed":0.0,"max_hp_gain":0.0,"max_hp_loss":0.0,"gold_gain":0.0,"event_name":"Wheel of Change","player_choice":"Relic","floor":14.0,"gold_loss":0.0,"damage_taken":0.0}],"is_beta":false,"boss_relics":[],"items_purged_floors":[5],"is_endless":false,"potions_floor_spawned":[2,3,10,11],"killed_by":"The Guardian","ascension_level":20}}