{"host":"gkp57zoegrd3f2ij","time":1609854969,"event":{"mods":["BaseMod","Colored Map","Colored Powertips","Minty Spire (QoL Compilation)","StSLib"],"gold_per_floor":[109,109,121,121,46,46,80,80,107,107,107,26,52,72,72,175,175,185,185,185,185,198,224,224,241,316,316,29,44,44,57,57,152,152,170,170,188,10,10,10,42,42,97,123,141,159,178,193,193,193,193],"floor_reached":50,"playtime":3467,"items_purged":["Defend_G"],"score":608,"play_id":"31739e46-b29a-4a37-817e-23c76ae75554","local_time":"20210105145609","is_ascension_mode":true,"campfire_choices":[{"data":"Neutralize","floor":6.0,"key":"SMITH"},{"floor":8.0,"key":"REST"},{"floor":11.0,"key":"REST"},{"data":"Corpse Explosion","floor":15.0,"key":"SMITH"},{"data":"Night Terror","floor":24.0,"key":"SMITH"},{"floor":27.0,"key":"REST"},{"floor":32,"key":"REST"},{"data":"Bullet Time","floor":40,"key":"SMITH"},{"floor":42,"key":"REST"},{"floor":49,"key":"REST"}],"circlet_count":0,"master_deck":["Strike_G","Defend_G","Defend_G","Defend_G","Survivor","Neutralize+1","Catalyst+1","Sucker Punch","Slice","Footwork","Deflect+1","Corpse Explosion+1","Night Terror+1","Acrobatics+1","Backflip","Cloak And Dagger","Slice+1","Dodge and Roll","Bullet Time+1","Die Die Die+1","Predator+1","Crippling Poison","Deadly Poison","PiercingWail+1","Catalyst+1","Deflect+1"],"relics":["Ring of the Snake","Tiny Chest","MealTicket","Bag of Preparation","Sozu","Meat on the Bone","InkBottle","Gremlin Horn","Incense Burner","Astrolabe","Regal Pillow","Blue Candle","Vajra","Pen Nib","Ginger"],"acts_visited":["Exordium","TheCity","TheBeyond"],"potions_floor_usage":[29],"damage_taken":[{"damage":0.0,"enemies":"Cultist","floor":1.0,"turns":5.0},{"damage":1.0,"enemies":"Small Slimes","floor":3.0,"turns":5.0},{"damage":55.0,"enemies":"Gremlin Nob","floor":7.0,"turns":7.0},{"damage":10.0,"enemies":"Lagavulin","floor":13.0,"turns":11.0},{"damage":0.0,"enemies":"2 Louse","floor":14.0,"turns":3.0},{"damage":10.0,"enemies":"Slime Boss","floor":16.0,"turns":10.0},{"damage":15.0,"enemies":"2 Thieves","floor":18.0,"turns":2.0},{"damage":6.0,"enemies":"Shell Parasite","floor":22.0,"turns":3.0},{"damage":26.0,"enemies":"Slavers","floor":23.0,"turns":2.0},{"damage":8.0,"enemies":"Snake Plant","floor":25.0,"turns":5.0},{"damage":22,"enemies":"Sentry and Sphere","floor":29,"turns":4},{"damage":3,"enemies":"Centurion and Healer","floor":31,"turns":2},{"damage":41,"enemies":"Collector","floor":33,"turns":8},{"damage":11,"enemies":"Orb Walker","floor":35,"turns":2},{"damage":0,"enemies":"3 Darklings","floor":37,"turns":2},{"damage":37,"enemies":"Reptomancer","floor":41,"turns":6},{"damage":33,"enemies":"Nemesis","floor":44,"turns":7},{"damage":7,"enemies":"Transient","floor":45,"turns":5},{"damage":21,"enemies":"Spire Growth","floor":46,"turns":5},{"damage":0,"enemies":"Jaw Worm Horde","floor":47,"turns":2},{"damage":19,"enemies":"Writhing Mass","floor":48,"turns":4},{"damage":74,"enemies":"Awakened One","floor":50,"turns":9}],"seed_played":"3286282498512947301","potions_obtained":[{"floor":1.0,"key":"Swift Potion"},{"floor":13.0,"key":"CunningPotion"},{"floor":16.0,"key":"LiquidBronze"}],"is_trial":false,"path_per_floor":["M","?","M","?","$","R","E","R","T","?","R","$","E","M","R","B",null,"M","T","?","T","M","E","R","M","T","R","$","M","?","M","R","B",null,"M","?","M","$","T","R","E","R","T","E","M","M","M","M","R","B"],"character_chosen":"THE_SILENT","items_purchased":["Footwork","Incense Burner","Regal Pillow","Deadly Poison"],"campfire_rested":6,"item_purchase_floors":[12,28,38,38],"current_hp_per_floor":[77,77,76,69,69,69,14,37,37,37,60,75,65,65,65,55,77,62,62,62,62,56,42,42,46,46,69,77,55,55,52,75,46,77,66,66,66,77,77,77,40,77,77,44,49,40,40,33,71,0,0],"gold":193,"neow_bonus":"TEN_PERCENT_HP_BONUS","is_daily":false,"chose_seed":false,"campfire_upgraded":4,"win_rate":0.0,"timestamp":1609854969,"path_taken":["M","?","M","?","$","R","E","R","T","?","R","$","E","M","R","BOSS","M","?","?","?","M","E","R","M","T","R","$","?","?","M","R","BOSS","M","?","M","$","?","R","E","R","T","E","M","M","M","M","R","BOSS"],"items_purchased_type":["Card","Relic","Relic","Card"],"build_version":"2020-12-22","purchased_purges":1,"victory":false,"max_hp_per_floor":[77,77,77,77,77,77,77,77,77,77,77,77,77,77,77,77,77,77,77,77,77,77,77,77,77,77,77,77,77,77,77,77,77,77,77,77,77,77,77,77,77,77,77,77,77,77,77,77,77,77,77],"card_choices":[{"not_picked":["Predator","Flying Knee"],"picked":"Catalyst","floor":1.0},{"not_picked":["Heel Hook","Underhanded Strike"],"picked":"Sucker Punch","floor":3.0},{"not_picked":["Distraction","Terror","Eviscerate"],"picked":"SKIP","floor":7.0},{"not_picked":["Expertise","Quick Slash"],"picked":"Deflect","floor":13.0},{"not_picked":["Blade Dance","Slice"],"picked":"Corpse Explosion","floor":14.0},{"not_picked":["Tools of the Trade","Storm of Steel"],"picked":"Night Terror","floor":16.0},{"not_picked":["Reflex+1","Calculated Gamble"],"picked":"Acrobatics+1","floor":18.0},{"not_picked":["Eviscerate+1","Outmaneuver"],"picked":"Backflip","floor":22.0},{"not_picked":["Finisher","Concentrate"],"picked":"Cloak And Dagger","floor":23.0},{"not_picked":["Deflect","Flying Knee","Outmaneuver"],"picked":"SKIP","floor":25.0},{"not_picked":["Finisher","Outmaneuver"],"picked":"Slice+1","floor":29},{"not_picked":["Flying Knee","Skewer"],"picked":"Dodge and Roll","floor":31},{"not_picked":["Phantasmal Killer","Grand Finale"],"picked":"Bullet Time","floor":33},{"not_picked":["Quick Slash+1","Dodge and Roll"],"picked":"Crippling Poison","floor":35},{"not_picked":["Acrobatics+1","Sucker Punch","Prepared+1"],"picked":"SKIP","floor":37},{"not_picked":["Footwork+1","Eviscerate"],"picked":"PiercingWail+1","floor":41},{"not_picked":["Skewer","Crippling Poison"],"picked":"Catalyst+1","floor":44},{"not_picked":["Backflip+1","Dagger Throw","Expertise+1"],"picked":"SKIP","floor":45},{"not_picked":["PiercingWail+1","Quick Slash","Skewer"],"picked":"SKIP","floor":46},{"not_picked":["Dodge and Roll","Poisoned Stab","Sucker Punch"],"picked":"SKIP","floor":47},{"not_picked":["Dagger Spray+1","All Out Attack+1"],"picked":"Deflect+1","floor":48}],"player_experience":276320,"relics_obtained":[{"floor":7.0,"key":"Tiny Chest"},{"floor":9.0,"key":"MealTicket"},{"floor":13.0,"key":"Bag of Preparation"},{"floor":19.0,"key":"Meat on the Bone"},{"floor":21.0,"key":"InkBottle"},{"floor":23.0,"key":"Gremlin Horn"},{"floor":39,"key":"Blue Candle"},{"floor":41,"key":"Vajra"},{"floor":43,"key":"Pen Nib"},{"floor":44,"key":"Ginger"}],"event_choices":[{"damage_healed":0.0,"max_hp_gain":0.0,"max_hp_loss":0.0,"gold_gain":0.0,"event_name":"Living Wall","player_choice":"Grow","floor":2.0,"gold_loss":0.0,"damage_taken":0.0,"cards_upgraded":["Catalyst"]},{"cards_removed":["Strike_G"],"damage_healed":0.0,"max_hp_gain":0.0,"max_hp_loss":0.0,"gold_gain":0.0,"event_name":"Golden Wing","player_choice":"Card Removal","floor":4.0,"gold_loss":0.0,"damage_taken":7.0},{"damage_healed":0.0,"max_hp_gain":0.0,"max_hp_loss":0.0,"gold_gain":0.0,"cards_transformed":["Strike_G"],"event_name":"Transmorgrifier","player_choice":"Transformed","floor":10.0,"gold_loss":0.0,"damage_taken":0.0,"cards_obtained":["Slice"]},{"damage_healed":0.0,"max_hp_gain":0.0,"max_hp_loss":0.0,"gold_gain":0.0,"event_name":"Ghosts","player_choice":"Ignored","floor":20.0,"gold_loss":0.0,"damage_taken":0.0},{"damage_healed":0,"gold_gain":0,"player_choice":"Upgraded","damage_taken":0,"max_hp_gain":0,"max_hp_loss":0,"event_name":"Upgrade Shrine","floor":30,"gold_loss":0,"cards_upgraded":["Deflect"]},{"cards_removed":["Distraction"],"damage_healed":0,"gold_gain":0,"player_choice":"Removed Skill","damage_taken":0,"max_hp_gain":0,"max_hp_loss":0,"event_name":"Falling","floor":36,"gold_loss":0}],"is_beta":false,"boss_relics":[{"not_picked":["Calling Bell","SlaversCollar"],"picked":"Sozu"},{"not_picked":["Cursed Key","Busted Crown"],"picked":"Astrolabe"}],"items_purged_floors":[5],"is_endless":false,"potions_floor_spawned":[1,13,16,23,29,31,33,37,44,47],"killed_by":"Awakened One","ascension_level":2}}