{"host":"87fdiiwflhrwsj8a","time":1609881529,"event":{"mods":["Aspiration","BaseMod","Better Match","Better Third Choice","BetterRewards","Colored Map","Conspire","GifTheSpireLib","Infinite Spire","Minty Spire (QoL Compilation)","Quick Restart","Relic Sorter","Replay The Spire","Robot Space Explorer","StSLib","Stuff the Spire","The Alterego","The Cursed","The Jungle"],"gold_per_floor":[111,111,37,56,76,76,76,111,111,111,121,121,121,136,136,229,229,242,53,53,0,0],"floor_reached":21,"playtime":1490,"items_purged":[],"score":554,"play_id":"a635cc58-10ca-4b65-83ed-4b18b53ad398","local_time":"20210105161849","is_ascension_mode":true,"campfire_choices":[{"data":"Static Discharge","floor":6,"key":"SMITH"},{"floor":10,"key":"REST"},{"floor":15,"key":"REST"}],"circlet_count":0,"master_deck":["AscendersBane","Strike_B","Defend_B","Defend_B","Defend_B","Defend_B","Zap","Dualcast","Dramatic Entrance","Static Discharge+1","Loop+1","Gash","Scrape","Cold Snap","Meteor Strike","Beam Cell","Barrage","AscendersBane","Strike_B","Defend_B","Defend_B","Defend_B","Defend_B","Zap","Dualcast","Dramatic Entrance","Static Discharge+1","Loop+1","Gash","Scrape","Cold Snap","Meteor Strike","Beam Cell","Barrage"],"relics":["Cracked Core","Runic Capacitor","Shuriken","infinitespire:ShieldingShard","Anchor","Golden Idol","Replay:Drink Me","Oddly Smooth Stone"],"acts_visited":["Exordium","TheCity"],"potions_floor_usage":[16,16,18],"damage_taken":[{"damage":1,"enemies":"2 Louse","floor":1,"turns":3},{"damage":1,"enemies":"Cultist","floor":4,"turns":3},{"damage":2,"enemies":"Jaw Worm","floor":5,"turns":3},{"damage":35,"enemies":"3 Sentries","floor":8,"turns":6},{"damage":4,"enemies":"Lots of Slimes","floor":11,"turns":2},{"damage":0,"enemies":"Exordium Wildlife","floor":14,"turns":4},{"damage":24,"enemies":"Hexaghost","floor":16,"turns":7},{"damage":4,"enemies":"conspire:FuzzyDice","floor":18,"turns":7},{"damage":42,"enemies":"2 Thieves","floor":21,"turns":3}],"seed_played":"7613390340321965676","potions_obtained":[{"floor":1,"key":"SneckoOil"},{"floor":14,"key":"Energy Potion"},{"floor":16,"key":"Adrenaline Potion"},{"floor":18,"key":"Milkshake"}],"is_trial":false,"path_per_floor":["M","?","$","M","M","R","?","E","T","R","M","T","?","M","R","B",null,"M","$","?","M"],"character_chosen":"DEFECT","items_purchased":["Runic Capacitor","Dramatic Entrance","Static Discharge","Barrage","Oddly Smooth Stone"],"campfire_rested":2,"item_purchase_floors":[0,0,3,19,19],"current_hp_per_floor":[54,50,50,49,47,47,47,12,12,33,29,29,5,5,26,2,41,37,37,37,0,0],"gold":0,"neow_bonus":"","is_daily":false,"chose_seed":false,"campfire_upgraded":1,"win_rate":0.0,"timestamp":1609881529,"path_taken":["M","?","$","M","?","R","?","E","T","R","?","?","?","?","R","BOSS","M","$","?","M"],"items_purchased_type":["Relic","Card","Card","Card","Relic"],"build_version":"2020-12-22","purchased_purges":0,"victory":false,"max_hp_per_floor":[71,71,71,71,71,71,71,71,71,71,71,71,71,71,71,71,54,54,54,54,54,54],"card_choices":[{"not_picked":["Cold Snap","Go for the Eyes","Doom and Gloom"],"picked":"SKIP","floor":1},{"not_picked":["Barrage","Panic Button"],"picked":"Loop","floor":4},{"not_picked":["Sweeping Beam","StuffTheSpire:Coldhearted"],"picked":"Gash","floor":5},{"not_picked":["ReplayTheSpireMod:System Scan","Doom and Gloom"],"picked":"Scrape","floor":8},{"not_picked":["BasicCrystalCard","Turbo","StuffTheSpire:GlassShard"],"picked":"SKIP","floor":11},{"not_picked":["Stack","StuffTheSpire:LoadUp"],"picked":"Cold Snap","floor":14},{"not_picked":["Hyperbeam","Echo Form"],"picked":"Meteor Strike","floor":16},{"not_picked":["ReplayTheSpireMod:Calculation Training","Chill"],"picked":"Beam Cell","floor":18}],"player_experience":2626776,"relics_obtained":[{"floor":8,"key":"Shuriken"},{"floor":9,"key":"infinitespire:ShieldingShard"},{"floor":12,"key":"Anchor"}],"event_choices":[{"damage_healed":0,"gold_gain":0,"player_choice":"Bought 0 Potions","damage_taken":0,"max_hp_gain":0,"max_hp_loss":0,"event_name":"The Woman in Blue","floor":2,"gold_loss":0},{"damage_healed":0,"gold_gain":0,"player_choice":"Upgraded","damage_taken":0,"max_hp_gain":0,"max_hp_loss":0,"event_name":"Upgrade Shrine","floor":7,"gold_loss":0,"cards_upgraded":["Loop"]},{"damage_healed":0,"gold_gain":0,"player_choice":"Take Damage","damage_taken":24,"relics_obtained":["Golden Idol"],"max_hp_gain":0,"max_hp_loss":0,"event_name":"Golden Idol","floor":13,"gold_loss":0}],"is_beta":false,"boss_relics":[{"not_picked":["StuffTheSpire:Kangaroo","SacredBark"],"picked":"Replay:Drink Me"}],"items_purged_floors":[],"is_endless":false,"potions_floor_spawned":[1,14,16,18],"killed_by":"2 Thieves","ascension_level":20}}