{"host":"ewfe3cr33ktd9xzj","time":1609805237,"event":{"mods":["AchievementEnabler","BaseMod","Colored Map","Custom Start","DeckTracker","Minty Spire (QoL Compilation)","Rare Cards Sparkle","StSLib","everything is the same but u backflip on backflip"],"gold_per_floor":[119,133,133,208,208,208,226,257,257,268,33,33,45,77,77,77,77],"floor_reached":16,"playtime":242,"items_purged":["Strike_G"],"score":220,"play_id":"d0e1b49c-d1e5-413e-917c-8d4984071797","local_time":"20210105090717","is_ascension_mode":true,"campfire_choices":[{"data":"Neutralize","floor":6.0,"key":"SMITH"},{"floor":12.0,"key":"REST"},{"data":"Acrobatics","floor":15.0,"key":"SMITH"}],"circlet_count":0,"master_deck":["AscendersBane","Strike_G","Strike_G","Strike_G","Strike_G","Defend_G","Defend_G","Defend_G","Defend_G","Defend_G","Survivor+1","Neutralize+1","Eviscerate+1","Well Laid Plans","Quick Slash","Acrobatics+1","Flechettes","Dagger Throw","Grand Finale","Grand Finale","Dagger Throw"],"relics":["Ring of the Snake","NeowsBlessing","Prayer Wheel","TungstenRod","Blue Candle","MealTicket"],"acts_visited":["Exordium"],"potions_floor_usage":[],"damage_taken":[{"damage":0.0,"enemies":"Jaw Worm","floor":1.0,"turns":1.0},{"damage":0.0,"enemies":"2 Louse","floor":2.0,"turns":1.0},{"damage":0.0,"enemies":"Small Slimes","floor":7.0,"turns":1.0},{"damage":6.0,"enemies":"Gremlin Nob","floor":8.0,"turns":3.0},{"damage":0.0,"enemies":"Exordium Thugs","floor":10.0,"turns":4.0},{"damage":0.0,"enemies":"2 Fungi Beasts","floor":13.0,"turns":3.0},{"damage":9.0,"enemies":"Lagavulin","floor":14.0,"turns":6.0},{"damage":0,"enemies":"Slime Boss","floor":16,"turns":1}],"seed_played":"8186579356083722914","potions_obtained":[{"floor":1.0,"key":"Strength Potion"},{"floor":2.0,"key":"SkillPotion"},{"floor":8.0,"key":"DistilledChaos"},{"floor":13.0,"key":"Regen Potion"}],"is_trial":false,"path_per_floor":["M","M","?","?","?","R","M","E","T","M","$","R","M","E","R","B"],"character_chosen":"THE_SILENT","items_purchased":["Grand Finale"],"campfire_rested":1,"item_purchase_floors":[11],"current_hp_per_floor":[59,59,39,28,23,23,23,17,17,17,17,36,36,42,42,42,42],"gold":77,"neow_bonus":"THREE_ENEMY_KILL","is_daily":false,"chose_seed":false,"campfire_upgraded":2,"win_rate":0.0,"timestamp":1609805237,"path_taken":["M","M","?","?","?","R","M","E","T","M","$","R","M","E","R","BOSS"],"items_purchased_type":["Card"],"build_version":"2020-12-22","purchased_purges":1,"victory":false,"max_hp_per_floor":[66,66,66,66,66,66,66,66,66,66,66,66,66,66,66,66,66],"card_choices":[{"not_picked":["Dagger Spray","Acrobatics"],"picked":"Eviscerate","floor":1.0},{"not_picked":["Crippling Poison","Outmaneuver","Underhanded Strike"],"picked":"SKIP","floor":2.0},{"not_picked":["Dagger Throw","Quick Slash"],"picked":"Well Laid Plans","floor":7.0},{"not_picked":["Deadly Poison","Blade Dance"],"picked":"Quick Slash","floor":7.0},{"not_picked":["Cloak And Dagger","Underhanded Strike"],"picked":"Acrobatics","floor":8.0},{"not_picked":["All Out Attack","Well Laid Plans"],"picked":"Flechettes","floor":10.0},{"not_picked":["Dagger Throw","Deflect","Prepared"],"picked":"SKIP","floor":10.0},{"not_picked":["Deflect","Prepared"],"picked":"Dagger Throw","floor":10.0},{"not_picked":["Poisoned Stab","Acrobatics"],"picked":"Grand Finale","floor":13.0},{"not_picked":["Cloak And Dagger","Infinite Blades"],"picked":"Dagger Throw","floor":13.0},{"not_picked":["Slice","Flechettes","Heel Hook"],"picked":"SKIP","floor":14.0}],"player_experience":16454,"relics_obtained":[{"floor":8.0,"key":"TungstenRod"},{"floor":9.0,"key":"Blue Candle"},{"floor":14.0,"key":"MealTicket"}],"event_choices":[{"damage_healed":0.0,"max_hp_gain":0.0,"max_hp_loss":0.0,"gold_gain":0.0,"event_name":"Shining Light","player_choice":"Entered Light","floor":3.0,"gold_loss":0.0,"damage_taken":20.0,"cards_upgraded":["Eviscerate","Survivor"]},{"damage_healed":0.0,"max_hp_gain":0.0,"max_hp_loss":0.0,"gold_gain":75.0,"event_name":"World of Goop","player_choice":"Gather Gold","floor":4.0,"gold_loss":0.0,"damage_taken":11.0},{"damage_healed":0.0,"max_hp_gain":0.0,"max_hp_loss":0.0,"gold_gain":0.0,"event_name":"Scrap Ooze","player_choice":"Success","floor":5.0,"gold_loss":0.0,"damage_taken":5.0,"relics_obtained":["Prayer Wheel"]}],"is_beta":false,"boss_relics":[],"items_purged_floors":[11],"is_endless":false,"potions_floor_spawned":[1,2,8,13],"killed_by":"Slime Boss","ascension_level":20}}