{"host":"p4zclu0beiy6gkiq","time":1609859861,"event":{"mods":["AchievementEnabler","BaseMod","Bestiary","Colored Map","Colored Powertips","DeckTracker","Minty Spire (QoL Compilation)","Quick Restart","StSLib","SuperFastMode","The Cursed"],"gold_per_floor":[111,186,202,202,202,227,247,276,303,317,317,331,331,342,342,438,438,457,457,475,96,96,96,96],"floor_reached":23,"playtime":1516,"items_purged":["Defend_R"],"score":241,"play_id":"ecc7f4e3-c35b-4918-8613-2c88e5b6dbe7","local_time":"20210106001741","is_ascension_mode":true,"campfire_choices":[{"data":"Bash","floor":11.0,"key":"SMITH"},{"data":"Iron Wave","floor":13.0,"key":"SMITH"},{"data":"Inflame","floor":15.0,"key":"SMITH"}],"circlet_count":0,"master_deck":["Strike_R","Strike_R","Strike_R","Strike_R","Strike_R","Defend_R","Defend_R","Defend_R","Bash+1","Cleave","Hemokinesis","Iron Wave+1","Disarm","Fire Breathing","Seeing Red","Inflame+1","Exhume","Hemokinesis","RitualDagger","Seeing Red","Pummel","Offering"],"relics":["Velvet Choker","PrismaticShard","Omamori"],"acts_visited":["Exordium","TheCity"],"potions_floor_usage":[23],"damage_taken":[{"damage":2.0,"enemies":"Jaw Worm","floor":1.0,"turns":3.0},{"damage":0.0,"enemies":"Small Slimes","floor":3.0,"turns":2.0},{"damage":29.0,"enemies":"Lagavulin","floor":6.0,"turns":4.0},{"damage":0.0,"enemies":"2 Louse","floor":7.0,"turns":2.0},{"damage":19.0,"enemies":"3 Sentries","floor":8.0,"turns":6.0},{"damage":2.0,"enemies":"Gremlin Gang","floor":10.0,"turns":3.0},{"damage":2.0,"enemies":"Looter","floor":12.0,"turns":3.0},{"damage":4.0,"enemies":"Exordium Thugs","floor":14.0,"turns":4.0},{"damage":7.0,"enemies":"The Guardian","floor":16.0,"turns":7.0},{"damage":23.0,"enemies":"Chosen","floor":18.0,"turns":5.0},{"damage":10.0,"enemies":"3 Byrds","floor":20.0,"turns":6.0},{"damage":42,"enemies":"Slavers","floor":23,"turns":2}],"seed_played":"6951214375986487590","potions_obtained":[{"floor":5.0,"key":"GamblersBrew"},{"floor":5.0,"key":"EntropicBrew"},{"floor":5.0,"key":"ColorlessPotion"},{"floor":6.0,"key":"Dexterity Potion"},{"floor":8.0,"key":"DuplicationPotion"},{"floor":10.0,"key":"BlessingOfTheForge"},{"floor":14.0,"key":"DuplicationPotion"},{"floor":18.0,"key":"Explosive Potion"}],"is_trial":false,"path_per_floor":["M","?","M","?","?","E","M","E","T","M","R","M","R","M","R","B",null,"M","?","M","$","?","E"],"character_chosen":"IRONCLAD","items_purchased":["PrismaticShard","Omamori"],"campfire_rested":0,"item_purchase_floors":[21,21],"current_hp_per_floor":[78,67,67,67,67,38,38,19,19,17,17,15,15,11,11,4,80,57,51,41,41,41,0,0],"gold":96,"neow_bonus":"BOSS_RELIC","is_daily":false,"chose_seed":false,"campfire_upgraded":3,"win_rate":0.0,"timestamp":1609859861,"path_taken":["M","?","M","?","?","E","M","E","T","M","R","?","R","M","R","BOSS","M","?","M","$","?","E"],"items_purchased_type":["Relic","Relic"],"build_version":"2020-12-22","purchased_purges":1,"victory":false,"max_hp_per_floor":[80,80,80,80,80,80,80,80,80,80,80,80,80,80,80,80,80,80,80,80,80,80,80,80],"card_choices":[{"not_picked":["Pommel Strike","Clash"],"picked":"Cleave","floor":1.0},{"not_picked":["Clothesline","Warcry"],"picked":"Hemokinesis","floor":3.0},{"not_picked":["Sentinel","Clash"],"picked":"Iron Wave","floor":6.0},{"not_picked":["Dropkick","Intimidate"],"picked":"Disarm","floor":7.0},{"not_picked":["Burning Pact","Heavy Blade"],"picked":"Fire Breathing","floor":8.0},{"not_picked":["True Grit","Flame Barrier"],"picked":"Seeing Red","floor":10.0},{"not_picked":["Ghostly Armor","Wild Strike"],"picked":"Inflame","floor":12.0},{"not_picked":["Armaments","True Grit","Anger"],"picked":"SKIP","floor":14.0},{"not_picked":["Barricade","Berserk"],"picked":"Exhume","floor":16.0},{"not_picked":["Armaments","Wild Strike"],"picked":"Hemokinesis","floor":18.0},{"not_picked":["Flex","Dark Embrace"],"picked":"Seeing Red","floor":20.0}],"player_experience":249532,"relics_obtained":[],"event_choices":[{"damage_healed":0.0,"max_hp_gain":0.0,"max_hp_loss":0.0,"gold_gain":75.0,"event_name":"World of Goop","player_choice":"Gather Gold","floor":2.0,"gold_loss":0.0,"damage_taken":11.0},{"damage_healed":0.0,"max_hp_gain":0.0,"max_hp_loss":0.0,"gold_gain":0.0,"event_name":"Golden Idol","player_choice":"Ignored","floor":4.0,"gold_loss":0.0,"damage_taken":0.0},{"damage_healed":0.0,"max_hp_gain":0.0,"max_hp_loss":0.0,"gold_gain":0.0,"event_name":"Lab","player_choice":"Got Potions","floor":5.0,"gold_loss":0.0,"damage_taken":0.0},{"damage_healed":0.0,"max_hp_gain":0.0,"max_hp_loss":0.0,"gold_gain":0.0,"event_name":"Nest","player_choice":"Joined the Cult","floor":19.0,"gold_loss":0.0,"damage_taken":6.0,"cards_obtained":["RitualDagger"]},{"damage_healed":0.0,"max_hp_gain":0.0,"max_hp_loss":0.0,"gold_gain":0.0,"event_name":"Match and Keep!","player_choice":"2 cards matched","floor":22.0,"gold_loss":0.0,"damage_taken":0.0,"cards_obtained":["Pummel","Offering"]}],"is_beta":false,"boss_relics":[{"not_picked":["SacredBark","Pandora\u0027s Box","Runic Pyramid"]}],"items_purged_floors":[21],"is_endless":false,"potions_floor_spawned":[6,8,10,12,14,18],"killed_by":"Slavers","ascension_level":4}}