{"host":"pno9h1fupbyz205f","time":1609808983,"event":{"mods":["BaseMod","Better Altar","Better Match","Better Note","Better Sensory Stone","Better Skull","Better Third Choice","Colored Map","Colored Powertips","Conspire","Hubris","Infinite Spire","Jedi Mod","Mad Scientist","Marisa????????","Minty Spire (QoL Compilation)","Permanent Neow","Potionbrewer","Replay The Spire","Shop Mod","StSLib","The Gatherer","The Hierophant","The Poker Player","The Runesmith","The Servant 0.9.4","thorton","vexMod"],"gold_per_floor":[121,46,11,11,64,64,82,107,130,130,135,135,135],"floor_reached":11,"playtime":410,"items_purged":["Normality"],"score":61,"play_id":"0ae6d765-c6fe-4961-9446-a1a277180ff7","local_time":"20210104170943","is_ascension_mode":false,"campfire_choices":[{"floor":6,"key":"REST"},{"floor":10,"key":"REST"}],"circlet_count":0,"master_deck":["thethorton:Strike","thethorton:Strike","thethorton:Strike","thethorton:Strike","thethorton:Defend","thethorton:Defend","thethorton:Defend","thethorton:Defend","thethorton:Heckle","thethorton:CreditCard","thethorton:ChartProject","thethorton:BusinessCard","thethorton:BusinessCard","thethorton:BusinessBash"],"relics":["hubris:HollowSoul","Tiny Chest","MealTicket"],"acts_visited":["Exordium"],"potions_floor_usage":[11],"damage_taken":[{"damage":16,"enemies":"Cultist","floor":1,"turns":5},{"damage":63,"enemies":"conspire:MimicChest","floor":5,"turns":15},{"damage":0,"enemies":"2 Louse","floor":7,"turns":4},{"damage":0,"enemies":"Small Slimes","floor":8,"turns":4},{"damage":41,"enemies":"Lagavulin","floor":11,"turns":13}],"seed_played":"-7445031055584807761","potions_obtained":[{"floor":7,"key":"potionbrewer:EndurancePotion"}],"is_trial":false,"path_per_floor":["M","$","?","?","?","R","M","M","T","R","E"],"character_chosen":"THE_THORT","items_purchased":[],"campfire_rested":2,"item_purchase_floors":[],"current_hp_per_floor":[52,52,68,68,5,25,25,25,25,45,4,4,4],"gold":135,"neow_bonus":"BOSS_RELIC","is_daily":false,"chose_seed":false,"campfire_upgraded":0,"win_rate":0.0,"timestamp":1609808983,"path_taken":["M","$","?","?","?","R","M","M","T","R","E"],"items_purchased_type":[],"build_version":"2020-12-22","purchased_purges":1,"victory":false,"max_hp_per_floor":[68,68,68,68,68,68,68,68,68,68,68,68,68],"card_choices":[{"not_picked":["thethorton:BusinessBoom","thethorton:DualBap"],"picked":"thethorton:ChartProject","floor":1},{"not_picked":["thethorton:HitAhead","thethorton:FearfulRun"],"picked":"thethorton:BusinessCard","floor":5},{"not_picked":["thethorton:WhirlingBriefcase","thethorton:ShoutAndRun"],"picked":"thethorton:BusinessBash","floor":7},{"not_picked":["thethorton:GoldBuffer","thethorton:ElbowSmash","thethorton:BookBash"],"picked":"SKIP","floor":8}],"player_experience":97126,"relics_obtained":[{"floor":5,"key":"Tiny Chest"},{"floor":9,"key":"MealTicket"}],"event_choices":[{"damage_healed":17,"gold_gain":0,"player_choice":"Healed","damage_taken":0,"max_hp_gain":0,"max_hp_loss":0,"event_name":"The Cleric","floor":3,"gold_loss":35}],"is_beta":false,"boss_relics":[],"items_purged_floors":[2],"is_endless":false,"potions_floor_spawned":[7],"killed_by":"Lagavulin","ascension_level":0}}