{"host":"avq773cl9g5msfol","time":1609842899,"event":{"mods":["100% Spire Juice","AchievementEnabler","Act Like it!","Ascension Unlocker","Aspiration","Astrologer","Bard","Bartender","BaseMod","Better Altar","Better Third Choice","BetterRewards","CapriCore","ChefMod","Colored Map","Colored Powertips","Conspire","Dio Mod","Downfall","Elementarium","Energized Spire","Gensokyo","GifTheSpireLib","GungeonMod","Hallownest","Hermit","Highlight Path","Hubris","Humility","Infinite Spire","Jorbs\u0027s Wanderer Trilogy","Koishi","Magitek Elite","Marisa????????","Marked Mod","Menagerie","Minty Spire (QoL Compilation)","Pale of the Ancients","Potionbrewer","Quarter Circle Forward PUNCH!","Rare Cards Sparkle","Reimu??????","Relic Stats","Remilia??????","Replay The Spire","SacredBarkPlus","Shade Mod","Somnambulant","Spicy Shops","StSLib","Synergy Search","The Administrix","The Blue Laboratory","The Bug Knight","The Construct","The Cursed","The Disciple","The Dragon Tamer","The Exalted","The Hayseed","The Hierophant","The Immortal","The Judge","The Marked","The Mystic","The Problem Sleuth","The Runesmith","The Senshi","The Vixen","The Wild Card","TheArtist","TheFirefly","Wandering Minibosses","vexMod"],"gold_per_floor":[116,116,130,145,158,186,186,211,211,227,227,227,227,253,253,331,331,351,351,376,376,294,294,299,299,299,333,347,367,367,384,384,461,461,481,481,495,495,495,511,511,544,544,544,554,554,582,593,593,593,593],"floor_reached":52,"playtime":3993,"items_purged":[],"score":3242,"play_id":"290f1881-2f95-4a7c-b17b-be2401ac6111","local_time":"20210105173459","is_ascension_mode":true,"campfire_choices":[{"data":"UpSweep","floor":7,"key":"SMITH"},{"floor":15,"key":"REST"},{"data":"IllusionStar","floor":23,"key":"SMITH"},{"floor":25,"key":"REST"},{"floor":49,"key":"REST"}],"circlet_count":0,"master_deck":["AscendersBane","MasterSpark+1","UpSweep+1","MachineGunSpark+1","ShootTheMoon+1","MeteoricShower+1","ManaRampage+1","PulseMagic+1","JA+1","GravityBeat+1","Acceleration+1","MilkyWay+1","expansioncontent:Collect+1","GalacticHalo+1","AsteroidBelt+1","GasGiant+1","6A+1","CasketOfStar+1","Parasite","Parasite","MysteriousBeam+1","AbsoluteMagnitude+1","StarDustReverie+1","SatelliteIllusion+1","IllusionStar+1","Shame","TreasureHunter+1","EscapeVelocity+1","MaximisePower+1","Gensokyo:UnhurriedMind+1","SuperNova+1","FinalSpark+1","BinaryStars+1"],"relics":["MiniHakkero","Golden Egg","Quantum Egg","HornCleat","HandDrill","hubris:SlimyHat","infinitespire:Beetle Shell","Membership Card","Vajra","HollowMod:JonisBlessing","Ribbon","Replay:Rubber Ducky","aspiration:PocketMushroom","hubris:EmptyBottle","SimpleLauncher","infinitespire:ShieldingShard","ShroomBag","DemoMod:SevenLeafClover","Mirror","ReplayFunnel","Replay:Bottled Steam","Pondfish Scales","CaptainsWheel","Replay:Grab Bag","Replay:Bronze Core","infinitespire:Cupcake","Silver_Glasses","DemoMod:GlassGuonStoneRelic","aspiration:ChemicalBlood","PreservedInsect","DemoMod:Antibody","DemoMod:WhiteGuonStone","Cleaning_Rag","aspiration:ArtOfWarUpgrade","construct:ClawGrip","wanderingMiniBosses:AbyssPearl","qcfpunch:Wild_Herbs_Ointment","hubris:BundleOfHerbs","Regal Pillow","qcfpunch:Unceasing_Flame","aspiration:Legacy_Headhunter","aspiration:AnachronicSnailShell","Question Card","infinitespire:Bottled Soul"],"acts_visited":["Menagerie:Menagerie","TheCity","Gensokyo:Gensokyoest"],"potions_floor_usage":[27,31,31,31,31,31,35,39,39,39,39,47,51],"damage_taken":[{"damage":0,"enemies":"Menagerie:MonstrousExperiment","floor":1,"turns":1},{"damage":0,"enemies":"Menagerie:StygianBoar","floor":3,"turns":1},{"damage":0,"enemies":"Menagerie:WhisperingWraith","floor":5,"turns":3},{"damage":0,"enemies":"Menagerie:Hydra","floor":6,"turns":1},{"damage":0,"enemies":"Menagerie:MaskedSummoner","floor":8,"turns":4},{"damage":0,"enemies":"Menagerie:BEAST_MAGE_AND_PROWLING_AMALGAM","floor":10,"turns":3},{"damage":0,"enemies":"Menagerie:VoidReaper","floor":14,"turns":3},{"damage":0,"enemies":"Menagerie:AVATARS","floor":16,"turns":3},{"damage":0,"enemies":"Shell Parasite","floor":18,"turns":2},{"damage":0,"enemies":"Gremlin Leader","floor":24,"turns":3},{"damage":0,"enemies":"Slavers","floor":27,"turns":3},{"damage":0,"enemies":"2 Thieves","floor":28,"turns":2},{"damage":0,"enemies":"Sentry and Sphere","floor":29,"turns":3},{"damage":0,"enemies":"conspire:HollyBat","floor":31,"turns":5},{"damage":0,"enemies":"Automaton","floor":33,"turns":2},{"damage":0,"enemies":"Gensokyo:3_Boulders","floor":35,"turns":4},{"damage":0,"enemies":"Gensokyo:AncientGuardian","floor":37,"turns":2},{"damage":0,"enemies":"Gensokyo:AncientGuardian","floor":39,"turns":4},{"damage":0,"enemies":"Gensokyo:4_Bats","floor":40,"turns":3},{"damage":0,"enemies":"Gensokyo:Kasen","floor":42,"turns":5},{"damage":0,"enemies":"Gensokyo:AtlasGolem","floor":45,"turns":1},{"damage":0,"enemies":"Gensokyo:Marisa","floor":47,"turns":3},{"damage":0,"enemies":"Gensokyo:Dusk_and_Dawn","floor":48,"turns":2},{"damage":0,"enemies":"Gensokyo:Scarlet_Devils","floor":50,"turns":2},{"damage":0,"enemies":"Gensokyo:Yuyuko","floor":51,"turns":4}],"seed_played":"2959229225510386055","potions_obtained":[{"floor":28,"key":"blueLaboratory:BottledHope"},{"floor":47,"key":"DemoMod:LeadSkinPotion"},{"floor":48,"key":"FairyPotion"}],"is_trial":false,"path_per_floor":["M","$","M","?","M","E","R","E","T","M","?","?","?","E","R","B",null,"M","?","T","?","$","R","E","R","T","E","M","M","?","M","R","B",null,"M","?","M","?","?","M","T","E","T","R","M","?","E","M","R","B","B",null],"character_chosen":"MARISA","items_purchased":["MilkyWay","HornCleat","HandDrill","hubris:SlimyHat","infinitespire:Beetle Shell","expansioncontent:Collect","GalacticHalo","Membership Card","Vajra","HollowMod:JonisBlessing","BottledSpark","Ribbon","Replay:Rubber Ducky","AsteroidBelt","aspiration:PocketMushroom","GasGiant","hubris:EmptyBottle","Swift Potion","6A","SimpleLauncher","infinitespire:ShieldingShard","CasketOfStar","ShroomBag","DemoMod:SevenLeafClover","MysteriousBeam","Mirror","PreservedInsect"],"campfire_rested":3,"item_purchase_floors":[0,0,0,0,0,0,0,0,0,0,0,0,0,0,0,0,0,0,0,0,0,0,0,0,0,0,22],"current_hp_per_floor":[63,63,63,63,63,63,63,63,63,63,66,66,66,66,73,73,73,73,73,73,73,73,73,73,73,73,73,73,73,73,73,73,73,73,73,59,59,59,59,59,59,59,59,59,59,23,23,23,59,59,59],"gold":593,"neow_bonus":"","is_daily":false,"chose_seed":false,"campfire_upgraded":2,"win_rate":0.0,"timestamp":1609842899,"path_taken":["M","?","M","?","M","E","R","E","T","M","?","?","?","E","R","BOSS","M","?","?","?","?","R","E","R","T","E","M","?","?","M","R","BOSS","M","?","M","?","?","?","?","E","T","R","M","?","E","M","R","BOSS","BOSS"],"items_purchased_type":["Card","Relic","Relic","Relic","Relic","Card","Card","Relic","Relic","Relic","Potion","Relic","Relic","Card","Relic","Card","Relic","Potion","Card","Relic","Relic","Card","Relic","Relic","Card","Relic","Relic"],"build_version":"2020-12-22","purchased_purges":0,"victory":true,"max_hp_per_floor":[70,70,70,70,70,70,70,70,70,70,73,73,73,73,73,73,73,73,73,73,73,73,73,73,73,73,73,73,73,73,73,73,73,73,73,73,73,73,73,73,73,73,73,73,73,73,73,73,73,73,73],"relic_stats":{"Regal Pillow":15,"counters":[195,589],"PreservedInsect":478,"HandDrill":[46],"Question Card":3,"obtain_stats":[{"construct:FoamFinger":0,"downfall:HeartBlessingGreen":35,"qcfpunch:Red_Beret":35,"Replay:Wanted Poster":34,"vexMod:InvisibilityCloak":0,"infinitespire:ShieldingShard":0,"qcfpunch:Lotus_Statue":24,"Replay:Bronze Core":17,"HandDrill":0,"Replay:Bottled Steam":8,"HollowMod:QueensCombRelic":12,"DemoMod:OrangeGuonStone":23,"Akabeko":45,"potionbrewer:Torch":38,"vexMod:GhostlyGear":0,"infinitespire:Broken Mirror":4,"Bird Faced Urn":46,"Tintinnabulum":12,"Snecko Eye":24,"MiniHakkero":0,"Regal Pillow":42,"Bromod:ArcanePistoleer":23,"hubris:EmptyBottle":0,"Ancient Tea Set":41,"Gensokyo:PortableGap":17,"Pet Ghost":3,"Cleaning_Rag":27,"qcfpunch:Wild_Herbs_Ointment":41,"hubris:Backtick":34,"infinitespire:Bottled Soul":47,"aspiration:AnachronicSnailShell":46,"Toolbox":37,"energizedSpire:HugeHouse":17,"aspiration:FutureDiary":0,"Guardian:BottledAnomaly":0,"InkBottle":52,"aspiration:ChemicalBlood":20,"Potion Belt":31,"DemoMod:Antibody":26,"PreservedInsect":4,"hexamod:InflammatoryLetter":41,"infinitespire:Lucky Rock":13,"hubris:Towel":29,"Ornamental Fan":22,"Slimebound:AbsorbEndCombat":0,"Garlic":26,"Art of War":27,"infinitespire:Midas Blood":43,"Ice Cream":0,"DemoMod:BlueGuonStone":0,"Calipers":0,"Gremlin Horn":40,"DemoMod:GlassGuonStoneRelic":2,"theSenshi:FeatherClipsRelic":13,"DemoMod:RiddleOfLead":17,"qcfpunch:Unceasing_Flame":43,"DemoMod:MonsterBlood":42,"DemoMod:ClearGuonStone":0,"hexamod:SpiritBrand":0,"Replay:Grab Bag":17,"hexamod:TheBrokenSeal":3,"wanderingMiniBosses:MasterThiefsPresence":13,"hubris:FruitBowl":3,"potionbrewer:BhaskarasWheel":17,"vexMod:PaidLearning":0,"hexamod:MatchstickCase":8,"OrangePellets":29,"PaintedHorse:ReiMu":4,"infinitespire:EmpoweringShard":0,"aspiration:HatOfInfinitePower":11,"Mirror":0,"Enchiridion":4,"Juzu Bracelet":41,"Empty Cage":5,"DemoMod:SevenLeafClover":26,"hubris:Icosahedron":19,"downfall:HeartBlessingBlue":18,"downfall:KnowingSkull":20,"TheVixenMod:UmbreonRelic":37,"SimpleLauncher":0,"qcfpunch:Army_Boots":26,"vexMod:FocusSash":30,"Medical Kit":14,"ShroomBag":0,"Pondfish Scales":0,"wanderingMiniBosses:CarrionFlame":22,"hubris:BundleOfHerbs":41,"Bag of Marbles":43,"Membership Card":0,"DemoMod:WaxWing":17,"potionbrewer:Keyblade":19,"hexamod:IceCube":34,"RuthlessExorcism:ReiMu":25,"Moonworks:BrokenBomb":0,"Golden Egg":1,"Bromod:ArcaneNullifier":43,"wanderingMiniBosses:OtherGremlinHorn":4,"Ginger":29,"Old Coin":41,"aspiration:PoetsPen":34,"Ribbon":0,"vexMod:EndlessSickness":34,"construct:RocketBooster":0,"HollowMod:JonisBlessing":53,"aspiration:FrozenJewel":14,"Elementarium:GoldenMirage":20,"DemoMod:GundromedaStrain":48,"Elementarium:ElementariumTrophy":33,"Pandora\u0027s Box":4,"MysticCrockPot":0,"hubris:TenFootPole":14,"infinitespire:Cupcake":34,"qcfpunch:Spiky_Bracers":0,"aspiration:Lifesprig":7,"Moonworks:GoldenDie":0,"hierophant:PropheticMaskRelic":3,"Blue Doll":10,"wanderingMiniBosses:AbyssPearl":15,"Cursed Key":17,"White_Cape":26,"Gensokyo:LunaticRedEyes":4,"hubris:EvacipatedBox":3,"Replay:Rubber Ducky":39,"Silver_Glasses":17,"WingedGreaves":4,"construct:ClawGrip":34,"Slimebound:SelfDamagePreventRelic":22,"downfall:HeartBlessingRed":18,"DemoMod:WeirdEgg":0,"Thread and Needle":0,"The Courier":6,"infinitespire:CheckeredPen":8,"aspiration:PocketMushroom":0,"PureWhite:ReiMu":0,"CrazyTorch:ReiMu":45,"ReplayTheSpireMod:Lightbulb":37,"hubris:CrystalStatue":34,"Tea:ReiMu":24,"Vajra":12,"HornCleat":0,"Mastiff:ReiMu":0,"qcfpunch:Red_Gi":38,"aspiration:ArtOfWarUpgrade":44,"conspire:Dentures":41,"Guardian:BottledStasis":0,"Happy Flower":0,"aspiration:Nostalgia":3,"Dead Branch":0,"Oddly Smooth Stone":44,"Guardian:ModeShifter":0,"infinitespire:Beetle Shell":0,"conspire:Boomerang":42,"War Paint":40,"Question Card":0,"Replay:Baseball":28,"Shuriken":0,"energizedSpire:NeverEndingSparkler":17,"Bronze Scales":26,"Moonworks:Homemark":0,"ReplayTheSpireMod:TigerMarble":7,"Grinning Jar":21,"Meat on the Bone":9,"Bromod:ArcaneAvenger":44,"ReplayFunnel":6,"theSenshi:SuperSailorFukuRelic":0,"SlipperyGoo":0,"qcfpunch:Not_Strongest_Fighting_Style_Guidebook":41,"Incense Burner":0,"hubris:SlimyHat":0,"Hallownest:DreamNailRelic":8,"DemoMod:WhiteGuonStone":40,"ClockworkSouvenir":45,"Frozen Eye":25,"Genji_Glove":26,"qcfpunch:Wrestler\u0027s_Cloak":39,"Bromod:ArcaneGuardian":26,"aspiration:Legacy_Headhunter":43,"Gremlin Food":0,"hubris:DisguiseKit":45,"BargainBundle":28,"ReplayTheSpireMod:Ninjato":22,"Replay:Towering Pillar of Hats":0,"aspiration:FetidBarrel":0,"Quantum Egg":1,"vexMod:ConsolationPrize":24,"qcfpunch:White_Boots":0,"theWildCard:VelvetContract":0,"Golden_Hairpin":34,"CaptainsWheel":0,"Anchor":0,"Chronometer":0,"vexMod:HeadHunter":0,"qcfpunch:Red_Headband":24},{"construct:FoamFinger":123,"downfall:HeartBlessingGreen":93,"qcfpunch:Red_Beret":43,"Replay:Wanted Poster":93,"vexMod:InvisibilityCloak":25,"infinitespire:ShieldingShard":170,"qcfpunch:Lotus_Statue":86,"Replay:Bronze Core":178,"HandDrill":170,"Replay:Bottled Steam":175,"HollowMod:QueensCombRelic":158,"DemoMod:OrangeGuonStone":12,"Akabeko":147,"potionbrewer:Torch":45,"vexMod:GhostlyGear":149,"infinitespire:Broken Mirror":2,"Bird Faced Urn":98,"Tintinnabulum":7,"Snecko Eye":113,"MiniHakkero":170,"Regal Pillow":190,"Bromod:ArcanePistoleer":37,"hubris:EmptyBottle":25,"Ancient Tea Set":45,"Gensokyo:PortableGap":60,"Pet Ghost":27,"Cleaning_Rag":181,"qcfpunch:Wild_Herbs_Ointment":189,"hubris:Backtick":43,"infinitespire:Bottled Soul":192,"aspiration:AnachronicSnailShell":191,"Toolbox":68,"energizedSpire:HugeHouse":134,"aspiration:FutureDiary":0,"Guardian:BottledAnomaly":51,"InkBottle":101,"aspiration:ChemicalBlood":179,"Potion Belt":41,"DemoMod:Antibody":180,"PreservedInsect":27,"hexamod:InflammatoryLetter":96,"infinitespire:Lucky Rock":57,"hubris:Towel":89,"Ornamental Fan":11,"Slimebound:AbsorbEndCombat":0,"Garlic":39,"Art of War":181,"infinitespire:Midas Blood":146,"Ice Cream":51,"DemoMod:BlueGuonStone":25,"Calipers":153,"Gremlin Horn":189,"DemoMod:GlassGuonStoneRelic":1,"theSenshi:FeatherClipsRelic":109,"DemoMod:RiddleOfLead":60,"qcfpunch:Unceasing_Flame":190,"DemoMod:MonsterBlood":69,"DemoMod:ClearGuonStone":25,"hexamod:SpiritBrand":51,"Replay:Grab Bag":178,"hexamod:TheBrokenSeal":53,"wanderingMiniBosses:MasterThiefsPresence":133,"hubris:FruitBowl":154,"potionbrewer:BhaskarasWheel":9,"vexMod:PaidLearning":123,"hexamod:MatchstickCase":54,"OrangePellets":40,"PaintedHorse:ReiMu":151,"infinitespire:EmpoweringShard":51,"aspiration:HatOfInfinitePower":56,"Mirror":170,"Enchiridion":125,"Juzu Bracelet":21,"Empty Cage":76,"DemoMod:SevenLeafClover":39,"hubris:Icosahedron":84,"downfall:HeartBlessingBlue":84,"downfall:KnowingSkull":10,"TheVixenMod:UmbreonRelic":143,"SimpleLauncher":170,"qcfpunch:Army_Boots":39,"vexMod:FocusSash":139,"Medical Kit":133,"ShroomBag":170,"Pondfish Scales":25,"wanderingMiniBosses:CarrionFlame":162,"hubris:BundleOfHerbs":189,"Bag of Marbles":71,"Membership Card":51,"DemoMod:WaxWing":34,"potionbrewer:Keyblade":60,"hexamod:IceCube":67,"RuthlessExorcism:ReiMu":63,"Moonworks:BrokenBomb":149,"Golden Egg":0,"Bromod:ArcaneNullifier":120,"wanderingMiniBosses:OtherGremlinHorn":2,"Ginger":15,"Old Coin":45,"aspiration:PoetsPen":18,"Ribbon":51,"vexMod:EndlessSickness":117,"construct:RocketBooster":74,"HollowMod:JonisBlessing":101,"aspiration:FrozenJewel":133,"Elementarium:GoldenMirage":113,"DemoMod:GundromedaStrain":23,"Elementarium:ElementariumTrophy":117,"Pandora\u0027s Box":2,"MysticCrockPot":123,"hubris:TenFootPole":32,"infinitespire:Cupcake":167,"qcfpunch:Spiky_Bracers":51,"aspiration:Lifesprig":28,"Moonworks:GoldenDie":153,"hierophant:PropheticMaskRelic":104,"Blue Doll":130,"wanderingMiniBosses:AbyssPearl":83,"Cursed Key":84,"White_Cape":113,"Gensokyo:LunaticRedEyes":53,"hubris:EvacipatedBox":154,"Replay:Rubber Ducky":68,"Silver_Glasses":178,"WingedGreaves":53,"construct:ClawGrip":185,"Slimebound:SelfDamagePreventRelic":11,"downfall:HeartBlessingRed":84,"DemoMod:WeirdEgg":51,"Thread and Needle":149,"The Courier":127,"infinitespire:CheckeredPen":29,"aspiration:PocketMushroom":170,"PureWhite:ReiMu":74,"CrazyTorch:ReiMu":22,"ReplayTheSpireMod:Lightbulb":68,"hubris:CrystalStatue":43,"Tea:ReiMu":62,"Vajra":81,"HornCleat":170,"Mastiff:ReiMu":149,"qcfpunch:Red_Gi":144,"aspiration:ArtOfWarUpgrade":190,"conspire:Dentures":145,"Guardian:BottledStasis":25,"Happy Flower":25,"aspiration:Nostalgia":104,"Dead Branch":102,"Oddly Smooth Stone":22,"Guardian:ModeShifter":25,"infinitespire:Beetle Shell":170,"conspire:Boomerang":146,"War Paint":21,"Question Card":25,"Replay:Baseball":14,"Shuriken":51,"energizedSpire:NeverEndingSparkler":111,"Bronze Scales":137,"Moonworks:Homemark":149,"ReplayTheSpireMod:TigerMarble":106,"Grinning Jar":113,"Meat on the Bone":30,"Bromod:ArcaneAvenger":72,"ReplayFunnel":174,"theSenshi:SuperSailorFukuRelic":25,"SlipperyGoo":123,"qcfpunch:Not_Strongest_Fighting_Style_Guidebook":120,"Incense Burner":25,"hubris:SlimyHat":25,"Hallownest:DreamNailRelic":106,"DemoMod:WhiteGuonStone":21,"ClockworkSouvenir":22,"Frozen Eye":62,"Genji_Glove":39,"qcfpunch:Wrestler\u0027s_Cloak":95,"Bromod:ArcaneGuardian":163,"aspiration:Legacy_Headhunter":190,"Gremlin Food":149,"hubris:DisguiseKit":22,"BargainBundle":138,"ReplayTheSpireMod:Ninjato":62,"Replay:Towering Pillar of Hats":51,"aspiration:FetidBarrel":25,"Quantum Egg":0,"vexMod:ConsolationPrize":113,"qcfpunch:White_Boots":51,"theWildCard:VelvetContract":102,"Golden_Hairpin":141,"CaptainsWheel":149,"Anchor":149,"Chronometer":123,"vexMod:HeadHunter":74,"qcfpunch:Red_Headband":12},{"construct:FoamFinger":362,"downfall:HeartBlessingGreen":285,"qcfpunch:Red_Beret":120,"Replay:Wanted Poster":285,"vexMod:InvisibilityCloak":71,"infinitespire:ShieldingShard":520,"qcfpunch:Lotus_Statue":256,"Replay:Bronze Core":539,"HandDrill":520,"Replay:Bottled Steam":530,"HollowMod:QueensCombRelic":469,"DemoMod:OrangeGuonStone":33,"Akabeko":438,"potionbrewer:Torch":126,"vexMod:GhostlyGear":448,"infinitespire:Broken Mirror":8,"Bird Faced Urn":302,"Tintinnabulum":17,"Snecko Eye":345,"MiniHakkero":520,"Regal Pillow":577,"Bromod:ArcanePistoleer":99,"hubris:EmptyBottle":71,"Ancient Tea Set":126,"Gensokyo:PortableGap":173,"Pet Ghost":76,"Cleaning_Rag":547,"qcfpunch:Wild_Herbs_Ointment":572,"hubris:Backtick":120,"infinitespire:Bottled Soul":581,"aspiration:AnachronicSnailShell":578,"Toolbox":193,"energizedSpire:HugeHouse":404,"aspiration:FutureDiary":0,"Guardian:BottledAnomaly":143,"InkBottle":316,"aspiration:ChemicalBlood":541,"Potion Belt":110,"DemoMod:Antibody":544,"PreservedInsect":76,"hexamod:InflammatoryLetter":292,"infinitespire:Lucky Rock":163,"hubris:Towel":266,"Ornamental Fan":28,"Slimebound:AbsorbEndCombat":0,"Garlic":107,"Art of War":547,"infinitespire:Midas Blood":435,"Ice Cream":143,"DemoMod:BlueGuonStone":71,"Calipers":455,"Gremlin Horn":571,"DemoMod:GlassGuonStoneRelic":4,"theSenshi:FeatherClipsRelic":337,"DemoMod:RiddleOfLead":173,"qcfpunch:Unceasing_Flame":577,"DemoMod:MonsterBlood":197,"DemoMod:ClearGuonStone":71,"hexamod:SpiritBrand":143,"Replay:Grab Bag":539,"hexamod:TheBrokenSeal":150,"wanderingMiniBosses:MasterThiefsPresence":399,"hubris:FruitBowl":457,"potionbrewer:BhaskarasWheel":23,"vexMod:PaidLearning":362,"hexamod:MatchstickCase":154,"OrangePellets":108,"PaintedHorse:ReiMu":451,"infinitespire:EmpoweringShard":143,"aspiration:HatOfInfinitePower":158,"Mirror":520,"Enchiridion":369,"Juzu Bracelet":62,"Empty Cage":217,"DemoMod:SevenLeafClover":107,"hubris:Icosahedron":251,"downfall:HeartBlessingBlue":251,"downfall:KnowingSkull":25,"TheVixenMod:UmbreonRelic":431,"SimpleLauncher":520,"qcfpunch:Army_Boots":107,"vexMod:FocusSash":423,"Medical Kit":399,"ShroomBag":520,"Pondfish Scales":71,"wanderingMiniBosses:CarrionFlame":488,"hubris:BundleOfHerbs":572,"Bag of Marbles":203,"Membership Card":143,"DemoMod:WaxWing":91,"potionbrewer:Keyblade":173,"hexamod:IceCube":192,"RuthlessExorcism:ReiMu":181,"Moonworks:BrokenBomb":448,"Golden Egg":0,"Bromod:ArcaneNullifier":356,"wanderingMiniBosses:OtherGremlinHorn":8,"Ginger":42,"Old Coin":126,"aspiration:PoetsPen":52,"Ribbon":143,"vexMod:EndlessSickness":352,"construct:RocketBooster":213,"HollowMod:JonisBlessing":316,"aspiration:FrozenJewel":399,"Elementarium:GoldenMirage":345,"DemoMod:GundromedaStrain":66,"Elementarium:ElementariumTrophy":352,"Pandora\u0027s Box":8,"MysticCrockPot":362,"hubris:TenFootPole":86,"infinitespire:Cupcake":511,"qcfpunch:Spiky_Bracers":143,"aspiration:Lifesprig":78,"Moonworks:GoldenDie":455,"hierophant:PropheticMaskRelic":328,"Blue Doll":387,"wanderingMiniBosses:AbyssPearl":246,"Cursed Key":251,"White_Cape":345,"Gensokyo:LunaticRedEyes":151,"hubris:EvacipatedBox":457,"Replay:Rubber Ducky":193,"Silver_Glasses":539,"WingedGreaves":151,"construct:ClawGrip":559,"Slimebound:SelfDamagePreventRelic":28,"downfall:HeartBlessingRed":251,"DemoMod:WeirdEgg":143,"Thread and Needle":448,"The Courier":378,"infinitespire:CheckeredPen":81,"aspiration:PocketMushroom":520,"PureWhite:ReiMu":213,"CrazyTorch:ReiMu":64,"ReplayTheSpireMod:Lightbulb":193,"hubris:CrystalStatue":120,"Tea:ReiMu":178,"Vajra":238,"HornCleat":520,"Mastiff:ReiMu":448,"qcfpunch:Red_Gi":432,"aspiration:ArtOfWarUpgrade":577,"conspire:Dentures":434,"Guardian:BottledStasis":71,"Happy Flower":71,"aspiration:Nostalgia":328,"Dead Branch":325,"Oddly Smooth Stone":64,"Guardian:ModeShifter":71,"infinitespire:Beetle Shell":520,"conspire:Boomerang":435,"War Paint":62,"Question Card":71,"Replay:Baseball":38,"Shuriken":143,"energizedSpire:NeverEndingSparkler":343,"Bronze Scales":413,"Moonworks:Homemark":448,"ReplayTheSpireMod:TigerMarble":331,"Grinning Jar":345,"Meat on the Bone":83,"Bromod:ArcaneAvenger":207,"ReplayFunnel":526,"theSenshi:SuperSailorFukuRelic":71,"SlipperyGoo":362,"qcfpunch:Not_Strongest_Fighting_Style_Guidebook":356,"Incense Burner":71,"hubris:SlimyHat":71,"Hallownest:DreamNailRelic":331,"DemoMod:WhiteGuonStone":62,"ClockworkSouvenir":64,"Frozen Eye":178,"Genji_Glove":107,"qcfpunch:Wrestler\u0027s_Cloak":289,"Bromod:ArcaneGuardian":498,"aspiration:Legacy_Headhunter":577,"Gremlin Food":448,"hubris:DisguiseKit":64,"BargainBundle":416,"ReplayTheSpireMod:Ninjato":178,"Replay:Towering Pillar of Hats":143,"aspiration:FetidBarrel":71,"Quantum Egg":0,"vexMod:ConsolationPrize":345,"qcfpunch:White_Boots":143,"theWildCard:VelvetContract":325,"Golden_Hairpin":428,"CaptainsWheel":448,"Anchor":448,"Chronometer":362,"vexMod:HeadHunter":213,"qcfpunch:Red_Headband":33}]},"card_choices":[{"not_picked":["IllusionStar","UnstableBomb","Acceleration"],"picked":"SKIP","floor":1},{"not_picked":["ShootingEcho","GalacticHalo","Robbery"],"picked":"SKIP","floor":3},{"not_picked":["GrandCross","ShootingEcho","GalacticHalo"],"picked":"SKIP","floor":5},{"not_picked":["NonDirectionalLaser","ChargeUpSpray","JA"],"picked":"SKIP","floor":6},{"not_picked":["DC","ManaConvection","MysteriousBeam"],"picked":"SKIP","floor":8},{"not_picked":["SuperNova","CasketOfStar"],"picked":"AbsoluteMagnitude","floor":9},{"not_picked":["IllusionStar","GrandCross","MilkyWay"],"picked":"SKIP","floor":10},{"not_picked":["Acceleration","PowerUp"],"picked":"StarDustReverie","floor":14},{"not_picked":["MillisecondPulsars","StarDustReverie"],"picked":"SatelliteIllusion","floor":16},{"not_picked":["MilkyWay","BlazeAway"],"picked":"IllusionStar","floor":18},{"not_picked":["SuperNova","JA"],"picked":"TreasureHunter","floor":20},{"not_picked":["EnergyFlow","WitchOfGreed","OpenUniverse"],"picked":"SKIP","floor":24},{"not_picked":["SuperNova","SatelliteIllusion"],"picked":"EscapeVelocity","floor":26},{"not_picked":["IllusionStar","NonDirectionalLaser+1","DC"],"picked":"SKIP","floor":27},{"not_picked":["GalacticHalo","AsteroidBelt","EarthLightRay"],"picked":"SKIP","floor":28},{"not_picked":["DoubleSpark","WitchLeyline","GrandCross+1"],"picked":"SKIP","floor":29},{"not_picked":["GravityBeat","MachineGunSpark","EventHorizon"],"picked":"SKIP","floor":31},{"not_picked":["SuperNova","BlazingStar"],"picked":"MaximisePower","floor":33},{"not_picked":["GravityBeat","ChargeUpSpray","MachineGunSpark+1"],"picked":"SKIP","floor":35},{"not_picked":["SprinkleStarSeal+1","FairyDestructionRay","AsteroidBelt+1"],"picked":"SKIP","floor":37},{"not_picked":["Gensokyo:LifeSpringInfinity+1","Gensokyo:UnlikelyAid+1"],"picked":"Gensokyo:UnhurriedMind+1","floor":39},{"not_picked":["LuminesStrike","Robbery","AsteroidBelt"],"picked":"SKIP","floor":40},{"not_picked":["TreasureHunter","JA"],"picked":"SuperNova","floor":41},{"not_picked":["Robbery+1","Acceleration"],"picked":"FinalSpark","floor":42},{"not_picked":["UltimateShortwave","JA"],"picked":"BinaryStars","floor":43},{"not_picked":["GravityBeat+1","RefractionSpark","Acceleration"],"picked":"SKIP","floor":45},{"not_picked":["GalacticHalo","MilkyWay+1","GravityBeat"],"picked":"SKIP","floor":47},{"not_picked":["GalacticHalo","MilkyWay+1","GravityBeat"],"picked":"SKIP","floor":47},{"not_picked":["Acceleration","GasGiant+1","PowerUp","Orbital+1"],"picked":"SKIP","floor":48}],"player_experience":1285060,"relics_obtained":[{"floor":6,"key":"ReplayFunnel"},{"floor":8,"key":"Replay:Bottled Steam"},{"floor":9,"key":"Pondfish Scales"},{"floor":14,"key":"CaptainsWheel"},{"floor":20,"key":"aspiration:ChemicalBlood"},{"floor":26,"key":"DemoMod:Antibody"},{"floor":26,"key":"DemoMod:WhiteGuonStone"},{"floor":27,"key":"Cleaning_Rag"},{"floor":27,"key":"Art of War"},{"floor":35,"key":"wanderingMiniBosses:AbyssPearl"},{"floor":41,"key":"qcfpunch:Wild_Herbs_Ointment"},{"floor":41,"key":"hubris:BundleOfHerbs"},{"floor":42,"key":"Regal Pillow"},{"floor":43,"key":"qcfpunch:Unceasing_Flame"},{"floor":43,"key":"aspiration:Legacy_Headhunter"},{"floor":47,"key":"Question Card"},{"floor":47,"key":"infinitespire:Bottled Soul"}],"event_choices":[{"damage_healed":0,"gold_gain":15,"player_choice":"Cunning","damage_taken":0,"max_hp_gain":0,"max_hp_loss":0,"event_name":"Menagerie:CloudVision","floor":4,"gold_loss":0,"cards_upgraded":["MasterSpark"]},{"damage_healed":0,"gold_gain":0,"player_choice":"Ignored","damage_taken":0,"max_hp_gain":0,"max_hp_loss":0,"event_name":"Accursed Blacksmith","floor":13,"gold_loss":0}],"is_beta":false,"boss_relics":[{"not_picked":["aspiration:RunesmithSkillbook","Busted Crown"],"picked":"Replay:Grab Bag"},{"not_picked":["Sozu","energizedSpire:OgreHead"],"picked":"Replay:Bronze Core"},{"not_picked":["energizedSpire:CursedPentagram","ChewingGum"],"picked":"infinitespire:Cupcake"},{"not_picked":["vexMod:BigBerry","Bromod:ArcaneEnergize"],"picked":"Silver_Glasses"},{"not_picked":["hubris:RunicObelisk","ReplayTheSpireMod:SealedPack"],"picked":"construct:ClawGrip"}],"items_purged_floors":[],"is_endless":false,"potions_floor_spawned":[5,6,10,16,28,31,33,35,37,42,48],"ascension_level":20}}