{"host":"6t1lyqu4vs0bu9t8","time":1609823301,"event":{"mods":["AchievementEnabler","BaseMod","Colored Map","Keyboard Shortcuts","Minty Spire (QoL Compilation)","Permanent Neow","Quick Restart","Rare Cards Sparkle","StSLib","SuperFastMode","everything is the same but u backflip on backflip"],"gold_per_floor":[116,116,127,127,146,146,146,146,218,52,62,97,97,115,115,192,192,206,231,231,249,262,262,290,290,361,376,376,392,403,434,434,511,511,511,527,63,75,75,75,90,90,90,90,312,344,344,356,356,356],"floor_reached":51,"playtime":1461,"items_purged":["ForeignInfluence"],"score":1460,"play_id":"f8824cdc-d9b8-4e02-8b23-ea592e68e297","local_time":"20210105140821","is_ascension_mode":true,"campfire_choices":[{"data":"Judgement","floor":6.0,"key":"SMITH"},{"data":"FlyingSleeves","floor":8.0,"key":"SMITH"},{"data":"CrushJoints","floor":13.0,"key":"SMITH"},{"data":"Tantrum","floor":15.0,"key":"SMITH"},{"data":"ForeignInfluence","floor":23.0,"key":"SMITH"},{"data":"Vault","floor":25.0,"key":"SMITH"},{"data":"Study","floor":28.0,"key":"SMITH"},{"data":"Alpha","floor":32.0,"key":"SMITH"},{"data":"DeusExMachina","floor":40.0,"key":"SMITH"},{"data":"EmptyMind","floor":42.0,"key":"SMITH"},{"floor":49,"key":"REST"}],"circlet_count":0,"master_deck":["AscendersBane","Eruption+1","Vigilance+1","Judgement+1","CrushJoints+1","FlyingSleeves+1","Halt+1","FearNoEvil+1","Tantrum+1","Vault+1","Protect+1","DeusExMachina+1","Study+1","ForeignInfluence+1","Vengeance+1","FearNoEvil+1","EmptyMind+1","Alpha+1","EmptyBody+1","InnerPeace+1","ThirdEye+1","Vault+1","ThirdEye+1"],"relics":["PureWater","Bronze Scales","Mercury Hourglass","Vajra","Mango","Pandora\u0027s Box","Red Mask","Centennial Puzzle","Toxic Egg 2","Blood Vial","Cursed Key","Torii","Question Card","Mark of the Bloom"],"acts_visited":["Exordium","TheCity","TheBeyond"],"potions_floor_usage":[],"damage_taken":[{"damage":0.0,"enemies":"Small Slimes","floor":1.0,"turns":2.0},{"damage":0.0,"enemies":"Cultist","floor":3.0,"turns":3.0},{"damage":0.0,"enemies":"2 Louse","floor":5.0,"turns":1.0},{"damage":0.0,"enemies":"Blue Slaver","floor":11.0,"turns":1.0},{"damage":22.0,"enemies":"Lagavulin","floor":12.0,"turns":5.0},{"damage":0.0,"enemies":"Exordium Wildlife","floor":14.0,"turns":2.0},{"damage":0.0,"enemies":"Slime Boss","floor":16.0,"turns":3.0},{"damage":0.0,"enemies":"2 Thieves","floor":18.0,"turns":2.0},{"damage":0.0,"enemies":"Masked Bandits","floor":19.0,"turns":3.0},{"damage":0.0,"enemies":"Chosen","floor":21.0,"turns":2.0},{"damage":9.0,"enemies":"Shelled Parasite and Fungi","floor":22.0,"turns":2.0},{"damage":12.0,"enemies":"Slavers","floor":24.0,"turns":2.0},{"damage":0.0,"enemies":"Chosen and Byrds","floor":27.0,"turns":2.0},{"damage":0.0,"enemies":"Snecko","floor":29.0,"turns":3.0},{"damage":0.0,"enemies":"Centurion and Healer","floor":30.0,"turns":5.0},{"damage":12.0,"enemies":"Gremlin Leader","floor":31.0,"turns":2.0},{"damage":22.0,"enemies":"Automaton","floor":33.0,"turns":6.0},{"damage":0.0,"enemies":"3 Darklings","floor":35.0,"turns":3.0},{"damage":12.0,"enemies":"3 Shapes","floor":36.0,"turns":4.0},{"damage":50.0,"enemies":"Spire Growth","floor":38.0,"turns":6.0},{"damage":8.0,"enemies":"Sphere and 2 Shapes","floor":41.0,"turns":4.0},{"damage":0.0,"enemies":"Giant Head","floor":46.0,"turns":5.0},{"damage":23,"enemies":"Transient","floor":48,"turns":8},{"damage":24,"enemies":"Donu and Deca","floor":50,"turns":5}],"seed_played":"3898917176848835642","potions_obtained":[{"floor":12.0,"key":"Explosive Potion"},{"floor":14.0,"key":"SmokeBomb"},{"floor":16.0,"key":"LiquidMemories"},{"floor":29.0,"key":"Strength Potion"},{"floor":30.0,"key":"Fire Potion"},{"floor":46.0,"key":"BlessingOfTheForge"}],"is_trial":false,"path_per_floor":["M","?","M","?","M","R","?","R","T","$","M","E","R","M","R","B",null,"M","?","?","M","M","R","E","R","T","M","R","M","M","E","R","B",null,"M","M","$","M","?","R","M","R","T","$","?","E","?","M","R","B",null],"character_chosen":"WATCHER","items_purchased":["Vajra","ThirdEye+1","Torii"],"campfire_rested":1,"item_purchase_floors":[10,37,37],"current_hp_per_floor":[61,61,61,50,50,50,50,50,50,50,50,42,42,42,42,42,68,68,68,68,68,59,59,47,47,47,47,47,47,47,35,35,15,61,63,53,53,5,86,86,78,78,78,78,78,80,80,57,57,33],"gold":356,"neow_bonus":"THREE_RARE_CARDS","is_daily":false,"chose_seed":false,"campfire_upgraded":10,"win_rate":0.0,"timestamp":1609823301,"path_taken":["M","?","?","?","M","R","?","R","T","?","M","E","R","M","R","BOSS","M","?","?","M","M","R","E","R","T","M","R","M","M","E","R","BOSS","M","M","$","M","?","R","M","R","T","?","?","E","?","M","R","BOSS"],"items_purchased_type":["Relic","Card","Relic"],"build_version":"2020-12-22","purchased_purges":1,"victory":true,"max_hp_per_floor":[62,62,62,62,62,62,62,62,62,62,62,76,76,76,76,76,76,76,76,76,76,76,76,76,76,76,76,76,76,76,76,76,76,76,76,76,76,76,86,86,86,86,86,86,86,86,86,86,86,86],"card_choices":[{"not_picked":["MasterReality","Establishment"],"picked":"Judgement","floor":0.0},{"not_picked":["Prostrate","DeceiveReality"],"picked":"CrushJoints","floor":1.0},{"not_picked":["Crescendo","JustLucky"],"picked":"FlyingSleeves","floor":3.0},{"not_picked":["SandsOfTime","FlyingSleeves"],"picked":"Halt","floor":5.0},{"not_picked":["PathToVictory","SandsOfTime","Weave"],"picked":"SKIP","floor":11.0},{"not_picked":["FollowUp","BowlingBash"],"picked":"FearNoEvil","floor":12.0},{"not_picked":["SashWhip","ClearTheMind"],"picked":"Tantrum","floor":14.0},{"not_picked":["Brilliance","DevaForm"],"picked":"Vault","floor":16.0},{"not_picked":["Halt","Weave","Pray+1"],"picked":"SKIP","floor":18.0},{"not_picked":["EmptyFist","Prostrate","Evaluate"],"picked":"SKIP","floor":21.0},{"not_picked":["Prostrate","CrushJoints","ClearTheMind"],"picked":"SKIP","floor":22.0},{"not_picked":["Consecrate","DeusExMachina"],"picked":"Alpha","floor":24.0},{"not_picked":["BattleHymn","JustLucky+1"],"picked":"EmptyBody+1","floor":27.0},{"not_picked":["BowlingBash","Halt+1"],"picked":"InnerPeace+1","floor":29.0},{"not_picked":["Pray+1","Prostrate+1"],"picked":"ThirdEye+1","floor":30.0},{"not_picked":["Swivel+1","SashWhip","EmptyMind+1"],"picked":"SKIP","floor":31.0},{"not_picked":["Brilliance","DevaForm"],"picked":"Vault+1","floor":33.0},{"not_picked":["CarveReality+1","TalkToTheHand","FlurryOfBlows"],"picked":"SKIP","floor":36.0},{"not_picked":["Prostrate+1","FollowUp+1","SandsOfTime"],"picked":"SKIP","floor":38.0},{"not_picked":["EmptyBody+1","FlyingSleeves+1","ThirdEye+1"],"picked":"SKIP","floor":41.0},{"not_picked":["TalkToTheHand+1","DeceiveReality+1","FlyingSleeves"],"picked":"SKIP","floor":46.0},{"not_picked":["WreathOfFlame+1","CrushJoints","Protect+1","JustLucky"],"picked":"SKIP","floor":48}],"player_experience":442482,"relics_obtained":[{"floor":9.0,"key":"Mercury Hourglass"},{"floor":12.0,"key":"Mango"},{"floor":19.0,"key":"Red Mask"},{"floor":24.0,"key":"Centennial Puzzle"},{"floor":26.0,"key":"Toxic Egg 2"},{"floor":31.0,"key":"Blood Vial"},{"floor":46.0,"key":"Question Card"}],"event_choices":[{"damage_healed":0.0,"max_hp_gain":0.0,"max_hp_loss":0.0,"gold_gain":0.0,"event_name":"Upgrade Shrine","player_choice":"Upgraded","floor":2.0,"gold_loss":0.0,"damage_taken":0.0,"cards_upgraded":["Eruption"]},{"damage_healed":0.0,"max_hp_gain":0.0,"max_hp_loss":0.0,"gold_gain":0.0,"event_name":"Scrap Ooze","player_choice":"Success","floor":4.0,"gold_loss":0.0,"damage_taken":11.0,"relics_obtained":["Bronze Scales"]},{"damage_healed":0.0,"max_hp_gain":0.0,"max_hp_loss":0.0,"gold_gain":0.0,"event_name":"Dead Adventurer","player_choice":"Searched \u00270\u0027 times","floor":7.0,"gold_loss":0.0,"damage_taken":0.0},{"damage_healed":0.0,"max_hp_gain":0.0,"max_hp_loss":0.0,"gold_gain":0.0,"event_name":"Masked Bandits","player_choice":"Fought Bandits","floor":19.0,"gold_loss":0.0,"damage_taken":0.0},{"damage_healed":0.0,"max_hp_gain":0.0,"max_hp_loss":0.0,"gold_gain":0.0,"event_name":"The Library","player_choice":"Read","floor":20.0,"gold_loss":0.0,"damage_taken":0.0,"cards_obtained":["EmptyMind"]},{"cards_removed":["Judgement"],"damage_healed":71.0,"max_hp_gain":10.0,"max_hp_loss":0.0,"gold_gain":0.0,"event_name":"Bonfire Elementals","player_choice":"Offered Rare","floor":39.0,"gold_loss":0.0,"damage_taken":0.0},{"damage_healed":0.0,"max_hp_gain":0.0,"max_hp_loss":0.0,"gold_gain":222.0,"event_name":"Tomb of Lord Red Mask","player_choice":"Wore Mask","floor":45.0,"gold_loss":0.0,"damage_taken":0.0},{"damage_healed":0,"gold_gain":0,"player_choice":"Upgrade","damage_taken":0,"relics_obtained":["Mark of the Bloom"],"max_hp_gain":0,"max_hp_loss":0,"event_name":"MindBloom","floor":47,"gold_loss":0,"cards_upgraded":["Vigilance","Halt","FearNoEvil","Protect","Vengeance","FearNoEvil"]}],"is_beta":false,"boss_relics":[{"not_picked":["Runic Pyramid","Philosopher\u0027s Stone"],"picked":"Pandora\u0027s Box"},{"not_picked":["SacredBark","Snecko Eye"],"picked":"Cursed Key"}],"items_purged_floors":[37],"is_endless":false,"potions_floor_spawned":[12,14,16,19,29,30,31,35,46],"ascension_level":18}}