{"host":"raai0vtvcfkt8csp","time":1609851874,"event":{"mods":["2.2 Compatiblity","BaseMod","Beaked The Cultist","Block Reminder","Booster Modes","DeckTracker","Defective Defect","Downfall","GifTheSpireLib","Minty Spire (QoL Compilation)","Quick Restart","Random Character Button","Rare Cards Sparkle","StSLib","Unceasing Turn Reminder"],"gold_per_floor":[0,15,0,15,34,34,34,34,46,79,41,41,70,87,104,203,203,53,67,67,67,67,67,67,80,113,123,139,124,155,155,155],"floor_reached":31,"playtime":3112,"items_purged":[],"score":351,"play_id":"e5e2dc8a-4762-43a2-93b0-26edcc34ae50","local_time":"20210105140434","is_ascension_mode":true,"campfire_choices":[{"data":"beaked:Ceremony","floor":1,"key":"SMITH"},{"data":"beaked:Ceremony","floor":8,"key":"SMITH"},{"data":"beaked:Ceremony","floor":12,"key":"SMITH"},{"floor":18,"key":"RECALL"},{"floor":23,"key":"REST"}],"circlet_count":0,"master_deck":["beaked:Strike_Y","beaked:Strike_Y","beaked:Strike_Y","beaked:Strike_Y","beaked:Defend_Y","beaked:Defend_Y","beaked:Defend_Y","beaked:Defend_Y","beaked:Ceremony+1","beaked:Ceremony+1","beaked:Ceremony+1","beaked:ScreechingChant","beaked:Caw","beaked:WarriorSpirit","beaked:BraceForImpact","beaked:Brace","beaked:Insight","beaked:Sacrifice","beaked:Tweet","beaked:Daydream","beaked:WarriorEssence","beaked:WarriorEssence","beaked:CursingBlood","beaked:DigDeep","beaked:MachineEssence","CurseOfTheBell","beaked:HuntressEssence","beaked:BraceForImpact+1","beaked:Struggle","beaked:KnowThyFoe","beaked:BraceForImpact+1","beaked:MachineSpirit","beaked:HuntressEssence+1"],"relics":["beaked:MendingPlumage","Meat on the Bone","Nunchaku","Calling Bell","beaked:ThroatLozenge","Blue Candle","downfall:HeartBlessingGreen","downfall:HeartBlessingBlue","Nilry\u0027s Codex","MutagenicStrength","Nloth\u0027s Gift","beaked:ShinyBauble","The Courier","Ancient Tea Set"],"acts_visited":["Exordium","TheCity"],"potions_floor_usage":[10,11,11,16,19,26,26,29,30],"damage_taken":[{"damage":5,"enemies":"Small Slimes","floor":2,"turns":5},{"damage":10,"enemies":"downfall:FleeingMerchant","floor":3,"turns":4},{"damage":10,"enemies":"Cultist","floor":4,"turns":5},{"damage":4,"enemies":"2 Louse","floor":5,"turns":4},{"damage":0,"enemies":"Lots of Slimes","floor":9,"turns":1},{"damage":13,"enemies":"Lagavulin","floor":10,"turns":8},{"damage":27,"enemies":"downfall:FleeingMerchant","floor":11,"turns":4},{"damage":41,"enemies":"Gremlin Nob","floor":13,"turns":6},{"damage":23,"enemies":"Exordium Thugs","floor":14,"turns":9},{"damage":14,"enemies":"Large Slime","floor":15,"turns":7},{"damage":87,"enemies":"downfall:Ironclad","floor":16,"turns":11},{"damage":53,"enemies":"Spheric Guardian","floor":19,"turns":7},{"damage":66,"enemies":"Cultist and Chosen","floor":25,"turns":10},{"damage":85,"enemies":"Slavers","floor":26,"turns":17},{"damage":88,"enemies":"Sentry and Sphere","floor":27,"turns":17},{"damage":142,"enemies":"Centurion and Healer","floor":28,"turns":21},{"damage":20,"enemies":"downfall:FleeingMerchant","floor":29,"turns":4},{"damage":99,"enemies":"Book of Stabbing","floor":30,"turns":11},{"damage":58,"enemies":"3 Cultists","floor":31,"turns":4}],"seed_played":"-6452332459519472842","potions_obtained":[{"floor":2,"key":"SkillPotion"},{"floor":4,"key":"AttackPotion"},{"floor":6,"key":"Strength Potion"},{"floor":10,"key":"Slimebound:ThreeZeroPotion"},{"floor":13,"key":"champ:CounterPotion"},{"floor":16,"key":"SteroidPotion"},{"floor":19,"key":"GamblersBrew"},{"floor":25,"key":"ColorlessPotion"},{"floor":28,"key":"EssenceOfSteel"}],"is_trial":false,"path_per_floor":["R","M","$","M","M","?","T","R","M","E","$","R","E","M","M","B",null,"R","M","?","?","?","R","T","M","E","M","M","$","E","M"],"character_chosen":"BEAKED_THE_CULTIST","items_purchased":["beaked:WarriorEssence"],"campfire_rested":1,"item_purchase_floors":[11],"current_hp_per_floor":[50,50,43,45,50,50,50,50,50,49,32,32,14,26,38,26,50,60,36,20,20,20,38,38,41,63,69,43,45,39,0,0],"gold":155,"neow_bonus":"TRANSFORM_TWO_CARDS","is_daily":false,"chose_seed":false,"campfire_upgraded":3,"win_rate":0.0,"timestamp":1609851874,"path_taken":["R","M","$","M","M","?","T","R","M","E","$","R","E","?","M","BOSS","R","M","?","?","?","R","T","M","E","M","M","$","E","?"],"items_purchased_type":["Card"],"build_version":"2020-12-22","purchased_purges":0,"victory":false,"max_hp_per_floor":[50,50,50,50,50,50,50,50,50,50,50,50,50,50,50,50,50,60,60,60,60,60,60,60,60,63,69,72,72,75,75,75],"card_choices":[{"not_picked":["beaked:Devastation","beaked:Tradeoff"],"picked":"beaked:WarriorSpirit","floor":2},{"not_picked":["beaked:Overpower","beaked:Brace"],"picked":"beaked:BraceForImpact","floor":3},{"not_picked":["beaked:Redirect","beaked:Tradeoff"],"picked":"beaked:Brace","floor":4},{"not_picked":["beaked:Poke","beaked:CursingBlood"],"picked":"beaked:Insight","floor":5},{"not_picked":["beaked:Brace","beaked:Poke"],"picked":"beaked:Sacrifice","floor":9},{"not_picked":["beaked:Cower","beaked:Insight"],"picked":"beaked:Tweet","floor":10},{"not_picked":["beaked:Roost","beaked:Cower"],"picked":"beaked:Daydream","floor":11},{"not_picked":["beaked:SacrificialAttack","beaked:FeelMyPain"],"picked":"beaked:WarriorEssence","floor":13},{"not_picked":["beaked:Replenish","beaked:Flinch"],"picked":"beaked:CursingBlood","floor":14},{"not_picked":["beaked:Negation","beaked:RuinSticks"],"picked":"beaked:DigDeep","floor":15},{"not_picked":["beaked:LiftOff","beaked:VolatileMisfortune"],"picked":"beaked:MachineEssence","floor":16},{"not_picked":["beaked:Pecker","beaked:Resilience+1"],"picked":"beaked:HuntressEssence","floor":19},{"not_picked":["beaked:Roost+1","beaked:Brace"],"picked":"beaked:BraceForImpact+1","floor":25},{"not_picked":["beaked:CrazyRituals","beaked:BloodRitual"],"picked":"beaked:Struggle","floor":26},{"not_picked":["beaked:BounceBack+1","beaked:TuckingFeathers+1"],"picked":"beaked:KnowThyFoe","floor":27},{"not_picked":["beaked:WarriorEssence","beaked:CursingBlood"],"picked":"beaked:BraceForImpact+1","floor":28},{"not_picked":["beaked:HuntressEssence","beaked:Cower+1"],"picked":"beaked:MachineSpirit","floor":29},{"not_picked":["beaked:Brace","beaked:Struggle+1"],"picked":"beaked:HuntressEssence+1","floor":30}],"player_experience":792088,"relics_obtained":[{"floor":10,"key":"Meat on the Bone"},{"floor":13,"key":"Nunchaku"},{"floor":17,"key":"beaked:ThroatLozenge"},{"floor":17,"key":"Blue Candle"},{"floor":17,"key":"Peace Pipe"},{"floor":20,"key":"Nilry\u0027s Codex"},{"floor":24,"key":"beaked:ShinyBauble"},{"floor":26,"key":"The Courier"},{"floor":30,"key":"Ancient Tea Set"}],"event_choices":[{"damage_healed":0,"gold_gain":0,"player_choice":"Got Potions","damage_taken":0,"max_hp_gain":0,"max_hp_loss":0,"event_name":"Lab","floor":6,"gold_loss":0},{"damage_healed":0,"gold_gain":0,"player_choice":"Inject Mutagens","damage_taken":0,"relics_obtained":["MutagenicStrength"],"max_hp_gain":0,"max_hp_loss":0,"event_name":"Drug Dealer","floor":21,"gold_loss":0}],"is_beta":false,"boss_relics":[{"not_picked":["Cursed Key","SlaversCollar"],"picked":"Calling Bell"}],"items_purged_floors":[],"is_endless":false,"potions_floor_spawned":[2,4,10,13,16,19,25,28],"killed_by":"3 Cultists","ascension_level":1}}