{"host":"a0paspe0zwqgzttz","time":1609883584,"event":{"mods":["AchievementEnabler","Act Like it!","BaseMod","BetterRewards","Colored Powertips","Conspire","Downfall","GifTheSpireLib","Hermit","Highlight Path","Lobotomy","Marisa????????","Minty Spire (QoL Compilation)","Quick Restart","Replay The Spire","Robot Space Explorer","Shop Mod","StSLib","SuperFastMode","The Bug Knight","The Construct","The Cursed","The Hierophant","The Jungle","The Mystic","The Necromancer","The Runesmith","The Senshi","The Servant 0.9.4"],"gold_per_floor":[117,133,133,146,165,165,177,177,177],"floor_reached":8,"playtime":6352,"items_purged":[],"score":50,"play_id":"7c239b69-f145-4054-a736-cd17532e6417","local_time":"20210105165304","is_ascension_mode":false,"campfire_choices":[{"data":"hermit:EternalForm","floor":6,"key":"SMITH"}],"circlet_count":0,"master_deck":["hermit:Strike_Hermit","hermit:Strike_Hermit","hermit:Strike_Hermit","hermit:Strike_Hermit","hermit:Defend_Hermit","hermit:Defend_Hermit","hermit:Defend_Hermit","hermit:Defend_Hermit","hermit:Snapshot","hermit:Covet","Regret","hermit:EternalForm+1","hermit:Quickdraw","hermit:Glare","hermit:ItchyTrigger","hermit:Adapt","hermit:Dive"],"relics":["hermit:Momento","The Courier"],"acts_visited":["Exordium"],"potions_floor_usage":[],"damage_taken":[{"damage":2,"enemies":"2 Louse","floor":1,"turns":3},{"damage":8,"enemies":"Jaw Worm","floor":2,"turns":4},{"damage":4,"enemies":"Cultist","floor":4,"turns":4},{"damage":9,"enemies":"3 Louse","floor":5,"turns":3},{"damage":13,"enemies":"Lots of Slimes","floor":7,"turns":4},{"damage":37,"enemies":"Gremlin Nob","floor":8,"turns":4}],"seed_played":"-7251260294960775516","potions_obtained":[{"floor":1,"key":"Weak Potion"},{"floor":7,"key":"BlessingOfTheForge"}],"is_trial":false,"path_per_floor":["M","M","?","M","M","R","M","E"],"character_chosen":"HERMIT","items_purchased":[],"campfire_rested":0,"item_purchase_floors":[],"current_hp_per_floor":[73,65,58,54,45,45,32,0,0],"gold":177,"neow_bonus":"THREE_RARE_CARDS","is_daily":false,"chose_seed":false,"campfire_upgraded":1,"win_rate":0.0,"timestamp":1609883584,"path_taken":["M","M","?","M","M","R","M","E"],"items_purchased_type":[],"build_version":"2020-12-22","purchased_purges":0,"victory":false,"max_hp_per_floor":[75,75,75,75,75,75,75,75,75],"card_choices":[{"not_picked":["hermit:DeadOrAlive","hermit:Magnum"],"picked":"hermit:EternalForm","floor":0},{"not_picked":["hermit:TrackingShot","hermit:Glare"],"picked":"hermit:Quickdraw","floor":1},{"not_picked":["hermit:PistolWhip","hermit:CalledShot"],"picked":"hermit:Glare","floor":2},{"not_picked":["hermit:SprayPray","hermit:Headshot"],"picked":"hermit:ItchyTrigger","floor":4},{"not_picked":["hermit:Misfire","hermit:Vantage"],"picked":"hermit:Adapt","floor":5},{"not_picked":["hermit:Headshot","hermit:HoleUp"],"picked":"hermit:Dive","floor":7}],"player_experience":388298,"relics_obtained":[],"event_choices":[{"damage_healed":0,"gold_gain":0,"player_choice":"Success","damage_taken":7,"relics_obtained":["The Courier"],"max_hp_gain":0,"max_hp_loss":0,"event_name":"Scrap Ooze","floor":3,"gold_loss":0}],"is_beta":false,"boss_relics":[],"items_purged_floors":[],"is_endless":false,"potions_floor_spawned":[1,7],"killed_by":"Gremlin Nob","ascension_level":0}}