{"host":"k7udt7atmcuzf6l0","time":1609817031,"event":{"mods":["AchievementEnabler","BaseMod","Colored Map","Colored Powertips","Highlight Path","Minty Spire (QoL Compilation)","Quick Restart","Rare Cards Sparkle","StSLib","UnlockEverythingMod"],"gold_per_floor":[109,129,129,129,82,82,114,114,114,289,306,330,348,365,365,470,470,470,470],"floor_reached":18,"playtime":344,"items_purged":[],"score":185,"play_id":"c9e9e22b-97ce-4f79-99e5-8374bec65ad5","local_time":"20210105112351","is_ascension_mode":false,"campfire_choices":[{"data":"Flex","floor":6,"key":"SMITH"},{"data":"Body Slam","floor":8,"key":"SMITH"},{"data":"Inflame","floor":15,"key":"SMITH"}],"circlet_count":0,"master_deck":["Strike_R","Strike_R","Strike_R","Strike_R","Strike_R","Defend_R","Defend_R","Defend_R","Bash","Body Slam+1","Flex+1","Cleave","Double Tap","Doubt","Pommel Strike","Seeing Red","Clash","Inflame+1","Reaper","CurseOfTheBell"],"relics":["Burning Blood","NeowsBlessing","FossilizedHelix","Tiny Chest","MealTicket","Odd Mushroom","Calling Bell","Juzu Bracelet","Kunai","Mango"],"acts_visited":["Exordium","TheCity"],"potions_floor_usage":[16],"damage_taken":[{"damage":0,"enemies":"Cultist","floor":1,"turns":1},{"damage":0,"enemies":"Jaw Worm","floor":2,"turns":1},{"damage":0,"enemies":"Gremlin Nob","floor":7,"turns":1},{"damage":0,"enemies":"Small Slimes","floor":11,"turns":3},{"damage":8,"enemies":"The Mushroom Lair","floor":12,"turns":3},{"damage":0,"enemies":"2 Fungi Beasts","floor":13,"turns":1},{"damage":0,"enemies":"Exordium Thugs","floor":14,"turns":3},{"damage":62,"enemies":"Hexaghost","floor":16,"turns":9},{"damage":0,"enemies":"Shell Parasite","floor":18,"turns":1}],"seed_played":"-7326824407733539241","potions_obtained":[{"floor":13,"key":"AttackPotion"},{"floor":16,"key":"DuplicationPotion"}],"is_trial":false,"path_per_floor":["M","M","?","T","$","R","E","R","T","?","M","?","M","M","R","B",null,"M"],"character_chosen":"IRONCLAD","items_purchased":["Cleave"],"campfire_rested":0,"item_purchase_floors":[5],"current_hp_per_floor":[80,80,73,73,73,73,79,79,79,79,80,78,80,80,80,24,94,94,94],"gold":470,"neow_bonus":"THREE_ENEMY_KILL","is_daily":false,"chose_seed":false,"campfire_upgraded":3,"win_rate":0.0,"timestamp":1609817031,"path_taken":["M","M","?","?","$","R","E","R","T","?","M","?","M","M","R","BOSS","M"],"items_purchased_type":["Card"],"build_version":"2020-12-22","purchased_purges":0,"victory":false,"max_hp_per_floor":[80,80,80,80,80,80,80,80,80,80,80,80,80,80,80,80,94,94,94],"card_choices":[{"not_picked":["Shrug It Off","Rampage"],"picked":"Body Slam","floor":1},{"not_picked":["Heavy Blade","Sword Boomerang"],"picked":"Flex","floor":2},{"not_picked":["Burning Pact","Perfected Strike"],"picked":"Double Tap","floor":7},{"not_picked":["Perfected Strike","Sword Boomerang"],"picked":"Pommel Strike","floor":11},{"not_picked":["Blood for Blood","Sword Boomerang"],"picked":"Seeing Red","floor":12},{"not_picked":["Anger","Dropkick"],"picked":"Clash","floor":13},{"not_picked":["Fiend Fire","Uppercut"],"picked":"Inflame","floor":14},{"not_picked":["Berserk","Limit Break"],"picked":"Reaper","floor":16}],"player_experience":47862,"relics_obtained":[{"floor":4,"key":"FossilizedHelix"},{"floor":7,"key":"Tiny Chest"},{"floor":9,"key":"MealTicket"},{"floor":12,"key":"Odd Mushroom"},{"floor":17,"key":"Juzu Bracelet"},{"floor":17,"key":"Kunai"},{"floor":17,"key":"Mango"}],"event_choices":[{"cards_removed":["Defend_R"],"damage_healed":0,"gold_gain":0,"player_choice":"Card Removal","damage_taken":7,"max_hp_gain":0,"max_hp_loss":0,"event_name":"Golden Wing","floor":3,"gold_loss":0},{"damage_healed":0,"gold_gain":175,"player_choice":"AGREE","damage_taken":0,"max_hp_gain":0,"max_hp_loss":0,"event_name":"Liars Game","floor":10,"gold_loss":0,"cards_obtained":["Doubt"]},{"damage_healed":0,"gold_gain":0,"player_choice":"Fought Mushrooms","damage_taken":0,"max_hp_gain":0,"max_hp_loss":0,"event_name":"Mushrooms","floor":12,"gold_loss":0}],"is_beta":false,"boss_relics":[{"not_picked":["Snecko Eye","Empty Cage"],"picked":"Calling Bell"}],"items_purged_floors":[],"is_endless":false,"potions_floor_spawned":[13,16],"killed_by":"Shell Parasite","ascension_level":0}}