{"host":"j4g6ia6asvpyu2b0","time":1609847978,"event":{"mods":["BaseMod","Colored Map","Minty Spire (QoL Compilation)","Permanent Neow","Quick Restart","Relic Stats","StSLib","Unceasing Turn Reminder"],"gold_per_floor":[109,109,109,109,127,161,161,190,190,190,208,208,219,250,250,345,345,362,220,220,220],"floor_reached":20,"playtime":440,"items_purged":["Strike_G"],"score":280,"play_id":"d4bee926-e55c-4b21-9283-acd068123996","local_time":"20210105045938","is_ascension_mode":true,"campfire_choices":[{"data":"Neutralize","floor":7,"key":"SMITH"},{"data":"Skewer","floor":10,"key":"SMITH"},{"floor":12,"key":"REST"},{"data":"After Image","floor":15,"key":"SMITH"}],"circlet_count":0,"master_deck":["Strike_G","Strike_G","Strike_G","Strike_G","Defend_G","Defend_G","Defend_G","Defend_G","Defend_G","Survivor","Neutralize+1","Die Die Die+1","Poisoned Stab","Sucker Punch","Masterful Stab","Skewer+1","After Image+1","Poisoned Stab","Tools of the Trade","A Thousand Cuts","Noxious Fumes","Noxious Fumes"],"relics":["Ring of the Serpent","Mercury Hourglass","PreservedInsect","Mummified Hand","Letter Opener"],"acts_visited":["Exordium","TheCity"],"potions_floor_usage":[],"damage_taken":[{"damage":0,"enemies":"Cultist","floor":1,"turns":4},{"damage":0,"enemies":"2 Louse","floor":5,"turns":2},{"damage":28,"enemies":"Gremlin Nob","floor":6,"turns":4},{"damage":17,"enemies":"Lagavulin","floor":8,"turns":5},{"damage":0,"enemies":"Small Slimes","floor":11,"turns":2},{"damage":10,"enemies":"Exordium Thugs","floor":13,"turns":2},{"damage":0,"enemies":"3 Sentries","floor":14,"turns":1},{"damage":11,"enemies":"Hexaghost","floor":16,"turns":10},{"damage":19,"enemies":"2 Thieves","floor":18,"turns":3},{"damage":0,"enemies":"3 Byrds","floor":20,"turns":2}],"seed_played":"-126840709984259182","potions_obtained":[{"floor":8,"key":"ColorlessPotion"},{"floor":14,"key":"SpeedPotion"},{"floor":16,"key":"EssenceOfSteel"}],"is_trial":false,"path_per_floor":["M","T","?","?","M","E","R","E","T","R","M","R","M","E","R","B",null,"M","$","M"],"character_chosen":"THE_SILENT","items_purchased":["Noxious Fumes"],"campfire_rested":1,"item_purchase_floors":[19],"current_hp_per_floor":[45,45,50,50,50,22,22,5,5,5,5,27,17,17,17,6,58,39,39,39,39],"gold":220,"neow_bonus":"THREE_RARE_CARDS","is_daily":false,"chose_seed":false,"campfire_upgraded":3,"win_rate":0.0,"timestamp":1609847978,"path_taken":["M","?","?","?","M","E","R","E","T","R","?","R","M","E","R","BOSS","M","$","?"],"items_purchased_type":["Card"],"build_version":"2020-12-22","purchased_purges":1,"victory":false,"max_hp_per_floor":[70,70,75,75,75,75,75,75,75,75,75,75,75,75,75,75,75,75,75,75,75],"relic_stats":{"counters":[10,34],"Mummified Hand":[6],"PreservedInsect":67,"Letter Opener":[0],"obtain_stats":[{"Mummified Hand":8,"PreservedInsect":6,"Letter Opener":14,"Ring of the Serpent":17,"Ring of the Snake":0,"Mercury Hourglass":2},{"Mummified Hand":4,"PreservedInsect":3,"Letter Opener":7,"Ring of the Serpent":8,"Ring of the Snake":0,"Mercury Hourglass":1},{"Mummified Hand":15,"PreservedInsect":10,"Letter Opener":19,"Ring of the Serpent":29,"Ring of the Snake":0,"Mercury Hourglass":4}],"Mercury Hourglass":[121]},"card_choices":[{"not_picked":["Storm of Steel","Phantasmal Killer"],"picked":"Die Die Die","floor":0},{"not_picked":["Deflect","Prepared"],"picked":"Poisoned Stab","floor":1},{"not_picked":["Heel Hook","Dodge and Roll"],"picked":"Sucker Punch","floor":5},{"not_picked":["Escape Plan","Prepared"],"picked":"Masterful Stab","floor":6},{"not_picked":["Acrobatics","Choke"],"picked":"Skewer","floor":8},{"not_picked":["Masterful Stab","Acrobatics"],"picked":"After Image","floor":11},{"not_picked":["Slice","Escape Plan"],"picked":"Poisoned Stab","floor":13},{"not_picked":["All Out Attack","Choke"],"picked":"Tools of the Trade","floor":14},{"not_picked":["Bullet Time","Wraith Form v2"],"picked":"A Thousand Cuts","floor":16},{"not_picked":["Flechettes+1","Dash"],"picked":"Noxious Fumes","floor":18}],"player_experience":713394,"relics_obtained":[{"floor":2,"key":"Mercury Hourglass"},{"floor":6,"key":"PreservedInsect"},{"floor":8,"key":"Mummified Hand"},{"floor":14,"key":"Letter Opener"}],"event_choices":[{"damage_healed":0,"gold_gain":0,"player_choice":"Donut","damage_taken":0,"max_hp_gain":5,"max_hp_loss":0,"event_name":"Big Fish","floor":3,"gold_loss":0},{"damage_healed":0,"gold_gain":0,"player_choice":"Upgraded","damage_taken":0,"max_hp_gain":0,"max_hp_loss":0,"event_name":"Upgrade Shrine","floor":4,"gold_loss":0,"cards_upgraded":["Die Die Die"]}],"is_beta":false,"boss_relics":[{"not_picked":["HoveringKite","Velvet Choker"],"picked":"Ring of the Serpent"}],"items_purged_floors":[19],"is_endless":false,"potions_floor_spawned":[8,14,16],"killed_by":"3 Byrds","ascension_level":6}}