{"host":"kabf61oc9jgfwufg","time":1609870515,"event":{"mods":["AchievementEnabler","Act Like it!","Aspiration","BaseMod","Conspire","GifTheSpireLib","Halation","HexUI Lib","Hubris","Infinite Spire","Lobotomy","LobotomyExtend","Minty Spire (QoL Compilation)","Pale of the Ancients","Quick Restart","Rare Cards Sparkle","Replay The Spire","Shop Mod","StSLib","The Jungle"],"gold_per_floor":[109,123,123,123,147,170,170,170,170],"floor_reached":8,"playtime":324,"items_purged":[],"score":48,"play_id":"a3c7dd32-f835-4d7e-9059-5afae3fa1ce3","local_time":"20210105181515","is_ascension_mode":false,"campfire_choices":[],"circlet_count":0,"master_deck":["Strike_P","Strike_P","Strike_P","Strike_P","Defend_P","Defend_P","Defend_P","Defend_P+1","Eruption","Vigilance","Wellcheers","Prostrate","Rudolta","FlurryOfBlows","LongBird","FlurryOfBlows"],"relics":["PureWater","CogitoBucket","LetterFromLob","Golden Idol","halation:EternalFortune"],"acts_visited":["Exordium"],"potions_floor_usage":[8],"damage_taken":[{"damage":4,"enemies":"2 Louse","floor":1,"turns":2},{"damage":3,"enemies":"Jaw Worm","floor":2,"turns":5},{"damage":0,"enemies":"Small Slimes","floor":5,"turns":1},{"damage":3,"enemies":"Looter","floor":6,"turns":3},{"damage":81,"enemies":"Gremlin Nob","floor":8,"turns":5}],"seed_played":"6462338775077184204","potions_obtained":[{"floor":2,"key":"Block Potion"},{"floor":6,"key":"StancePotion"}],"is_trial":false,"path_per_floor":["M","M","?","?","M","M","?","E"],"character_chosen":"WATCHER","items_purchased":[],"campfire_rested":0,"item_purchase_floors":[],"current_hp_per_floor":[68,71,67,70,70,67,67,0,0],"gold":170,"neow_bonus":"","is_daily":false,"chose_seed":false,"campfire_upgraded":0,"win_rate":0.0,"timestamp":1609870515,"path_taken":["M","M","?","?","M","M","?","E"],"items_purchased_type":[],"build_version":"2020-12-22","purchased_purges":0,"victory":false,"max_hp_per_floor":[72,72,67,70,70,70,70,70,70],"card_choices":[{"not_picked":["WallGazer","CrumblingArmor"],"picked":"Wellcheers","floor":1},{"not_picked":["CutThroughFate","Sanctity"],"picked":"Prostrate","floor":1},{"not_picked":["Bloodbath","FieryBird"],"picked":"Rudolta","floor":2},{"not_picked":["Blasphemy","BowlingBash"],"picked":"FlurryOfBlows","floor":2},{"not_picked":["UniverseFragment","SpiderBud","OSAHOGD"],"picked":"Singing Bowl","floor":5},{"not_picked":["CrumblingArmor","QueenBee"],"picked":"LongBird","floor":5},{"not_picked":["SignatureMove","Nirvana","WreathOfFlame"],"picked":"SKIP","floor":5},{"not_picked":["SignatureMove","Nirvana","WreathOfFlame"],"picked":"SKIP","floor":5},{"not_picked":["QueenBee","Scorched","DreamingCurrent"],"picked":"Singing Bowl","floor":6},{"not_picked":["Weave","FlyingSleeves"],"picked":"FlurryOfBlows","floor":6}],"player_experience":45701,"relics_obtained":[{"floor":1,"key":"LetterFromLob"}],"event_choices":[{"damage_healed":0,"gold_gain":0,"player_choice":"Lose Max HP","damage_taken":0,"relics_obtained":["Golden Idol"],"max_hp_gain":0,"max_hp_loss":5,"event_name":"Golden Idol","floor":3,"gold_loss":0}],"is_beta":false,"boss_relics":[],"items_purged_floors":[],"is_endless":false,"potions_floor_spawned":[2,6],"killed_by":"Gremlin Nob","ascension_level":0}}