{"host":"0jor5hi4rp0tpy7j","time":1609883773,"event":{"mods":["AchievementEnabler","BaseMod","Better Match","Better Note","Colored Map","Colored Powertips","Downfall","Highlight Path","Minty Spire (QoL Compilation)","StSLib"],"gold_per_floor":[99,111,125,135,235,265,312,322,342,352,362,362,462,462,475,574,574,574,593,593,646,697,752,752,752,752,810,735,761,841,902,927,939,939,939],"floor_reached":33,"playtime":2622,"items_purged":[],"score":296,"play_id":"d6ed60ed-8883-464c-9385-c19a0a4706f3","local_time":"20210105225613","is_ascension_mode":false,"campfire_choices":[{"data":"champ:Taunt","floor":1,"key":"SMITH"},{"floor":12,"key":"REST"},{"data":"champ:RisingSlash","floor":18,"key":"SMITH"},{"data":"champ:SteelEdge","floor":25,"key":"SMITH"},{"floor":28,"key":"RECALL"}],"circlet_count":0,"master_deck":["champ:Strike","champ:Strike","champ:Strike","champ:Strike","champ:Defend","champ:Defend","champ:Defend","champ:Defend","champ:Execute","champ:Taunt+1","champ:DeathBlow","champ:BladeFlurry","champ:StanceDance","champ:RisingSlash+1","champ:FocusedGladiator","champ:Haymaker","champ:GladiatorsShout","champ:FanOfKnives","champ:AdrenalArmor","champ:SteelEdge+1","champ:BringItOn","champ:Riposte","champ:TornadoPunch+1","champ:BerserkerStyle+1","champ:ArenaPreparation+1","champ:Backstep+1"],"relics":["champ:ChampionCrownUpgraded","Art of War","Tiny Chest","CloakClasp","downfall:KnowingSkull","Bronze Scales","downfall:HeartBlessingBlue","MawBank","Ancient Tea Set","Oddly Smooth Stone"],"acts_visited":["Exordium","TheCity"],"potions_floor_usage":[10,10,13,13,22,27,33],"damage_taken":[{"damage":8,"enemies":"2 Louse","floor":2,"turns":4},{"damage":15,"enemies":"Small Slimes","floor":3,"turns":4},{"damage":19,"enemies":"Cultist","floor":4,"turns":4},{"damage":64,"enemies":"3 Sentries","floor":6,"turns":9},{"damage":7,"enemies":"Blue Slaver","floor":8,"turns":5},{"damage":24,"enemies":"Exordium Wildlife","floor":9,"turns":3},{"damage":32,"enemies":"Exordium Thugs","floor":10,"turns":5},{"damage":7,"enemies":"3 Louse","floor":11,"turns":3},{"damage":37,"enemies":"3 Louse","floor":13,"turns":12},{"damage":31,"enemies":"Exordium Wildlife","floor":15,"turns":4},{"damage":77,"enemies":"downfall:Watcher","floor":16,"turns":11},{"damage":29,"enemies":"Spheric Guardian","floor":19,"turns":5},{"damage":18,"enemies":"3 Byrds","floor":22,"turns":2},{"damage":24,"enemies":"Snake Plant","floor":23,"turns":4},{"damage":26,"enemies":"Shelled Parasite and Fungi","floor":27,"turns":3},{"damage":62,"enemies":"Slavers","floor":30,"turns":4},{"damage":23,"enemies":"3 Cultists","floor":32,"turns":5},{"damage":48,"enemies":"downfall:Defect","floor":33,"turns":8}],"seed_played":"-4232999951207817980","potions_obtained":[{"floor":3,"key":"Guardian:BlockOnCardUsePotion"},{"floor":6,"key":"DuplicationPotion"},{"floor":9,"key":"ColorlessPotion"},{"floor":11,"key":"SkillPotion"},{"floor":15,"key":"champ:TechniquePotion"},{"floor":19,"key":"LiquidBronze"},{"floor":27,"key":"Strength Potion"}],"is_trial":false,"path_per_floor":["R","M","M","M","?","E","T","M","M","M","M","R","?","?","M","B",null,"R","M","?","T","M","M","T","R","?","M","R","T","E","T","M","B"],"character_chosen":"THE_CHAMP","items_purchased":[],"campfire_rested":1,"item_purchase_floors":[],"current_hp_per_floor":[99,96,91,87,87,51,51,49,35,13,6,35,13,109,87,58,109,109,90,81,81,78,64,64,64,64,58,68,68,38,38,36,0,0,0],"gold":939,"neow_bonus":"TEN_PERCENT_HP_BONUS","is_daily":false,"chose_seed":false,"campfire_upgraded":3,"win_rate":0.0,"timestamp":1609883773,"path_taken":["R","M","M","M","?","E","T","M","M","M","M","R","?","?","M","BOSS","R","M","?","?","M","?","T","R","?","M","R","?","E","?","M","BOSS"],"items_purchased_type":[],"build_version":"2020-12-22","purchased_purges":0,"victory":false,"max_hp_per_floor":[99,99,99,99,99,99,99,99,99,99,99,99,99,109,109,109,109,109,109,109,109,109,109,109,109,109,109,119,119,119,119,119,119,119,119],"card_choices":[{"not_picked":["champ:FocusedBerserking","champ:AdrenalArmor"],"picked":"champ:DeathBlow","floor":2},{"not_picked":["champ:Backstep","champ:StanceDance"],"picked":"champ:BladeFlurry","floor":3},{"not_picked":["champ:GutPunch","champ:EnragedBash"],"picked":"champ:StanceDance","floor":4},{"not_picked":["champ:DefensiveShout","champ:CrookedStrike"],"picked":"champ:RisingSlash","floor":6},{"not_picked":["champ:DefensiveShout","champ:AdrenalArmor"],"picked":"champ:FocusedGladiator","floor":8},{"not_picked":["champ:FocusedDefense","champ:PreciseThrust"],"picked":"champ:Haymaker","floor":9},{"not_picked":["champ:IronFortress","champ:FocusedGladiator"],"picked":"champ:HoldFirm","floor":10},{"not_picked":["champ:EnGarde","champ:Haymaker"],"picked":"champ:GladiatorsShout","floor":11},{"not_picked":["champ:FlashCut","champ:FaceSlap"],"picked":"champ:FanOfKnives","floor":13},{"not_picked":["champ:DefensiveShout","champ:Circumvent"],"picked":"champ:AdrenalArmor","floor":15},{"not_picked":["champ:ShieldSlam","champ:PerfectForm"],"picked":"champ:SteelEdge","floor":16},{"not_picked":["champ:DefensiveShout","champ:FlashCut"],"picked":"champ:BringItOn","floor":19},{"not_picked":["champ:AdrenalArmor","champ:BringItOn"],"picked":"champ:Riposte","floor":22},{"not_picked":["champ:FalseCounter","champ:BladeFlurry+1"],"picked":"champ:TornadoPunch+1","floor":23},{"not_picked":["champ:Circumvent","champ:BladeFlurry"],"picked":"champ:BerserkerStyle+1","floor":27},{"not_picked":["champ:PerfectedStrike+1","champ:DefensiveShout"],"picked":"champ:ArenaPreparation+1","floor":30},{"not_picked":["champ:Haymaker","champ:RisingSlash"],"picked":"champ:Backstep+1","floor":32}],"player_experience":349828,"relics_obtained":[{"floor":6,"key":"Art of War"},{"floor":7,"key":"Tiny Chest"},{"floor":13,"key":"CloakClasp"},{"floor":21,"key":"Bronze Scales"},{"floor":29,"key":"MawBank"},{"floor":30,"key":"Ancient Tea Set"},{"floor":31,"key":"Oddly Smooth Stone"}],"event_choices":[{"cards_removed":["champ:HoldFirm"],"damage_healed":86,"gold_gain":0,"player_choice":"Offered Rare","damage_taken":0,"max_hp_gain":10,"max_hp_loss":0,"event_name":"Bonfire Elementals","floor":14,"gold_loss":0},{"damage_healed":0,"gold_gain":0,"player_choice":"Ignored","damage_taken":0,"max_hp_gain":0,"max_hp_loss":0,"event_name":"betterNote:BetterNote","floor":26,"gold_loss":0,"cards_obtained":["Slimebound:MassFeed"]}],"is_beta":false,"boss_relics":[{"not_picked":["Sozu","SacredBark"],"picked":"champ:ChampionCrownUpgraded"}],"items_purged_floors":[],"is_endless":false,"potions_floor_spawned":[3,6,9,11,15,19,27],"killed_by":"downfall:Defect","ascension_level":0}}