{"host":"ur405gpummdrt5xj","time":1609874212,"event":{"mods":["BaseMod","Colored Map","Highlight Path","Minty Spire (QoL Compilation)","Quick Restart"],"gold_per_floor":[113,128,29,40,115,115,148,163,163,163,163,163,178,211,211,211,211],"floor_reached":16,"playtime":611,"items_purged":["Strike_R"],"score":160,"play_id":"1d732129-ca86-4da5-83f8-89869595fc77","local_time":"20210105111652","is_ascension_mode":true,"campfire_choices":[{"data":"Armaments","floor":6,"key":"SMITH"},{"data":"True Grit","floor":10,"key":"SMITH"},{"floor":12,"key":"REST"},{"floor":15,"key":"RECALL"}],"circlet_count":0,"master_deck":["Strike_R","Strike_R","Strike_R","Defend_R","Defend_R","Defend_R","Defend_R","Bash","Armaments+1","Shrug It Off","True Grit+1"],"relics":["Burning Blood","NeowsBlessing","Lantern","Toxic Egg 2","Turnip"],"acts_visited":["Exordium"],"potions_floor_usage":[],"damage_taken":[{"damage":0,"enemies":"Jaw Worm","floor":1,"turns":1},{"damage":0,"enemies":"Cultist","floor":2,"turns":1},{"damage":0,"enemies":"2 Louse","floor":4,"turns":1},{"damage":47,"enemies":"Gremlin Nob","floor":7,"turns":5},{"damage":11,"enemies":"Exordium Thugs","floor":8,"turns":8},{"damage":10,"enemies":"2 Fungi Beasts","floor":13,"turns":5},{"damage":37,"enemies":"3 Sentries","floor":14,"turns":17},{"damage":36,"enemies":"The Guardian","floor":16,"turns":2}],"seed_played":"3091380532690618541","potions_obtained":[{"floor":2,"key":"SteroidPotion"},{"floor":8,"key":"SmokeBomb"}],"is_trial":false,"path_per_floor":["M","M","$","M","?","R","E","M","T","R","?","R","M","E","R","B"],"character_chosen":"IRONCLAD","items_purchased":["True Grit"],"campfire_rested":1,"item_purchase_floors":[3],"current_hp_per_floor":[78,80,80,80,69,69,28,23,23,23,23,47,43,12,12,0,0],"gold":211,"neow_bonus":"THREE_ENEMY_KILL","is_daily":false,"chose_seed":false,"campfire_upgraded":2,"win_rate":0.0,"timestamp":1609874212,"path_taken":["M","M","$","M","?","R","E","M","T","R","?","R","?","E","R","BOSS"],"items_purchased_type":["Card"],"build_version":"2020-12-22","purchased_purges":1,"victory":false,"max_hp_per_floor":[80,80,80,80,80,80,80,80,80,80,80,80,80,80,80,80,80],"card_choices":[{"not_picked":["True Grit","Infernal Blade"],"picked":"Armaments","floor":1},{"not_picked":["Cleave","Perfected Strike"],"picked":"Shrug It Off","floor":2},{"not_picked":["Blood for Blood","Havoc","Seeing Red"],"picked":"SKIP","floor":4},{"not_picked":["Dropkick","Havoc","Thunderclap"],"picked":"SKIP","floor":7},{"not_picked":["Flex","Warcry","Double Tap"],"picked":"SKIP","floor":8},{"not_picked":["Wild Strike","Entrench+1","Shrug It Off+1"],"picked":"SKIP","floor":13},{"not_picked":["Headbutt","Clothesline","Iron Wave"],"picked":"SKIP","floor":14}],"player_experience":510875,"relics_obtained":[{"floor":7,"key":"Lantern"},{"floor":9,"key":"Toxic Egg 2"},{"floor":14,"key":"Turnip"}],"event_choices":[{"damage_healed":0,"gold_gain":75,"player_choice":"Gather Gold","damage_taken":11,"max_hp_gain":0,"max_hp_loss":0,"event_name":"World of Goop","floor":5,"gold_loss":0},{"cards_removed":["Strike_R"],"damage_healed":0,"gold_gain":0,"player_choice":"Forget","damage_taken":0,"max_hp_gain":0,"max_hp_loss":0,"event_name":"Living Wall","floor":11,"gold_loss":0}],"is_beta":false,"boss_relics":[],"items_purged_floors":[3],"is_endless":false,"potions_floor_spawned":[2,8],"killed_by":"The Guardian","ascension_level":9}}