{"host":"ig7tc0uedzltt2sr","time":1609832874,"event":{"mods":["BaseMod","Better Twitch Integration","Block Reminder","Colored Map","Colored Powertips","Communication Mod","Current Relic Mod","GifTheSpireLib","HexUI Lib","Minty Spire (QoL Compilation)","Quick Restart","Random Character Button","Rare Cards Sparkle","Relic Sorter","Relic Stats","Slay the Relics Exporter","StSLib","SuperFastMode","Synergy Search","Twitch Decklist","Twitch Utils","everything is the same but u backflip on backflip","slay the spire mod where everything is the same but ironclad has a cowboy hat"],"gold_per_floor":[111,122,136,147,160,160,178,196,196,196,216,249,249,269,269,269,269],"floor_reached":16,"playtime":93,"items_purged":[],"score":108,"play_id":"a6ef537e-a88d-493b-bfdc-8654f51ecf7d","local_time":"20210104234754","is_ascension_mode":false,"campfire_choices":[{"data":"Strike_R","floor":6,"key":"SMITH"},{"data":"Strike_R","floor":10,"key":"SMITH"},{"data":"Clash","floor":15,"key":"SMITH"}],"circlet_count":0,"master_deck":["Strike_R+1","Strike_R+1","Strike_R","Strike_R","Strike_R","Defend_R","Defend_R","Defend_R","Defend_R","Bash","Clash+1","Metallicize","Headbutt","Perfected Strike","Headbutt","Twin Strike","Impervious","Twin Strike","Reckless Charge"],"relics":["Burning Blood","NeowsBlessing","Mercury Hourglass","Bag of Preparation"],"acts_visited":["Exordium"],"potions_floor_usage":[],"damage_taken":[{"damage":0,"enemies":"Cultist","floor":1,"turns":1},{"damage":0,"enemies":"2 Louse","floor":2,"turns":1},{"damage":0,"enemies":"Jaw Worm","floor":3,"turns":1},{"damage":12,"enemies":"Looter","floor":4,"turns":5},{"damage":14,"enemies":"Blue Slaver","floor":5,"turns":5},{"damage":10,"enemies":"Gremlin Gang","floor":7,"turns":5},{"damage":20,"enemies":"2 Fungi Beasts","floor":8,"turns":4},{"damage":13,"enemies":"Red Slaver","floor":11,"turns":2},{"damage":16,"enemies":"Gremlin Nob","floor":12,"turns":5},{"damage":2,"enemies":"Looter","floor":14,"turns":2},{"damage":49,"enemies":"The Guardian","floor":16,"turns":7}],"seed_played":"865617313949647296","potions_obtained":[{"floor":4,"key":"Regen Potion"},{"floor":5,"key":"LiquidBronze"},{"floor":8,"key":"Ancient Potion"},{"floor":12,"key":"Weak Potion"}],"is_trial":false,"path_per_floor":["M","M","M","M","M","R","M","M","T","R","M","E","?","M","R","B"],"character_chosen":"IRONCLAD","items_purchased":[],"campfire_rested":0,"item_purchase_floors":[],"current_hp_per_floor":[80,80,80,74,77,77,73,59,59,59,52,42,42,46,46,0,0],"gold":269,"neow_bonus":"THREE_ENEMY_KILL","is_daily":false,"chose_seed":false,"campfire_upgraded":3,"win_rate":0.0,"timestamp":1609832874,"path_taken":["M","M","M","M","M","R","M","M","T","R","M","E","?","M","R","BOSS"],"items_purchased_type":[],"build_version":"2020-12-22","purchased_purges":0,"victory":false,"max_hp_per_floor":[80,80,80,80,80,80,80,80,80,80,80,80,80,80,80,80,80],"relic_stats":{"counters":[11,38],"Bag of Preparation":[4],"obtain_stats":[{"NeowsBlessing":0,"Bag of Preparation":12,"Burning Blood":0,"Mercury Hourglass":9},{"NeowsBlessing":0,"Bag of Preparation":9,"Burning Blood":0,"Mercury Hourglass":7},{"NeowsBlessing":0,"Bag of Preparation":29,"Burning Blood":0,"Mercury Hourglass":22}],"Burning Blood":42,"Mercury Hourglass":[45]},"card_choices":[{"not_picked":["True Grit","Warcry"],"picked":"Clash","floor":1},{"not_picked":["Ghostly Armor","Sword Boomerang"],"picked":"Metallicize","floor":2},{"not_picked":["Inflame","Second Wind","True Grit"],"picked":"SKIP","floor":3},{"not_picked":["Havoc","True Grit"],"picked":"Headbutt","floor":4},{"not_picked":["Second Wind","Pommel Strike"],"picked":"Perfected Strike","floor":5},{"not_picked":["Shrug It Off","Entrench"],"picked":"Headbutt","floor":7},{"not_picked":["Heavy Blade","True Grit"],"picked":"Twin Strike","floor":8},{"not_picked":["Power Through","Cleave"],"picked":"Impervious","floor":11},{"not_picked":["True Grit","Iron Wave"],"picked":"Twin Strike","floor":12},{"not_picked":["Twin Strike","Flex"],"picked":"Reckless Charge","floor":14}],"player_experience":1432190,"relics_obtained":[{"floor":9,"key":"Mercury Hourglass"},{"floor":12,"key":"Bag of Preparation"}],"event_choices":[{"damage_healed":0,"gold_gain":0,"player_choice":"Ignored","damage_taken":0,"max_hp_gain":0,"max_hp_loss":0,"event_name":"Upgrade Shrine","floor":13,"gold_loss":0}],"is_beta":false,"boss_relics":[],"items_purged_floors":[],"is_endless":false,"potions_floor_spawned":[4,5,8,12],"killed_by":"The Guardian","ascension_level":0}}