{"host":"r6jigiblrojhp6xe","time":1609874279,"event":{"mods":["AchievementEnabler","BaseMod","DeckTracker","Minty Spire (QoL Compilation)","Quick Restart","Rare Cards Sparkle","Relic Stats","StSLib","SuperFastMode","The Cursed","everything is the same but u backflip on backflip"],"gold_per_floor":[118,118,118,137,137,177,177,195,265,300,315,315,355,109,109,203,203,223,223,248,264,283,283,297,331,331,331,355,380,380,14,14,112,112,137,152,14,29,44,44,78,78,78],"floor_reached":42,"playtime":1507,"items_purged":["Strike_G","Strike_G","Strike_G"],"score":1036,"play_id":"345d221c-a478-42ea-bc3a-0791b83e8d6a","local_time":"20210106041759","is_ascension_mode":true,"campfire_choices":[{"data":"Neutralize","floor":7.0,"key":"SMITH"},{"floor":12.0,"key":"REST"},{"floor":15.0,"key":"REST"},{"data":"Unload","floor":23.0,"key":"SMITH"},{"data":"Cloak And Dagger","floor":27.0,"key":"SMITH"},{"data":"Cloak And Dagger","floor":30.0,"key":"SMITH"},{"floor":32.0,"key":"REST"},{"data":"Acrobatics","floor":40.0,"key":"SMITH"}],"circlet_count":0,"master_deck":["AscendersBane","Strike_G","Strike_G","Defend_G","Defend_G","Defend_G","Defend_G","Defend_G","Survivor","Neutralize+1","Dagger Throw","All Out Attack","Dash","Unload+1","Infinite Blades+1","Blade Dance","Cloak And Dagger+1","Cloak And Dagger+1","Acrobatics+1","Footwork","Grand Finale","Finisher+1","Acrobatics","Blade Dance","Finesse","Blade Dance","Prepared+1"],"relics":["Ring of the Snake","NeowsBlessing","Golden Idol","Bag of Marbles","Lantern","Kunai","Bird Faced Urn","Mercury Hourglass","TwistedFunnel","HoveringKite","Happy Flower","Art of War","Bag of Preparation","Membership Card","Strawberry","Cursed Key","Regal Pillow"],"acts_visited":["Exordium","TheCity","TheBeyond"],"potions_floor_usage":[],"damage_taken":[{"damage":0.0,"enemies":"Small Slimes","floor":1.0,"turns":1.0},{"damage":0.0,"enemies":"Jaw Worm","floor":4.0,"turns":1.0},{"damage":0.0,"enemies":"3 Sentries","floor":6.0,"turns":1.0},{"damage":1.0,"enemies":"2 Louse","floor":8.0,"turns":2.0},{"damage":25.0,"enemies":"Gremlin Nob","floor":10.0,"turns":4.0},{"damage":3.0,"enemies":"2 Fungi Beasts","floor":11.0,"turns":3.0},{"damage":1.0,"enemies":"3 Sentries","floor":13.0,"turns":8.0},{"damage":26.0,"enemies":"Slime Boss","floor":16.0,"turns":7.0},{"damage":0.0,"enemies":"2 Thieves","floor":18.0,"turns":4.0},{"damage":0.0,"enemies":"Chosen","floor":21.0,"turns":3.0},{"damage":4.0,"enemies":"Centurion and Healer","floor":22.0,"turns":6.0},{"damage":8.0,"enemies":"Snecko","floor":24.0,"turns":5.0},{"damage":33.0,"enemies":"Book of Stabbing","floor":25.0,"turns":5.0},{"damage":0.0,"enemies":"Cultist and Chosen","floor":28.0,"turns":3.0},{"damage":9.0,"enemies":"Centurion and Healer","floor":29.0,"turns":4.0},{"damage":10.0,"enemies":"Champ","floor":33.0,"turns":30.0},{"damage":0.0,"enemies":"3 Shapes","floor":35.0,"turns":6.0},{"damage":19.0,"enemies":"3 Darklings","floor":36.0,"turns":3.0},{"damage":3.0,"enemies":"Sphere and 2 Shapes","floor":38.0,"turns":9.0},{"damage":0.0,"enemies":"Jaw Worm Horde","floor":39.0,"turns":3.0},{"damage":0.0,"enemies":"Giant Head","floor":41.0,"turns":6.0},{"damage":0,"enemies":"Writhing Mass","floor":42,"turns":5}],"seed_played":"-5173680374707125889","potions_obtained":[{"floor":1.0,"key":"LiquidBronze"},{"floor":4.0,"key":"BlessingOfTheForge"},{"floor":11.0,"key":"SkillPotion"},{"floor":13.0,"key":"Regen Potion"},{"floor":24.0,"key":"Dexterity Potion"},{"floor":33.0,"key":"BlessingOfTheForge"},{"floor":35.0,"key":"ColorlessPotion"}],"is_trial":false,"path_per_floor":["M","?","?","M","?","E","R","M","T","E","M","R","E","$","R","B",null,"M","?","T","M","M","R","M","E","T","R","M","M","R","$","R","B",null,"M","M","$","M","M","R","E","M"],"character_chosen":"THE_SILENT","items_purchased":["TwistedFunnel","Membership Card","Acrobatics","Footwork","Strawberry","Blade Dance","Finesse"],"campfire_rested":3,"item_purchase_floors":[14,31,31,31,31,37,37],"current_hp_per_floor":[59,59,59,59,33,33,33,32,32,7,4,22,21,21,39,13,48,48,48,48,50,48,48,42,11,11,11,13,6,6,13,33,27,57,61,46,46,47,51,51,55,59,59],"gold":78,"neow_bonus":"THREE_ENEMY_KILL","is_daily":false,"chose_seed":false,"campfire_upgraded":5,"win_rate":0.0,"timestamp":1609874279,"path_taken":["M","?","?","?","?","E","R","M","T","E","M","R","E","$","R","BOSS","M","?","?","M","M","R","M","E","T","R","M","?","R","$","R","BOSS","M","M","?","M","?","R","E","M"],"items_purchased_type":["Relic","Relic","Card","Card","Relic","Card","Card"],"build_version":"2020-12-22","purchased_purges":3,"victory":false,"max_hp_per_floor":[66,66,60,60,60,60,60,60,60,60,60,60,60,60,60,60,60,60,60,60,60,60,60,60,60,60,60,60,60,60,67,67,67,67,67,67,67,67,67,67,67,67,67],"relic_stats":{"Regal Pillow":0,"Happy Flower":[29],"counters":[22,117],"Golden Idol":125,"HoveringKite":[52],"Bag of Preparation":[18],"Cursed Key":0,"Mercury Hourglass":[276],"Bird Faced Urn":[40],"Art of War":[8],"Kunai":[109],"obtain_stats":[{"TwistedFunnel":14,"Lantern":6,"Regal Pillow":41,"NeowsBlessing":0,"Happy Flower":20,"Golden Idol":3,"HoveringKite":17,"Bag of Preparation":26,"Cursed Key":34,"Mercury Hourglass":13,"Bird Faced Urn":10,"Strawberry":31,"Bag of Marbles":5,"Art of War":25,"Kunai":9,"Membership Card":31,"Ring of the Snake":0},{"TwistedFunnel":7,"Lantern":3,"Regal Pillow":21,"NeowsBlessing":0,"Happy Flower":9,"Golden Idol":1,"HoveringKite":8,"Bag of Preparation":13,"Cursed Key":16,"Mercury Hourglass":7,"Bird Faced Urn":5,"Strawberry":15,"Bag of Marbles":2,"Art of War":13,"Kunai":4,"Membership Card":15,"Ring of the Snake":0},{"TwistedFunnel":20,"Lantern":3,"Regal Pillow":112,"NeowsBlessing":0,"Happy Flower":31,"Golden Idol":1,"HoveringKite":27,"Bag of Preparation":50,"Cursed Key":87,"Mercury Hourglass":20,"Bird Faced Urn":9,"Strawberry":57,"Bag of Marbles":2,"Art of War":50,"Kunai":5,"Membership Card":57,"Ring of the Snake":0}],"Ring of the Snake":[44]},"card_choices":[{"not_picked":["Heel Hook","Crippling Poison","Underhanded Strike"],"picked":"SKIP","floor":1.0},{"not_picked":["Dash","Well Laid Plans"],"picked":"Dagger Throw","floor":4.0},{"not_picked":["Expertise","Bane"],"picked":"All Out Attack","floor":6.0},{"not_picked":["Riddle With Holes","Outmaneuver","Accuracy"],"picked":"SKIP","floor":8.0},{"not_picked":["Prepared","PiercingWail","Cloak And Dagger"],"picked":"SKIP","floor":10.0},{"not_picked":["PiercingWail","Calculated Gamble"],"picked":"Dash","floor":11.0},{"not_picked":["Bane","Cloak And Dagger"],"picked":"Unload","floor":13.0},{"not_picked":["Quick Slash","Infinite Blades+1","Flying Knee"],"picked":"SKIP","floor":18.0},{"not_picked":["Quick Slash","Flying Knee"],"picked":"Infinite Blades+1","floor":18.0},{"not_picked":["Setup","Distraction","Dodge and Roll"],"picked":"SKIP","floor":21.0},{"not_picked":["Dodge and Roll","Poisoned Stab","Predator"],"picked":"SKIP","floor":22.0},{"not_picked":["Backflip","Terror"],"picked":"Blade Dance","floor":24.0},{"not_picked":["Poisoned Stab","Bouncing Flask"],"picked":"Cloak And Dagger","floor":25.0},{"not_picked":["PiercingWail","Sucker Punch","Quick Slash"],"picked":"SKIP","floor":28.0},{"not_picked":["Doppelganger","Tactician"],"picked":"Cloak And Dagger","floor":29.0},{"not_picked":["Burst","Wraith Form v2"],"picked":"Grand Finale","floor":33.0},{"not_picked":["Calculated Gamble","Outmaneuver"],"picked":"Finisher+1","floor":35.0},{"not_picked":["Distraction","Infinite Blades"],"picked":"Acrobatics","floor":36.0},{"not_picked":["Setup","Prepared","PiercingWail"],"picked":"SKIP","floor":38.0},{"not_picked":["Flying Knee+1","Poisoned Stab"],"picked":"Blade Dance","floor":39.0},{"not_picked":["Unload","Infinite Blades"],"picked":"Prepared+1","floor":41.0}],"player_experience":567871,"relics_obtained":[{"floor":6.0,"key":"Lantern"},{"floor":9.0,"key":"Kunai"},{"floor":10.0,"key":"Bird Faced Urn"},{"floor":13.0,"key":"Mercury Hourglass"},{"floor":20.0,"key":"Happy Flower"},{"floor":25.0,"key":"Art of War"},{"floor":26.0,"key":"Bag of Preparation"},{"floor":41.0,"key":"Regal Pillow"}],"event_choices":[{"damage_healed":0.0,"max_hp_gain":0.0,"max_hp_loss":0.0,"gold_gain":0.0,"event_name":"Liars Game","player_choice":"Ignored","floor":2.0,"gold_loss":0.0,"damage_taken":0.0},{"damage_healed":0.0,"max_hp_gain":0.0,"max_hp_loss":6.0,"gold_gain":0.0,"event_name":"Golden Idol","player_choice":"Lose Max HP","floor":3.0,"gold_loss":0.0,"damage_taken":0.0,"relics_obtained":["Golden Idol"]},{"damage_healed":0.0,"max_hp_gain":0.0,"max_hp_loss":0.0,"gold_gain":0.0,"event_name":"Scrap Ooze","player_choice":"Success","floor":5.0,"gold_loss":0.0,"damage_taken":26.0,"relics_obtained":["Bag of Marbles"]},{"damage_healed":0.0,"max_hp_gain":0.0,"max_hp_loss":0.0,"gold_gain":0.0,"event_name":"Vampires","player_choice":"Ignored","floor":19.0,"gold_loss":0.0,"damage_taken":0.0}],"is_beta":false,"boss_relics":[{"not_picked":["Coffee Dripper","Black Star"],"picked":"HoveringKite"},{"not_picked":["SlaversCollar","Tiny House"],"picked":"Cursed Key"}],"items_purged_floors":[14,31,37],"is_endless":false,"potions_floor_spawned":[1,4,6,11,13,24,28,33,35,39],"killed_by":"Writhing Mass","ascension_level":20}}