{"host":"q79spna8ofw6hj3r","time":1609814992,"event":{"mods":["Aspiration","BaseMod","Bestiary","Better Altar","Better Match","Better Note","Better Sensory Stone","Better Skull","Better Third Choice","Better Vampires","BetterRewards","Block Reminder","Card Filter","Challenge The Spire","Colored Map","Colored Powertips","Conspire","Custom Start","Energized Spire","Halation","Hubris","Infinite Spire","Jedi Mod","Mimic Mod","Minty Spire (QoL Compilation)","Permanent Neow","Quick Restart","Relic Filter","Relic Sorter","Replay The Spire","Shop Mod","StSLib","SuperFastMode","Synergy Search","The Servant 0.9.4","vexMod"],"gold_per_floor":[111,129,147,166,166,166,181,181,181,209,219,230,249,284,284,386,386,396,411,218,218,237,237,256,84,84,98,98,26,26,38,38,135,135,153,351,261,261,275,303,323,323,323,343,343,343,343,360,360,360,360],"floor_reached":50,"playtime":1941,"items_purged":["Strike_S","Strike_S","hubris:Sloth"],"score":588,"play_id":"f591b27f-3802-44e3-a482-cf55eb6ebf0d","local_time":"20210105044952","is_ascension_mode":false,"campfire_choices":[{"data":"Ricochet","floor":6,"key":"SMITH"},{"data":"SoulSculpture","floor":8,"key":"SMITH"},{"data":"MurderousAura","floor":15,"key":"SMITH"},{"data":"MurderousAura","floor":23,"key":"SMITH"},{"floor":28,"key":"REST"},{"data":"Ricochet","floor":30,"key":"SMITH"},{"floor":38,"key":"REST"},{"floor":42,"key":"REST"},{"data":"SurpressingFire","floor":45,"key":"SMITH"},{"floor":49,"key":"REST"}],"circlet_count":0,"master_deck":["Strike_S","Defend_S","Defend_S","Defend_S+1","Defend_S+1","KidneyShot","Exchange","SoulSculpture+1","Ricochet+1","SurpressingFire+1","Misdirection","Rearm","Ricochet+1","MurderousAura+1","MurderousAura+1","Misdirection+1","SilverBlades+1","SurpressingFire+1","Clumsy","Clumsy","Dilation+1","MurderousAura+1","Barrier+1","ShiftingGears+1"],"relics":["Uniform","FaceOfCleric","hubris:MobiusCoin","Smiling Mask","Replay:Baseball","jedi:arcanewood","Meat on the Bone","Replay:Ancient Bell","Dream Catcher","infinitespire:BottledMercury","Lizard Tail","hubris:NiceRug","Gremlin Food","Pen Nib","Toolbox","halation:AfternoonTea","jedi:shrinkray"],"acts_visited":["Exordium","TheCity","TheBeyond"],"potions_floor_usage":[10,14,14,27,31,36,40,40,40,40,40,50,50],"damage_taken":[{"damage":0,"enemies":"Cultist","floor":1,"turns":3},{"damage":0,"enemies":"2 Louse","floor":2,"turns":1},{"damage":6,"enemies":"Jaw Worm","floor":3,"turns":3},{"damage":1,"enemies":"Red Slaver","floor":4,"turns":3},{"damage":4,"enemies":"Exordium Thugs","floor":7,"turns":3},{"damage":0,"enemies":"Gremlin Nob","floor":10,"turns":4},{"damage":0,"enemies":"2 Fungi Beasts","floor":11,"turns":3},{"damage":13,"enemies":"Lots of Slimes","floor":12,"turns":4},{"damage":1,"enemies":"Exordium Wildlife","floor":13,"turns":3},{"damage":0,"enemies":"Lagavulin","floor":14,"turns":9},{"damage":7,"enemies":"Hexaghost","floor":16,"turns":10},{"damage":5,"enemies":"3 Byrds","floor":18,"turns":4},{"damage":13,"enemies":"Shell Parasite","floor":19,"turns":5},{"damage":16,"enemies":"3 Cultists","floor":22,"turns":5},{"damage":22,"enemies":"Chosen and Byrds","floor":24,"turns":5},{"damage":13,"enemies":"Shelled Parasite and Fungi","floor":27,"turns":4},{"damage":12,"enemies":"Snake Plant","floor":31,"turns":6},{"damage":10,"enemies":"conspire:MysteriousRune","floor":33,"turns":11},{"damage":42,"enemies":"Orb Walker","floor":35,"turns":6},{"damage":70,"enemies":"hubris:Merchant","floor":36,"turns":13},{"damage":2,"enemies":"3 Shapes","floor":39,"turns":3},{"damage":45,"enemies":"Nemesis","floor":40,"turns":9},{"damage":24,"enemies":"Spire Growth","floor":41,"turns":6},{"damage":0,"enemies":"Maw","floor":44,"turns":12},{"damage":8,"enemies":"Jaw Worm Horde","floor":48,"turns":6},{"damage":108,"enemies":"hubris:GrandSnecko","floor":50,"turns":15}],"seed_played":"5585864739572226053","potions_obtained":[{"floor":1,"key":"LifebloodPotion"},{"floor":3,"key":"SkillPotion"},{"floor":7,"key":"Swift Potion"},{"floor":11,"key":"ColorlessPotion"},{"floor":13,"key":"LifebloodPotion"},{"floor":19,"key":"Toxic Potion"},{"floor":22,"key":"SpeedPotion"},{"floor":24,"key":"Adrenaline Potion"},{"floor":33,"key":"Elixir"},{"floor":36,"key":"EntropicBrew"},{"floor":36,"key":"DistilledChaos"},{"floor":41,"key":"BlessingOfTheForge"}],"is_trial":false,"path_per_floor":["M","M","M","M","?","R","M","R","T","E","M","M","M","E","R_BF","B",null,"M","M","$","?","M","R","M","$","T","M","R","$","R","M","R_BF","B",null,"M","$","?","R","M","E","M","R","T","M","R","?","$","M","R","B"],"character_chosen":"THE_SERVANT","items_purchased":["MurderousAura","jedi:arcanewood","Misdirection","SurpressingFire","Dilation+1"],"campfire_rested":4,"item_purchase_floors":[20,25,25,29,36],"current_hp_per_floor":[65,65,59,58,58,58,55,55,55,56,57,45,45,46,46,40,72,68,56,56,56,41,41,20,20,20,20,43,43,43,44,67,58,79,50,43,43,67,66,34,23,48,48,85,85,85,85,78,86,0,0],"gold":360,"neow_bonus":"ONE_RANDOM_RARE_CARD","is_daily":false,"chose_seed":false,"campfire_upgraded":6,"win_rate":0.0,"timestamp":1609814992,"path_taken":["M","M","M","?","?","R","M","R","T","E","M","M","M","E","R_BF","BOSS","M","M","?","?","?","R","M","$","T","M","R","?","?","M","R_BF","BOSS","M","$","?","?","M","E","?","R","T","M","R","?","$","M","R","BOSS"],"items_purchased_type":["Card","Relic","Card","Card","Card"],"build_version":"2020-12-22","purchased_purges":3,"victory":false,"max_hp_per_floor":[65,65,65,65,65,65,66,66,66,67,68,69,70,71,71,72,72,73,74,74,74,75,75,76,76,76,77,77,77,77,78,78,79,79,80,81,81,81,82,83,84,84,84,85,85,85,85,86,86,86,86],"card_choices":[{"not_picked":["BottledTime","Starlight"],"picked":"Ricochet","floor":1},{"not_picked":["ShatteredReality","TimeWarp","BottledTime"],"picked":"SKIP","floor":2},{"not_picked":["Alleviate","SpecialFormula"],"picked":"SurpressingFire","floor":3},{"not_picked":["Potential","ShatteredReality"],"picked":"Misdirection","floor":4},{"not_picked":["Revamp","DoubleEdge","RealityMarble"],"picked":"SKIP","floor":7},{"not_picked":["Hightail","Deny"],"picked":"Rearm","floor":10},{"not_picked":["Replace","DoubleEdge"],"picked":"Ricochet","floor":11},{"not_picked":["Defy","MoonPhase","Foresight"],"picked":"SKIP","floor":12},{"not_picked":["Moonlight","Snipe","Duplication"],"picked":"SKIP","floor":13},{"not_picked":["Misdirection","Gouge"],"picked":"MurderousAura","floor":14},{"not_picked":["ShiftingGears","ShatteredReality","Alleviate"],"picked":"SKIP","floor":18},{"not_picked":["FanOfKnives","Starlight","Revamp+1"],"picked":"SKIP","floor":19},{"not_picked":["Replace","BottledTime","Revamp"],"picked":"SKIP","floor":22},{"not_picked":["Alleviate","Duplication","FastForward"],"picked":"SKIP","floor":24},{"not_picked":["Rewind+1","Defy"],"picked":"SilverBlades+1","floor":27},{"not_picked":["DoubleEdge+1","Spin+1","Moondial"],"picked":"SKIP","floor":31},{"not_picked":["vexMod:UltimateCard","hubris:Sloth"],"picked":"Clumsy","floor":34},{"not_picked":["Decay","Delirium"],"picked":"Clumsy","floor":34},{"not_picked":["Hallucinations","CurseOfTheBell"],"picked":"hubris:Sloth","floor":34},{"not_picked":["Revamp+1","ShatteredReality+1","Starlight"],"picked":"SKIP","floor":35},{"not_picked":[],"picked":"MurderousAura","floor":36},{"not_picked":["Snipe"],"picked":"SKIP","floor":36},{"not_picked":["Potential"],"picked":"SKIP","floor":36},{"not_picked":["Revamp"],"picked":"SKIP","floor":36},{"not_picked":["Dramatic Entrance"],"picked":"SKIP","floor":36},{"not_picked":["jedi:RedIncense"],"picked":"SKIP","floor":36},{"not_picked":["Snipe+1","Collapse+1"],"picked":"Barrier+1","floor":38},{"not_picked":["Moonlight+1","Starlight+1","Manipulate+1"],"picked":"SKIP","floor":39},{"not_picked":["MoonPhase","RealityMarble","FastForward+1"],"picked":"SKIP","floor":40},{"not_picked":["Moondial","Foresight","Unruled+1"],"picked":"SKIP","floor":41},{"not_picked":["ShatteredReality","Desolation","Alleviate"],"picked":"SKIP","floor":44},{"not_picked":["Unruled","FastForward","FanOfKnives"],"picked":"SKIP","floor":48},{"not_picked":["ForgedInTime","Comet+1"],"picked":"ShiftingGears+1","floor":49}],"player_experience":203644,"relics_obtained":[{"floor":9,"key":"hubris:MobiusCoin"},{"floor":10,"key":"Smiling Mask"},{"floor":14,"key":"Replay:Baseball"},{"floor":26,"key":"Meat on the Bone"},{"floor":36,"key":"Gremlin Food"},{"floor":36,"key":"Pen Nib"},{"floor":36,"key":"Toolbox"},{"floor":40,"key":"halation:AfternoonTea"},{"floor":43,"key":"jedi:shrinkray"}],"event_choices":[{"damage_healed":0,"gold_gain":0,"player_choice":"Trade","damage_taken":0,"relics_obtained":["FaceOfCleric"],"max_hp_gain":0,"max_hp_loss":0,"event_name":"FaceTrader","floor":5,"gold_loss":0},{"damage_healed":0,"gold_gain":0,"player_choice":"Ignored","damage_taken":0,"max_hp_gain":0,"max_hp_loss":0,"event_name":"betterNote:BetterNote","floor":21,"gold_loss":0,"cards_obtained":["Defend_S"]},{"cards_removed":["Strike_S"],"damage_healed":0,"gold_gain":0,"player_choice":"Upgrade and Remove","damage_taken":0,"max_hp_gain":0,"max_hp_loss":0,"event_name":"Designer","floor":37,"gold_loss":90,"cards_upgraded":["MurderousAura"]},{"damage_healed":0,"gold_gain":0,"player_choice":"Bought 0 Potions","damage_taken":0,"max_hp_gain":0,"max_hp_loss":0,"event_name":"The Woman in Blue","floor":46,"gold_loss":0}],"is_beta":false,"boss_relics":[{"not_picked":["conspire:SeveredTorchhead","Painkiller Herb","halation:SmartPhone"]},{"not_picked":["vexMod:RockOfEvil","Snecko Eye"],"picked":"Replay:Ancient Bell"},{"not_picked":["aspiration:HiddenCompartment","Regal Pillow"],"picked":"Dream Catcher"},{"not_picked":["Mirror","Replay:Accelerometer"],"picked":"infinitespire:BottledMercury"},{"not_picked":["jedi:kaleidoscope","Gambling Chip"],"picked":"Lizard Tail"}],"items_purged_floors":[20,25,36],"is_endless":false,"potions_floor_spawned":[1,3,7,11,13,19,22,24,33,41],"killed_by":"hubris:GrandSnecko","ascension_level":0}}