{"host":"appz8zkad29u9482","time":1609838626,"event":{"mods":["2.2 Compatiblity","Act Like it!","Aspiration","BaseMod","Beaked The Cultist","Better Altar","Better Match","Better Note","Better Skull","Better Third Choice","BetterRewards","CapriCore","Conspire","Disable Question Mark Monsters","Energized Spire","Gensokyo","GifTheSpireLib","Gold Saver","Halation","Hermit","Hubris","Infinite Spire","Jedi Mod","Jorbs\u0027s Wanderer Trilogy","Koishi","Marisa????????","Minty Spire (QoL Compilation)","Permanent Neow","Reimu??????","Replay The Spire","Spicy Shops","StSLib","Strawberry Spire","Stuff the Spire","The Administrix","The Cursed","The Hierophant","The Immortal","The Marked","The Servant 0.9.4","yUi"],"gold_per_floor":[1169,1183,949,949,949,949,568,598,598,635,655,655,699,724,724,843,843,874,918,918,641,659,659,700,700,723,787,826,826,826,864,864,966,966,983,883,906,933,635,677,694,694,763,763,787,787,787,787,787,794,794,794,439,439,439],"floor_reached":54,"playtime":4013,"items_purged":[],"score":938,"play_id":"997ba27e-238e-4fd0-b5cf-bc8d2456dc42","local_time":"20210104232346","is_ascension_mode":true,"campfire_choices":[{"data":"Backflip","floor":6,"key":"SMITH"},{"data":"StuffTheSpire:FreeRealEstate","floor":12,"key":"SMITH"},{"floor":15,"key":"REST"},{"data":"Doppelganger","floor":23,"key":"SMITH"},{"data":"Footwork","floor":25,"key":"SMITH"},{"data":"ReplayTheSpireMod:Scrap Shanks","floor":30,"key":"SMITH"},{"data":"Poison Darts","floor":32,"key":"SMITH"},{"floor":44,"key":"REST"},{"floor":47,"key":"RECALL"},{"data":"Infinite Blades","floor":49,"key":"SMITH"}],"circlet_count":0,"master_deck":["Barricade+1","Defend_G","Defend_G","Defend_G","Defend_G","Defend_G","Survivor","Neutralize","strawberrySpire:SpinKick","Backflip+1","StuffTheSpire:FreeRealEstate+1","ReplayTheSpireMod:Speed Training","Cloak And Dagger","strawberrySpire:Slide","Footwork+1","Dagger Throw+1","jedi:brewingpoison","Dodge and Roll+1","Poisoned Stab+1","Cloak And Dagger+1","Bite+1","Bite+1","Bite+1","Bite+1","Deflect+1","Doppelganger+1","ReplayTheSpireMod:Scrap Shanks+1","Cloak And Dagger+1","Poison Darts+1","infinitespire:Neurotoxin","Envenom","Noxious Fumes","Deadly Poison+1","Draining Mist+1","Infinite Blades+1","jedi:poisonivy+1","Noxious Fumes","StuffTheSpire:Sprint+1","Panache","Envenom+1","Replay:Parry+1"],"relics":["Ring of the Snake","NeowsBlessing","StuffTheSpire:Mouthbags","Regal Pillow","Membership Card","White Beast Statue","Dream Catcher","jedi:kaleidoscope","Molten Egg 2","hubris:OldNail","Pear","halation:Yufonium","StuffTheSpire:Rhapsscallions","Mercury Hourglass","Letter Opener","halation:PrussianBluePaint","ReplayTheSpireMod:TigerMarble","halation:PromiseList","Chameleon Ring","halation:OrihimeAndHikoboshiSamaAndTears","WristBlade","ReplayTheSpireMod:Shallot","beaked:SacredDeck","StuffTheSpire:GrapeVine","Shuriken","TentaclePot:ReiMu","Iron Hammer","hubris:FunFungus","Busted Crown","hubris:Icosahedron","strawberrySpire:CharschorBlot","halation:Jellyphish","halation:BlackBeret"],"acts_visited":["Exordium","TheCity","TheBeyond","TheEnding"],"potions_floor_usage":[10,10,13,13,16,18,24,50,50,50,50],"damage_taken":[{"damage":0,"enemies":"Small Slimes","floor":1,"turns":1},{"damage":0,"enemies":"Cultist","floor":2,"turns":1},{"damage":0,"enemies":"Gremlin Nob","floor":8,"turns":1},{"damage":0,"enemies":"3 Sentries","floor":10,"turns":10},{"damage":4,"enemies":"Jaw Worm","floor":11,"turns":4},{"damage":6,"enemies":"Lagavulin","floor":13,"turns":6},{"damage":12,"enemies":"Large Slime","floor":14,"turns":9},{"damage":26,"enemies":"Hexaghost","floor":16,"turns":10},{"damage":13,"enemies":"Shell Parasite","floor":18,"turns":9},{"damage":14,"enemies":"2 Thieves","floor":22,"turns":4},{"damage":12,"enemies":"Slavers","floor":24,"turns":5},{"damage":0,"enemies":"conspire:MimicChest","floor":27,"turns":13},{"damage":15,"enemies":"Gremlin Leader","floor":28,"turns":7},{"damage":24,"enemies":"Slavers","floor":31,"turns":3},{"damage":16,"enemies":"conspire:MysteriousRune","floor":33,"turns":7},{"damage":5,"enemies":"3 Darklings","floor":35,"turns":4},{"damage":0,"enemies":"Orb Walker","floor":37,"turns":2},{"damage":7,"enemies":"3 Darklings","floor":38,"turns":3},{"damage":23,"enemies":"Giant Head","floor":40,"turns":7},{"damage":20,"enemies":"Maw","floor":41,"turns":5},{"damage":0,"enemies":"Jaw Worm Horde","floor":45,"turns":2},{"damage":10,"enemies":"infinitespire:MassOfShapes","floor":50,"turns":7},{"damage":40,"enemies":"Shield and Spear","floor":54,"turns":3}],"seed_played":"6639427337067886441","potions_obtained":[{"floor":2,"key":"SkillPotion"},{"floor":5,"key":"LiquidMemories"},{"floor":5,"key":"Weak Potion"},{"floor":5,"key":"Reflective Coating"},{"floor":10,"key":"LiquidBronze"},{"floor":11,"key":"Poison Potion"},{"floor":13,"key":"Dexterity Potion"},{"floor":14,"key":"Reflective Coating"},{"floor":16,"key":"jedi:StrikingPotion"},{"floor":18,"key":"Swift Potion"},{"floor":24,"key":"LifebloodPotion"},{"floor":33,"key":"jedi:tentaclejuice"},{"floor":52,"key":"SkillPotion"},{"floor":52,"key":"Fire Potion"}],"is_trial":false,"path_per_floor":["M","M","$","?","?","R","$","E","T","E","M","R","E","M","R","B",null,"M","?","?","$","M","R","E","R","T","?","E","AVR","R","E","R","B",null,"M","NS","M","M","$","E","M","HB","T","R","M","AVR","R","?","R","B",null,"R","$","E"],"character_chosen":"THE_SILENT","items_purchased":["Well Laid Plans+1","StuffTheSpire:Mouthbags","Membership Card","StuffTheSpire:FreeRealEstate","White Beast Statue","Dream Catcher","Mercury Hourglass","Deflect+1","Letter Opener","StuffTheSpire:GrapeVine","Shuriken","TentaclePot:ReiMu","Infinite Blades","Panache","strawberrySpire:CharschorBlot","halation:Jellyphish","Replay:Parry+1"],"campfire_rested":2,"item_purchase_floors":[3,3,7,7,7,7,21,21,21,39,39,39,39,53,53,53,53],"current_hp_per_floor":[70,70,70,70,70,70,70,70,70,70,66,66,70,58,80,54,80,67,49,49,49,45,45,51,51,51,57,51,51,51,36,36,47,57,57,57,57,56,56,40,32,29,29,29,29,29,29,29,29,22,29,29,29,0,0],"gold":439,"neow_bonus":"THREE_ENEMY_KILL","is_daily":false,"chose_seed":false,"campfire_upgraded":7,"win_rate":0.0,"timestamp":1609838626,"path_taken":["M","M","$","?","?","R","?","E","T","E","M","R","E","M","R","BOSS","M","?","?","$","M","R","E","R","T","?","E","AVR","R","E","R","BOSS","M","NS","?","M","$","E","M","HB","T","R","M","AVR","R","?","R","BOSS","R","$","E"],"items_purchased_type":["Card","Relic","Relic","Card","Relic","Relic","Relic","Card","Relic","Relic","Relic","Relic","Card","Card","Relic","Relic","Card"],"build_version":"2020-12-22","purchased_purges":0,"victory":false,"max_hp_per_floor":[70,70,70,70,70,70,70,70,70,70,70,70,80,80,80,80,80,80,82,57,57,57,57,57,57,57,57,57,57,57,57,57,57,57,57,57,57,57,57,57,57,29,29,29,29,29,29,29,29,29,29,29,29,29,29],"card_choices":[{"not_picked":["Dash","strawberrySpire:Insectonator"],"picked":"Backflip","floor":1},{"not_picked":["Bane","Terror"],"picked":"strawberrySpire:SpinKick","floor":2},{"not_picked":["Flying Knee","Backflip"],"picked":"ReplayTheSpireMod:Speed Training","floor":8},{"not_picked":["strawberrySpire:Insectonator","StuffTheSpire:Python"],"picked":"Cloak And Dagger","floor":10},{"not_picked":["jedi:studypoison","strawberrySpire:Pant"],"picked":"strawberrySpire:Slide","floor":11},{"not_picked":["Hidden Blade","jedi:studyshivs"],"picked":"Footwork","floor":13},{"not_picked":["StuffTheSpire:Python","Outmaneuver"],"picked":"Slice+1","floor":14},{"not_picked":["Poisoned Stab+1","strawberrySpire:Slide"],"picked":"Dagger Throw+1","floor":15},{"not_picked":["Wraith Form v2","Unload+1"],"picked":"jedi:brewingpoison","floor":16},{"not_picked":["StuffTheSpire:Repulse","Outmaneuver+1"],"picked":"Dodge and Roll+1","floor":18},{"not_picked":["PiercingWail","Hidden Blade"],"picked":"Poisoned Stab+1","floor":19},{"not_picked":["Setup","Dagger Throw+1"],"picked":"Cloak And Dagger+1","floor":19},{"not_picked":["Flechettes+1","strawberrySpire:Slide"],"picked":"Doppelganger","floor":22},{"not_picked":["Accuracy+1","Dagger Throw+1","strawberrySpire:DreamfoilDart+1"],"picked":"SKIP","floor":24},{"not_picked":["StuffTheSpire:Injection+1","hubris:SlightOfHand"],"picked":"ReplayTheSpireMod:Scrap Shanks","floor":27},{"not_picked":["Eviscerate+1","StuffTheSpire:Injection+1"],"picked":"Cloak And Dagger+1","floor":28},{"not_picked":["strawberrySpire:SideSwipe+1","Leg Sweep"],"picked":"Poison Darts","floor":31},{"not_picked":["Poison Darts","jedi:rejectivetoxin"],"picked":"infinitespire:Neurotoxin","floor":33},{"not_picked":["strawberrySpire:SpinKick+1","strawberrySpire:DreamfoilDart+1"],"picked":"Noxious Fumes","floor":35},{"not_picked":["Eviscerate+1","Reflex+1"],"picked":"Deadly Poison+1","floor":37},{"not_picked":["Terror+1","hubris:SlightOfHand+1"],"picked":"Draining Mist+1","floor":38},{"not_picked":["Slice+1","strawberrySpire:Insectonator+1"],"picked":"jedi:poisonivy+1","floor":40},{"not_picked":["Backflip+1","Eviscerate+1"],"picked":"Noxious Fumes","floor":41},{"not_picked":["Outmaneuver+1","strawberrySpire:DeltaFlow"],"picked":"StuffTheSpire:Sprint+1","floor":44},{"not_picked":["Slice+1","hubris:SlightOfHand","Underhanded Strike+1"],"picked":"SKIP","floor":45}],"player_experience":474493,"relics_obtained":[{"floor":8,"key":"jedi:kaleidoscope"},{"floor":9,"key":"Molten Egg 2"},{"floor":10,"key":"hubris:OldNail"},{"floor":13,"key":"Pear"},{"floor":19,"key":"StuffTheSpire:Rhapsscallions"},{"floor":24,"key":"halation:PrussianBluePaint"},{"floor":26,"key":"ReplayTheSpireMod:TigerMarble"},{"floor":27,"key":"halation:PromiseList"},{"floor":28,"key":"Chameleon Ring"},{"floor":31,"key":"ReplayTheSpireMod:Shallot"},{"floor":40,"key":"Iron Hammer"}],"event_choices":[{"damage_healed":0,"gold_gain":0,"player_choice":"Gave Potion","damage_taken":0,"relics_obtained":["Regal Pillow"],"max_hp_gain":0,"max_hp_loss":0,"event_name":"WeMeetAgain","floor":4,"gold_loss":0},{"damage_healed":0,"gold_gain":0,"player_choice":"Got Potions","damage_taken":0,"max_hp_gain":0,"max_hp_loss":0,"event_name":"Lab","floor":5,"gold_loss":0},{"damage_healed":0,"gold_gain":0,"player_choice":"Became a vampire","damage_taken":0,"max_hp_gain":0,"max_hp_loss":25,"event_name":"Vampires","floor":20,"gold_loss":0,"cards_obtained":["Bite","Bite","Bite","Bite","Bite"]}],"is_beta":false,"boss_relics":[{"not_picked":["energizedSpire:HugeHouse","aspiration:FutureDiary"],"picked":"halation:Yufonium"},{"not_picked":["Runic Dome","Honey Jar"],"picked":"beaked:SacredDeck"}],"items_purged_floors":[],"is_endless":false,"potions_floor_spawned":[2,8,10,11,13,14,16,18,22,24,27,28,31,33,35,37,38,40,41,45],"killed_by":"Shield and Spear","ascension_level":2}}