{"host":"qswkx8hggytna0kc","time":1609840160,"event":{"mods":["Aspiration","BaseMod","BetterRewards","Colored Map","Colored Powertips","Highlight Path","Hubris","Mimic Mod","Minty Spire (QoL Compilation)","Quick Restart","Replay The Spire","StSLib","SuperFastMode"],"gold_per_floor":[119,119,119,134,153,153,153,153,194,218,237,237,412,181,181,185,185],"floor_reached":16,"playtime":281,"items_purged":["Regret"],"score":117,"play_id":"5e485265-e9f2-4be6-ab87-4a833a0c8edc","local_time":"20210105174920","is_ascension_mode":true,"campfire_choices":[{"data":"Zap","floor":6.0,"key":"SMITH"},{"data":"Fusion","floor":8.0,"key":"SMITH"},{"floor":12,"key":"REST"},{"data":"Crystallizer","floor":15,"key":"SMITH"}],"circlet_count":0,"master_deck":["Strike_B","Strike_B","Strike_B","Defend_B","Defend_B","Defend_B","Defend_B","Zap+1","Dualcast","Genetic Algorithm","Fusion+1","BasicCrystalCard","Self Repair","Capacitor","Glacier","Crystallizer+1","Doubt"],"relics":["Cracked Core","NeowsBlessing","Quantum Egg","Replay:Bandana","Boot","Vajra"],"acts_visited":["Exordium"],"potions_floor_usage":[10,16,16],"damage_taken":[{"damage":0.0,"enemies":"2 Louse","floor":1.0,"turns":1.0},{"damage":0.0,"enemies":"Cultist","floor":4.0,"turns":1.0},{"damage":0.0,"enemies":"Small Slimes","floor":5.0,"turns":1.0},{"damage":11.0,"enemies":"Exordium Wildlife","floor":9.0,"turns":6.0},{"damage":23,"enemies":"Exordium Wildlife","floor":10,"turns":5},{"damage":18,"enemies":"Red Slaver","floor":11,"turns":5},{"damage":47,"enemies":"Hexaghost","floor":16,"turns":10}],"seed_played":"7698091563961236937","potions_obtained":[{"floor":4.0,"key":"Fire Potion"},{"floor":10,"key":"LiquidMemories"},{"floor":11,"key":"Adrenaline Potion"}],"is_trial":false,"path_per_floor":["M","?","?","M","M","R","?","R","MIM","M","M","R","?","$","R","B"],"character_chosen":"DEFECT","items_purchased":["Vajra"],"campfire_rested":1,"item_purchase_floors":[14],"current_hp_per_floor":[68,68,68,68,68,68,56,56,52,36,25,47,47,47,47,0,0],"gold":185,"neow_bonus":"THREE_ENEMY_KILL","is_daily":false,"chose_seed":false,"campfire_upgraded":3,"win_rate":0.0,"timestamp":1609840160,"path_taken":["M","?","?","M","?","R","?","R","MIM","M","?","R","?","$","R","BOSS"],"items_purchased_type":["Relic"],"build_version":"2020-12-22","purchased_purges":1,"victory":false,"max_hp_per_floor":[75,75,75,75,75,75,75,75,75,75,75,75,75,75,75,75,75],"card_choices":[{"not_picked":["Redo","Steam"],"picked":"Genetic Algorithm","floor":1.0},{"not_picked":["Panic Button","Streamline"],"picked":"BasicCrystalCard","floor":4.0},{"not_picked":["Ball Lightning","Sweeping Beam"],"picked":"Self Repair","floor":5.0},{"not_picked":["Ball Lightning","Darkness"],"picked":"Capacitor","floor":9.0},{"not_picked":["hubris:DoWhile","Gash"],"picked":"Glacier","floor":10},{"not_picked":["BasicCrystalCard","Go for the Eyes"],"picked":"Crystallizer","floor":11}],"player_experience":227441,"relics_obtained":[{"floor":9.0,"key":"Boot"}],"event_choices":[{"damage_healed":0.0,"max_hp_gain":0.0,"max_hp_loss":0.0,"gold_gain":0.0,"event_name":"Big Fish","player_choice":"Box","floor":2.0,"gold_loss":0.0,"damage_taken":0.0,"relics_obtained":["Quantum Egg"],"cards_obtained":["Regret"]},{"damage_healed":0.0,"max_hp_gain":0.0,"max_hp_loss":0.0,"gold_gain":0.0,"cards_transformed":["Strike_B"],"event_name":"Transmorgrifier","player_choice":"Transformed","floor":3.0,"gold_loss":0.0,"damage_taken":0.0,"cards_obtained":["Fusion"]},{"damage_healed":0.0,"max_hp_gain":0.0,"max_hp_loss":0.0,"gold_gain":0.0,"event_name":"Scrap Ooze","player_choice":"Success","floor":7.0,"gold_loss":0.0,"damage_taken":12.0,"relics_obtained":["Replay:Bandana"]},{"damage_healed":0,"gold_gain":175,"player_choice":"AGREE","damage_taken":0,"max_hp_gain":0,"max_hp_loss":0,"event_name":"Liars Game","floor":13,"gold_loss":0,"cards_obtained":["Doubt"]}],"is_beta":false,"boss_relics":[],"items_purged_floors":[14],"is_endless":false,"potions_floor_spawned":[4,10,11],"killed_by":"Hexaghost","ascension_level":6}}