{"host":"ix2a18c4ohfsrslv","time":1609810418,"event":{"mods":["BaseMod","Better Third Choice","Downfall","Minty Spire (QoL Compilation)","Replay The Spire","StSLib","The Hierophant"],"gold_per_floor":[117,292,292,312,262,262,262,262,262,288,321,18,35,66,66,162,162,181,181,96,96,96,96,129,129,129,157,134,134,106,122,122,227,227,240,260,260,260],"floor_reached":37,"playtime":1439,"items_purged":["Regret"],"score":527,"play_id":"31240269-f956-4503-a47d-93babb728dd4","local_time":"20210104173338","is_ascension_mode":true,"campfire_choices":[{"data":"Dualcast","floor":6,"key":"SMITH"},{"data":"FIFO Queue","floor":8,"key":"SMITH"},{"floor":15,"key":"REST"},{"floor":23,"key":"RECALL"},{"data":"Doom and Gloom","floor":25,"key":"SMITH"},{"data":"Loop","floor":29,"key":"SMITH"},{"data":"Loop","floor":32,"key":"SMITH"}],"circlet_count":0,"master_deck":["Defend_B","Defend_B","Defend_B","Defend_B","Zap+1","Dualcast+1","Rebound+1","FIFO Queue+1","Doom and Gloom+1","Leap","Gash","Mirror Shield","Gash+1","Bite","Bite","Bite","Bite","Bite","Conserve Battery+1","Loop+1","Gash+1","Loop+1","BootSequence+1","AbeCurse","Beam Cell+1","Gash+1"],"relics":["Cracked Core","Replay:Wax Seal","Boot","Oddly Smooth Stone","Art of War","Blue Doll","Iron Hammer","Runic Pyramid","Eternal Feather","Strawberry","Replay:Bottled Steam","Molten Egg 2","Abe\u0027s Treasure"],"acts_visited":["Exordium","TheCity","TheBeyond"],"potions_floor_usage":[14,16,24,24,33],"damage_taken":[{"damage":5,"enemies":"Small Slimes","floor":1,"turns":2},{"damage":9,"enemies":"2 Louse","floor":4,"turns":2},{"damage":28,"enemies":"Gremlin Nob","floor":11,"turns":4},{"damage":0,"enemies":"Cultist","floor":13,"turns":3},{"damage":12,"enemies":"3 Sentries","floor":14,"turns":6},{"damage":12,"enemies":"Hexaghost","floor":16,"turns":8},{"damage":27,"enemies":"2 Thieves","floor":18,"turns":4},{"damage":29,"enemies":"Book of Stabbing","floor":24,"turns":8},{"damage":28,"enemies":"Slavers","floor":27,"turns":5},{"damage":3,"enemies":"Spheric Guardian","floor":31,"turns":4},{"damage":40,"enemies":"Collector","floor":33,"turns":10},{"damage":16,"enemies":"Orb Walker","floor":35,"turns":4},{"damage":45,"enemies":"3 Darklings","floor":36,"turns":5},{"damage":40,"enemies":"Spire Growth","floor":37,"turns":4}],"seed_played":"8096752593381914597","potions_obtained":[{"floor":4,"key":"ColorlessPotion"},{"floor":13,"key":"Reflective Coating"},{"floor":16,"key":"Dexterity Potion"},{"floor":18,"key":"AttackPotion"},{"floor":27,"key":"Block Potion"},{"floor":33,"key":"Dexterity Potion"}],"is_trial":false,"path_per_floor":["M","?","?","M","?","R","?","R","T","T","E","$","M","E","R","B",null,"M","?","?","?","T","R","E","R","T","E","$","R","$","M","R","B",null,"M","M","M"],"character_chosen":"DEFECT","items_purchased":["Doom and Gloom","Blue Doll","Gash+1","Loop"],"campfire_rested":1,"item_purchase_floors":[12,12,28,30],"current_hp_per_floor":[70,70,70,61,61,61,61,61,61,61,33,33,33,21,43,31,75,48,73,73,52,52,52,46,55,55,37,37,49,49,51,59,39,59,45,12,0,0],"gold":260,"neow_bonus":"UPGRADE_CARD","is_daily":false,"chose_seed":false,"campfire_upgraded":5,"win_rate":0.0,"timestamp":1609810418,"path_taken":["M","?","?","M","?","R","?","R","T","?","E","$","?","E","R","BOSS","M","?","?","?","?","R","E","R","T","E","?","R","$","M","R","BOSS","M","?","M"],"items_purchased_type":["Card","Relic","Card","Card"],"build_version":"2020-12-22","purchased_purges":1,"victory":false,"max_hp_per_floor":[75,75,75,75,75,75,75,75,75,75,75,75,75,75,75,75,75,75,75,75,52,52,52,59,59,59,59,59,59,59,59,59,59,59,59,59,59,59],"card_choices":[{"not_picked":["Double Energy","Turbo"],"picked":"Rebound","floor":1},{"not_picked":["Auto Shields","Barrage"],"picked":"FIFO Queue","floor":4},{"not_picked":["Fusion","Force Field","Steam"],"picked":"SKIP","floor":11},{"not_picked":["Go for the Eyes","Static Discharge"],"picked":"Leap","floor":13},{"not_picked":["Reboot","Leap"],"picked":"Gash","floor":14},{"not_picked":["Thunder Strike","Machine Learning"],"picked":"Mirror Shield","floor":16},{"not_picked":["Steam","Go for the Eyes"],"picked":"Gash+1","floor":18},{"not_picked":["Amplify","Melter"],"picked":"Conserve Battery+1","floor":24},{"not_picked":["Cold Snap+1","Undo"],"picked":"Loop","floor":27},{"not_picked":["Conserve Battery","Go for the Eyes+1"],"picked":"BootSequence+1","floor":31},{"not_picked":["BasicCrystalCard+1","Fusion"],"picked":"Beam Cell+1","floor":35},{"not_picked":["BasicCrystalCard+1","Turbo+1"],"picked":"Gash+1","floor":36}],"player_experience":167031,"relics_obtained":[{"floor":9,"key":"Boot"},{"floor":10,"key":"Oddly Smooth Stone"},{"floor":11,"key":"Art of War"},{"floor":14,"key":"Iron Hammer"},{"floor":24,"key":"Strawberry"},{"floor":26,"key":"Replay:Bottled Steam"},{"floor":27,"key":"Molten Egg 2"}],"event_choices":[{"damage_healed":0,"gold_gain":175,"player_choice":"AGREE","damage_taken":117,"max_hp_gain":0,"max_hp_loss":0,"event_name":"betterThird:BetterSerpent","floor":2,"gold_loss":0},{"damage_healed":0,"gold_gain":0,"player_choice":"Grow","damage_taken":0,"max_hp_gain":0,"max_hp_loss":0,"event_name":"Living Wall","floor":3,"gold_loss":0,"cards_upgraded":["Rebound"]},{"cards_removed":["Doubt"],"damage_healed":0,"gold_gain":0,"player_choice":"Card Removal","damage_taken":0,"max_hp_gain":0,"max_hp_loss":0,"event_name":"The Cleric","floor":5,"gold_loss":50},{"damage_healed":0,"gold_gain":0,"player_choice":"Box","damage_taken":0,"relics_obtained":["Replay:Wax Seal"],"max_hp_gain":0,"max_hp_loss":0,"event_name":"Big Fish","floor":7,"gold_loss":0,"cards_obtained":["Regret"]},{"damage_healed":25,"gold_gain":0,"player_choice":"Heal","damage_taken":0,"max_hp_gain":0,"max_hp_loss":0,"event_name":"The Library","floor":19,"gold_loss":0},{"damage_healed":0,"gold_gain":0,"player_choice":"Obtained Relic","damage_taken":0,"relics_obtained":["Eternal Feather"],"max_hp_gain":0,"max_hp_loss":0,"event_name":"Addict","floor":20,"gold_loss":85},{"damage_healed":0,"gold_gain":0,"player_choice":"Became a vampire","damage_taken":0,"max_hp_gain":0,"max_hp_loss":23,"event_name":"Vampires","floor":21,"gold_loss":0,"cards_obtained":["Bite","Bite","Bite","Bite","Bite"]}],"is_beta":false,"boss_relics":[{"not_picked":["Replay:Drink Me","Fusion Hammer"],"picked":"Runic Pyramid"},{"not_picked":["FrozenCore","SacredBark"],"picked":"Abe\u0027s Treasure"}],"items_purged_floors":[12],"is_endless":false,"potions_floor_spawned":[4,13,16,18,27,33],"killed_by":"Spire Growth","ascension_level":2}}