{"host":"ac6e1xz8pi3qqstb","time":1609821494,"event":{"mods":["BaseMod","Minty Spire (QoL Compilation)","MostiFishMod","Relic Stats","Replay The Spire","StSLib","[IsaacMod]ÒÔÈö¼âËþ","¡¾ÒÅÎï¿¨ÅÆ¡¿REMEMod"],"gold_per_floor":[116,116,130,147,52,79,79,79,106,58,58,91,108,108,108,203,203,219,231,231,78,78,78,89,119,119,59,59,59,59],"floor_reached":29,"playtime":745,"items_purged":[],"score":349,"play_id":"eb56687d-2539-41fe-b815-d896ee1a658b","local_time":"20210105123814","is_ascension_mode":false,"campfire_choices":[{"data":"EpicFetus","floor":7,"key":"SMITH"},{"data":"Madness","floor":11,"key":"SMITH"},{"data":"Dualcast","floor":15,"key":"SMITH"},{"data":"MostiFishMod:StarOceanB","floor":26,"key":"SMITH"}],"circlet_count":0,"master_deck":["Strike_B","Strike_B","Strike_B","Strike_B","Defend_B+1","Defend_B","Defend_B","Defend_B","Zap+1","Dualcast+1","EpicFetus+1","Madness+1","Ball Lightning","Beam Cell","Conserve Battery","Sweeping Beam","Melter","Rip and Tear","Go for the Eyes","Scrape","Scrape","MostiFishMod:StarOceanB+1","Hologram","Sunder","MostiFishMod:Overload","Double Energy","Streamline+1"],"relics":["DaveBox","REME_ComplimentaryCards","HushsDoor","DianDianMeat","SatanicBible","Nuclear Battery","SynthV:TestCard","Bronze Scales","REME_PuzzleBoxRelic","Frozen Egg 2","ExusiaiGun","SynthV","Oddly Smooth Stone","AnarchistCookbook"],"acts_visited":["Exordium","TheCity"],"potions_floor_usage":[6],"damage_taken":[{"damage":8,"enemies":"Jaw Worm","floor":1,"turns":3},{"damage":5,"enemies":"2 Louse","floor":3,"turns":3},{"damage":5,"enemies":"Small Slimes","floor":4,"turns":3},{"damage":10,"enemies":"Gremlin Nob","floor":6,"turns":4},{"damage":21,"enemies":"Lagavulin","floor":12,"turns":5},{"damage":0,"enemies":"Blue Slaver","floor":13,"turns":2},{"damage":30,"enemies":"The Guardian","floor":16,"turns":7},{"damage":0,"enemies":"Chosen","floor":18,"turns":2},{"damage":0,"enemies":"3 Byrds","floor":19,"turns":1},{"damage":0,"enemies":"Snake Plant","floor":24,"turns":1},{"damage":0,"enemies":"REME_1_Revenger","floor":25,"turns":1},{"damage":0,"enemies":"Colosseum Slavers","floor":29,"turns":1},{"damage":456,"enemies":"Colosseum Nobs","floor":29,"turns":2}],"seed_played":"-1287433648204774238","potions_obtained":[{"floor":1,"key":"Weak Potion"},{"floor":4,"key":"Explosive Potion"},{"floor":18,"key":"ColorlessPotion"},{"floor":25,"key":"AttackPotion"}],"is_trial":false,"path_per_floor":["M","?","M","M","$","E","R","$","T","$","R","E","M","?","R","B",null,"M","M","?","$","PTL","PTL","M","E","R","?","T","?"],"character_chosen":"DEFECT","items_purchased":["Sweeping Beam","Melter","Go for the Eyes","SynthV"],"campfire_rested":0,"item_purchase_floors":[5,5,10,21],"current_hp_per_floor":[73,57,56,56,69,67,67,67,67,76,76,65,76,64,64,46,153,166,180,195,195,195,195,211,228,228,228,228,0,0],"gold":59,"neow_bonus":"BOSS_RELIC","is_daily":false,"chose_seed":false,"campfire_upgraded":4,"win_rate":0.0,"timestamp":1609821494,"path_taken":["M","?","M","M","$","E","R","$","T","$","R","E","M","?","R","BOSS","M","M","?","$","PTL","PTL","M","E","R","?","T","?"],"items_purchased_type":["Card","Card","Card","Relic"],"build_version":"2020-12-22","purchased_purges":0,"victory":false,"max_hp_per_floor":[81,81,85,90,103,111,111,111,111,120,120,130,141,141,141,153,153,166,180,195,195,195,195,211,228,228,228,228,228,228],"relic_stats":{"counters":[13,35],"Bronze Scales":[27],"obtain_stats":[{"KeepersGift":0,"DianDianMeat":0,"AnarchistCookbook":28,"DaveBox":0,"SynthV":21,"Oddly Smooth Stone":25,"ExusiaiGun":17,"Frozen Egg 2":14,"SatanicBible":0,"Nuclear Battery":0,"SynthV:TestCard":1,"Bronze Scales":6,"REME_PuzzleBoxRelic":12,"Cracked Core":0,"HushsDoor":0,"REME_ComplimentaryCards":0},{"KeepersGift":0,"DianDianMeat":0,"AnarchistCookbook":11,"DaveBox":0,"SynthV":9,"Oddly Smooth Stone":11,"ExusiaiGun":7,"Frozen Egg 2":6,"SatanicBible":0,"Nuclear Battery":0,"SynthV:TestCard":1,"Bronze Scales":4,"REME_PuzzleBoxRelic":5,"Cracked Core":0,"HushsDoor":0,"REME_ComplimentaryCards":0},{"KeepersGift":0,"DianDianMeat":0,"AnarchistCookbook":32,"DaveBox":0,"SynthV":30,"Oddly Smooth Stone":32,"ExusiaiGun":27,"Frozen Egg 2":20,"SatanicBible":0,"Nuclear Battery":0,"SynthV:TestCard":3,"Bronze Scales":13,"REME_PuzzleBoxRelic":18,"Cracked Core":0,"HushsDoor":0,"REME_ComplimentaryCards":0}]},"card_choices":[{"not_picked":[],"picked":"EpicFetus","floor":0},{"not_picked":["White Noise","Turbo"],"picked":"Ball Lightning","floor":1},{"not_picked":["Panic Button","Bomb","Fan","Distribution"],"picked":"Beam Cell","floor":3},{"not_picked":["Hello World","Undo","Turbo","Go for the Eyes"],"picked":"Conserve Battery","floor":4},{"not_picked":["Tempest","Pulse","Genetic Algorithm","Redo"],"picked":"Rip and Tear","floor":6},{"not_picked":["Barrage","MostiFishMod:Culaccino","Capacitor","MostiFishMod:PushDownKick"],"picked":"Scrape","floor":12},{"not_picked":["Auto Shields","Coolheaded","Rebound","Redo"],"picked":"Scrape","floor":13},{"not_picked":["REME_Shoggoth","Meteor Strike","MostiFishMod:ReadyAimFire","MostiFishMod:DeathFromBelow"],"picked":"MostiFishMod:StarOceanB","floor":16},{"not_picked":["Compile Driver","Coolheaded","MostiFishMod:PushDownKick","Redo+1"],"picked":"Hologram","floor":18},{"not_picked":["Go for the Eyes","Steam Power","Turbo","Rebound"],"picked":"Sunder","floor":19},{"not_picked":["BootSequence","Compile Driver","MostiFishMod:GatherIntelligence+1","Cold Snap"],"picked":"Double Energy","floor":24},{"not_picked":["MostiFishMod:Impulse","Steam Power","Recycle","Buffer+1"],"picked":"Streamline+1","floor":25}],"player_experience":409832,"relics_obtained":[{"floor":1,"key":"SynthV:TestCard"},{"floor":6,"key":"Bronze Scales"},{"floor":12,"key":"REME_PuzzleBoxRelic"},{"floor":25,"key":"Oddly Smooth Stone"},{"floor":28,"key":"AnarchistCookbook"}],"event_choices":[{"damage_healed":0,"gold_gain":0,"player_choice":"Entered Light","damage_taken":16,"max_hp_gain":0,"max_hp_loss":0,"event_name":"Shining Light","floor":2,"gold_loss":0,"cards_upgraded":["Zap","Defend_B"]},{"damage_healed":0,"gold_gain":0,"player_choice":"Success","damage_taken":12,"relics_obtained":["Frozen Egg 2"],"max_hp_gain":0,"max_hp_loss":0,"event_name":"Scrap Ooze","floor":14,"gold_loss":0},{"damage_healed":0,"gold_gain":0,"player_choice":"Read","damage_taken":0,"max_hp_gain":0,"max_hp_loss":0,"event_name":"The Library","floor":20,"gold_loss":0,"cards_obtained":["MostiFishMod:Overload"]},{"damage_healed":0,"gold_gain":0,"player_choice":"Fight","damage_taken":0,"max_hp_gain":0,"max_hp_loss":0,"event_name":"Colosseum","floor":29,"gold_loss":0},{"damage_healed":0,"gold_gain":0,"player_choice":"Fought Nobs","damage_taken":0,"max_hp_gain":0,"max_hp_loss":0,"event_name":"Colosseum","floor":29,"gold_loss":0}],"is_beta":false,"boss_relics":[{"not_picked":["ChewingGum","FeatherPendant"],"picked":"ExusiaiGun"},{"not_picked":[]}],"items_purged_floors":[],"is_endless":false,"potions_floor_spawned":[1,4,18,25],"killed_by":"Colosseum Nobs","ascension_level":0}}