{"host":"yvlk1m4foro8gl4v","time":1609812861,"event":{"mods":["AchievementEnabler","Act Like it!","BaseMod","Minty Spire (QoL Compilation)","Relic Stats","StSLib","The Servant 0.9.4","Uncapped"],"gold_per_floor":[114,133,47,64,78,113,124,89,112,112,112,147,147,160,160,258,258,238,251,12,12,0,0,0,0,0,13,13,13,13],"floor_reached":29,"playtime":1365,"items_purged":["Defend_B"],"score":350,"play_id":"a0c19366-a39e-4d4b-99f0-76a12e6c61cf","local_time":"20210105021421","is_ascension_mode":true,"campfire_choices":[{"floor":10,"key":"REST"},{"floor":15,"key":"REST"},{"floor":24,"key":"REST"}],"circlet_count":0,"master_deck":["AscendersBane","Defend_B","Defend_B","Defend_B","Zap","Dualcast","Blizzard","Defragment+1","Conserve Battery","Cold Snap","Hologram","Coolheaded","Defragment+1","Loop","Creative AI","CurseOfTheBell","Core Surge","Bite","Bite","Bite","Chrysalis","Chrysalis"],"relics":["Cracked Core","NeowsBlessing","Cables","Potion Belt","Regal Pillow","Calling Bell","Art of War","Singing Bowl","Pocketwatch","Matryoshka"],"acts_visited":["Exordium","TheCity"],"potions_floor_usage":[6,12,14,16,29],"damage_taken":[{"damage":0,"enemies":"2 Louse","floor":1,"turns":1},{"damage":0,"enemies":"Jaw Worm","floor":2,"turns":1},{"damage":0,"enemies":"Cultist","floor":4,"turns":1},{"damage":8,"enemies":"Red Slaver","floor":5,"turns":4},{"damage":15,"enemies":"Lagavulin","floor":6,"turns":7},{"damage":19,"enemies":"Lots of Slimes","floor":7,"turns":4},{"damage":17,"enemies":"Gremlin Nob","floor":12,"turns":4},{"damage":15,"enemies":"3 Louse","floor":14,"turns":4},{"damage":14,"enemies":"Hexaghost","floor":16,"turns":9},{"damage":32,"enemies":"2 Thieves","floor":18,"turns":4},{"damage":21,"enemies":"Spheric Guardian","floor":19,"turns":5},{"damage":33,"enemies":"Centurion and Healer","floor":27,"turns":10},{"damage":33,"enemies":"Book of Stabbing","floor":29,"turns":5}],"seed_played":"6158296472591424997","potions_obtained":[{"floor":1,"key":"ColorlessPotion"},{"floor":4,"key":"DistilledChaos"},{"floor":5,"key":"PotionOfCapacity"},{"floor":12,"key":"GamblersBrew"},{"floor":19,"key":"ColorlessPotion"}],"is_trial":false,"path_per_floor":["M","M","$","M","M","E","M","$","T","R","?","E","?","M","R","B",null,"M","M","$","?","?","?","R","?","T","M","$","E"],"character_chosen":"DEFECT","items_purchased":["Defragment","Conserve Battery","Defragment","Core Surge"],"campfire_rested":3,"item_purchase_floors":[3,3,8,20],"current_hp_per_floor":[68,68,68,68,60,45,26,26,26,48,48,31,24,9,46,32,64,34,15,15,15,15,15,46,46,46,27,27,0,0],"gold":13,"neow_bonus":"THREE_ENEMY_KILL","is_daily":false,"chose_seed":false,"campfire_upgraded":0,"win_rate":0.0,"timestamp":1609812861,"path_taken":["M","M","$","M","M","E","M","$","T","R","?","E","?","M","R","BOSS","M","M","$","?","?","?","R","?","T","M","$","E"],"items_purchased_type":["Card","Card","Card","Card"],"build_version":"2020-12-22","purchased_purges":1,"victory":false,"max_hp_per_floor":[75,75,75,75,75,75,75,75,75,75,75,75,75,75,75,75,75,77,79,79,55,55,55,55,55,55,57,57,57,57],"relic_stats":{"Regal Pillow":30,"Singing Bowl":6,"counters":[13,59],"Art of War":[11],"obtain_stats":[{"Potion Belt":9,"Calling Bell":17,"Regal Pillow":12,"Matryoshka":26,"NeowsBlessing":0,"Singing Bowl":17,"Art of War":17,"Cracked Core":0,"Cables":6,"Pocketwatch":17},{"Potion Belt":6,"Calling Bell":9,"Regal Pillow":7,"Matryoshka":11,"NeowsBlessing":0,"Singing Bowl":9,"Art of War":9,"Cracked Core":0,"Cables":5,"Pocketwatch":9},{"Potion Belt":18,"Calling Bell":35,"Regal Pillow":22,"Matryoshka":44,"NeowsBlessing":0,"Singing Bowl":35,"Art of War":35,"Cracked Core":0,"Cables":14,"Pocketwatch":35}],"Cables":[42,30,12,0,0],"Pocketwatch":[21]},"card_choices":[{"not_picked":["Storm","Turbo"],"picked":"Blizzard","floor":1},{"not_picked":["Streamline","Compile Driver","Scrape"],"picked":"SKIP","floor":2},{"not_picked":["Recycle","Barrage"],"picked":"Cold Snap","floor":4},{"not_picked":["Gash","Beam Cell"],"picked":"Hologram","floor":5},{"not_picked":["Chaos","Auto Shields","Static Discharge"],"picked":"SKIP","floor":6},{"not_picked":["Biased Cognition","Heatsinks"],"picked":"Coolheaded","floor":7},{"not_picked":["BootSequence","Compile Driver"],"picked":"Loop","floor":12},{"not_picked":["Auto Shields","FTL","Reprogram"],"picked":"SKIP","floor":14},{"not_picked":["Fission","Seek"],"picked":"Creative AI","floor":16},{"not_picked":["Gash","Beam Cell+1","Double Energy"],"picked":"Singing Bowl","floor":18},{"not_picked":["Steam","Auto Shields","Reprogram+1"],"picked":"Singing Bowl","floor":19},{"not_picked":["Conserve Battery+1","Static Discharge","Hologram"],"picked":"Singing Bowl","floor":27}],"player_experience":721288,"relics_obtained":[{"floor":6,"key":"Cables"},{"floor":9,"key":"Potion Belt"},{"floor":12,"key":"Regal Pillow"},{"floor":17,"key":"Art of War"},{"floor":17,"key":"Singing Bowl"},{"floor":17,"key":"Pocketwatch"},{"floor":26,"key":"Matryoshka"}],"event_choices":[{"damage_healed":0,"gold_gain":0,"player_choice":"Grow","damage_taken":0,"max_hp_gain":0,"max_hp_loss":0,"event_name":"Living Wall","floor":11,"gold_loss":0,"cards_upgraded":["Defragment"]},{"cards_removed":["Strike_B"],"damage_healed":0,"gold_gain":0,"player_choice":"Card Removal","damage_taken":7,"max_hp_gain":0,"max_hp_loss":0,"event_name":"Golden Wing","floor":13,"gold_loss":0},{"damage_healed":0,"gold_gain":0,"player_choice":"Became a vampire","damage_taken":0,"max_hp_gain":0,"max_hp_loss":24,"event_name":"Vampires","floor":21,"gold_loss":0,"cards_obtained":["Bite","Bite","Bite","Bite","Bite"]},{"damage_healed":0,"gold_gain":0,"player_choice":"Paid Fearfully","damage_taken":0,"max_hp_gain":0,"max_hp_loss":0,"event_name":"Masked Bandits","floor":22,"gold_loss":12},{"damage_healed":0,"gold_gain":0,"cards_transformed":["Bite","Bite"],"player_choice":"Became Test Subject","damage_taken":0,"max_hp_gain":0,"max_hp_loss":0,"event_name":"Drug Dealer","floor":23,"gold_loss":0,"cards_obtained":["Chrysalis","Chrysalis"]},{"damage_healed":0,"gold_gain":0,"player_choice":"Upgraded","damage_taken":0,"max_hp_gain":0,"max_hp_loss":0,"event_name":"Upgrade Shrine","floor":25,"gold_loss":0,"cards_upgraded":["Defragment"]}],"is_beta":false,"boss_relics":[{"not_picked":["SacredBark","Empty Cage"],"picked":"Calling Bell"}],"items_purged_floors":[20],"is_endless":false,"potions_floor_spawned":[1,4,5,12,19],"killed_by":"Book of Stabbing","ascension_level":10}}