{"host":"ecuvtzmejf7hhjpv","time":1609889760,"event":{"mods":["AchievementEnabler","Act Like it!","Aspiration","BaseMod","Better Altar","Better Match","Better Note","Better Sensory Stone","Better Skull","Better Third Choice","BetterRewards","Conspire","Custom Start","Gensokyo","GifTheSpireLib","Hallownest","Hermit","Hubris","Kratos Character Expansion","Marisa????????","Minty Spire (QoL Compilation)","Prisma Mod","Replay The Spire","Spicy Shops","StSLib","The Animator","The Blackbeard","The Bug Knight","The Forsaken","The Hierophant","The Jungle","The Necromancer","The Poker Player","The Wild Card"],"gold_per_floor":[115,129,129,143,162,162,191,191,191,209,235,16,49,69,69,189,189,218,229,3,3,23,88,88,88,88],"floor_reached":25,"playtime":1784,"items_purged":["Strike_MRS","Strike_MRS"],"score":333,"play_id":"42c70ad2-eebd-4dda-ac52-7c8d08cf79c2","local_time":"20210105173600","is_ascension_mode":true,"campfire_choices":[{"data":"GalacticHalo","floor":6,"key":"SMITH"},{"data":"GalacticHalo","floor":8,"key":"SMITH"},{"floor":15,"key":"REST"},{"data":"Strike_MRS","floor":24,"key":"PURGE"}],"circlet_count":0,"master_deck":["Strike_MRS","Defend_MRS","Defend_MRS","Defend_MRS","Defend_MRS","MasterSpark","UpSweep","GalacticHalo+1","Replay:Sssssssssshield","GalacticHalo+1","GrandCross","GrandCross","AsteroidBelt+1","GrandCross","GalacticHalo+1","SporeBomb+1","WitchOfGreed","AbsoluteMagnitude","ChargingUp+1","SporeBomb+1","WitchOfGreed","GalacticHalo+1","MillisecondPulsars"],"relics":["MiniHakkero","Toxic Egg 2","hubris:BottledRain","Iron Hammer","hubris:MysteriousPyramids","Membership Card","theForsaken:ScaryMask","conspire:SlowCooker","theForsaken:Gavel","Potion Belt","Peace Pipe","Bloody Idol","Eternal Feather"],"acts_visited":["Exordium","TheCity"],"potions_floor_usage":[7,11,22,23,25],"damage_taken":[{"damage":11,"enemies":"Cultist","floor":1,"turns":8},{"damage":0,"enemies":"Jaw Worm","floor":2,"turns":5},{"damage":0,"enemies":"conspire:RoseBush","floor":4,"turns":7},{"damage":9,"enemies":"Blue Slaver","floor":5,"turns":7},{"damage":14,"enemies":"Gremlin Nob","floor":7,"turns":3},{"damage":8,"enemies":"Large Slime","floor":10,"turns":5},{"damage":4,"enemies":"3 Sentries","floor":11,"turns":7},{"damage":0,"enemies":"HollowMod:MossKnight","floor":13,"turns":7},{"damage":0,"enemies":"2 Fungi Beasts","floor":14,"turns":3},{"damage":14,"enemies":"Slime Boss","floor":16,"turns":8},{"damage":5,"enemies":"Chosen","floor":18,"turns":6},{"damage":12,"enemies":"Shelled Parasite and Fungi","floor":19,"turns":5},{"damage":0,"enemies":"Snake Plant","floor":22,"turns":3},{"damage":18,"enemies":"Gremlin Leader","floor":23,"turns":5},{"damage":25,"enemies":"Slavers","floor":25,"turns":3}],"seed_played":"-5224207670676992587","potions_obtained":[{"floor":2,"key":"Elixir"},{"floor":4,"key":"Block Potion"},{"floor":5,"key":"ShroomBrew"},{"floor":7,"key":"Explosive Potion"},{"floor":13,"key":"AttackPotion"},{"floor":16,"key":"Dexterity Potion"},{"floor":18,"key":"Swift Potion"},{"floor":23,"key":"Elixir"}],"is_trial":false,"path_per_floor":["M","M","?","M","M","R","E","R","T","M","E","$","E","M","R","B",null,"M","M","$","?","M","E","R","E"],"character_chosen":"MARISA","items_purchased":["GalacticHalo","Replay:Sssssssssshield","Membership Card","SporeBomb+1","WitchOfGreed","theForsaken:Gavel","Potion Belt","Peace Pipe"],"campfire_rested":1,"item_purchase_floors":[0,0,12,12,20,20,20,20],"current_hp_per_floor":[64,64,64,64,55,55,41,41,41,33,29,29,29,29,51,37,75,70,58,58,20,25,12,24,0,0],"gold":88,"neow_bonus":"","is_daily":false,"chose_seed":false,"campfire_upgraded":2,"win_rate":0.0,"timestamp":1609889760,"path_taken":["M","?","?","M","M","R","E","R","T","M","E","$","E","?","R","BOSS","M","?","$","?","M","E","R","E"],"items_purchased_type":["Card","Card","Relic","Card","Card","Relic","Relic","Relic"],"build_version":"2020-12-22","purchased_purges":2,"victory":false,"max_hp_per_floor":[75,75,75,75,75,75,75,75,75,75,75,75,75,75,75,75,75,75,75,75,75,75,75,75,75,75],"card_choices":[{"not_picked":["6A","WitchLeyline"],"picked":"GalacticHalo","floor":1},{"not_picked":["EventHorizon","Occultation","DarkMatter"],"picked":"SKIP","floor":2},{"not_picked":["AlicesGift","DC"],"picked":"GrandCross","floor":4},{"not_picked":["AlicesGift","Robbery"],"picked":"GrandCross","floor":5},{"not_picked":["IllusionStar+1","MachineGunSpark"],"picked":"AsteroidBelt+1","floor":7},{"not_picked":["MilkyWay+1","ShootingEcho"],"picked":"GrandCross","floor":10},{"not_picked":["Robbery","OortCloud"],"picked":"GalacticHalo+1","floor":11},{"not_picked":["StarBarrage","SatelliteIllusion"],"picked":"WitchOfGreed","floor":13},{"not_picked":["DoubleSpark","SporeBomb+1","LuminesStrike"],"picked":"SKIP","floor":14},{"not_picked":["TreasureHunter","BigCrunch+1"],"picked":"AbsoluteMagnitude","floor":16},{"not_picked":["MeteoricShower+1","ShootingEcho"],"picked":"ChargingUp+1","floor":18},{"not_picked":["LuminesStrike","MysteriousBeam"],"picked":"SporeBomb+1","floor":19},{"not_picked":["Occultation+1","WitchOfGreed"],"picked":"GalacticHalo+1","floor":22},{"not_picked":["OrrerysSun+1","StarlightTyphoon+1"],"picked":"MillisecondPulsars","floor":23}],"player_experience":927260,"relics_obtained":[{"floor":7,"key":"hubris:BottledRain"},{"floor":9,"key":"Iron Hammer"},{"floor":11,"key":"hubris:MysteriousPyramids"},{"floor":13,"key":"theForsaken:ScaryMask"},{"floor":23,"key":"Eternal Feather"}],"event_choices":[{"damage_healed":0,"gold_gain":0,"player_choice":"Gave Potion","damage_taken":0,"relics_obtained":["Toxic Egg 2"],"max_hp_gain":0,"max_hp_loss":0,"event_name":"WeMeetAgain","floor":3,"gold_loss":0},{"damage_healed":0,"gold_gain":0,"player_choice":" Idol ","damage_taken":38,"relics_obtained":["Bloody Idol"],"max_hp_gain":58,"max_hp_loss":20,"event_name":"betterAltar:BetterAltar","floor":21,"potions_obtained":[],"relics_lost":[],"gold_loss":0}],"is_beta":false,"boss_relics":[{"not_picked":["Ectoplasm","hubris:TerracottaHorce"],"picked":"conspire:SlowCooker"}],"items_purged_floors":[12,20],"is_endless":false,"potions_floor_spawned":[2,4,5,7,13,18],"killed_by":"Slavers","ascension_level":1}}