{"host":"lpogke4cwz8zw1ju","time":1609875281,"event":{"mods":["Always Whale","BaseMod","Minty Spire (QoL Compilation)","Permanent Neow"],"gold_per_floor":[112,123,136,148,158,158,183,199,199,213,213,248,248,264,264,390,390,406,496,56,56,72,72,72],"floor_reached":23,"playtime":1406,"items_purged":[],"score":205,"play_id":"8b7a770d-2adc-42a3-bbbc-9e2663aec893","local_time":"20210105203441","is_ascension_mode":false,"campfire_choices":[{"data":"Cloak And Dagger","floor":6,"key":"SMITH"},{"floor":11,"key":"REST"},{"floor":15,"key":"REST"}],"circlet_count":0,"master_deck":["Strike_G","Strike_G","Strike_G","Strike_G","Strike_G","Defend_G","Defend_G","Defend_G","Defend_G","Defend_G","Survivor","Neutralize","Flying Knee","Blade Dance","Cloak And Dagger+1","Acrobatics","Quick Slash","Adrenaline+1","Setup+1","Finisher","Doppelganger+1","Distraction+1"],"relics":["Ring of the Snake","Toxic Egg 2","CaptainsWheel","Centennial Puzzle","Golden Idol","Fusion Hammer","Frozen Eye","FossilizedHelix"],"acts_visited":["Exordium","TheCity"],"potions_floor_usage":[16,16,16],"damage_taken":[{"damage":0,"enemies":"Small Slimes","floor":1,"turns":3},{"damage":0,"enemies":"2 Louse","floor":2,"turns":2},{"damage":1,"enemies":"Cultist","floor":3,"turns":3},{"damage":5,"enemies":"2 Fungi Beasts","floor":4,"turns":3},{"damage":7,"enemies":"Exordium Thugs","floor":5,"turns":6},{"damage":21,"enemies":"3 Sentries","floor":7,"turns":8},{"damage":1,"enemies":"Red Slaver","floor":8,"turns":3},{"damage":0,"enemies":"3 Louse","floor":10,"turns":2},{"damage":31,"enemies":"Lagavulin","floor":12,"turns":9},{"damage":0,"enemies":"Blue Slaver","floor":14,"turns":2},{"damage":13,"enemies":"Hexaghost","floor":16,"turns":3},{"damage":2,"enemies":"Shell Parasite","floor":18,"turns":3},{"damage":0,"enemies":"3 Byrds","floor":22,"turns":6},{"damage":9,"enemies":"Slavers","floor":23,"turns":4}],"seed_played":"-6193200640599111649","potions_obtained":[{"floor":3,"key":"FearPotion"},{"floor":5,"key":"CultistPotion"},{"floor":10,"key":"DistilledChaos"},{"floor":18,"key":"Block Potion"},{"floor":22,"key":"ColorlessPotion"}],"is_trial":false,"path_per_floor":["M","M","M","M","M","R","E","M","T","M","R","E","?","M","R","B",null,"M","?","$","$","M","E"],"character_chosen":"THE_SILENT","items_purchased":["Frozen Eye","FossilizedHelix"],"campfire_rested":2,"item_purchase_floors":[20,20],"current_hp_per_floor":[70,70,69,64,57,57,36,35,35,35,56,25,25,25,44,31,65,63,51,51,51,51,42,42],"gold":72,"neow_bonus":"THREE_CARDS","is_daily":false,"chose_seed":false,"campfire_upgraded":1,"win_rate":0.0,"timestamp":1609875281,"path_taken":["M","M","M","M","M","R","E","M","T","M","R","E","?","M","R","BOSS","M","?","?","$","M","E"],"items_purchased_type":["Relic","Relic"],"build_version":"2020-12-22","purchased_purges":0,"victory":false,"max_hp_per_floor":[70,70,70,70,70,70,70,70,70,70,70,70,65,65,65,65,65,65,65,65,65,65,65,65],"card_choices":[{"not_picked":["Heel Hook","Predator"],"picked":"Flying Knee","floor":0},{"not_picked":["Acrobatics","Crippling Poison"],"picked":"Blade Dance","floor":1},{"not_picked":["Bane","Concentrate","Dagger Throw"],"picked":"SKIP","floor":2},{"not_picked":["Bane","Deflect"],"picked":"Cloak And Dagger","floor":3},{"not_picked":["Dodge and Roll","Bane"],"picked":"Acrobatics","floor":4},{"not_picked":["Concentrate","Sucker Punch"],"picked":"Quick Slash","floor":5},{"not_picked":["Dagger Throw","Slice"],"picked":"Adrenaline+1","floor":7},{"not_picked":["Deflect+1","Flechettes","Quick Slash"],"picked":"SKIP","floor":8},{"not_picked":["Dodge and Roll+1","Poisoned Stab"],"picked":"Setup+1","floor":10},{"not_picked":["Dodge and Roll+1","Dagger Throw","Envenom"],"picked":"SKIP","floor":12},{"not_picked":["Blur+1","Deflect+1"],"picked":"Finisher","floor":14},{"not_picked":["Malaise+1","Unload"],"picked":"Doppelganger+1","floor":16},{"not_picked":["Deadly Poison+1","Skewer"],"picked":"Distraction+1","floor":18},{"not_picked":["Deadly Poison+1","Dagger Throw","Bane+1"],"picked":"SKIP","floor":22}],"player_experience":182241,"relics_obtained":[{"floor":7,"key":"Toxic Egg 2"},{"floor":9,"key":"CaptainsWheel"},{"floor":12,"key":"Centennial Puzzle"}],"event_choices":[{"damage_healed":0,"gold_gain":0,"player_choice":"Lose Max HP","damage_taken":0,"relics_obtained":["Golden Idol"],"max_hp_gain":0,"max_hp_loss":5,"event_name":"Golden Idol","floor":13,"gold_loss":0},{"damage_healed":0,"gold_gain":90,"player_choice":"GOLD ","damage_taken":12,"max_hp_gain":0,"max_hp_loss":0,"event_name":"Knowing Skull","floor":19,"potions_obtained":[],"gold_loss":0,"cards_obtained":[]}],"is_beta":false,"boss_relics":[{"not_picked":["Velvet Choker","Busted Crown"],"picked":"Fusion Hammer"}],"items_purged_floors":[],"is_endless":false,"potions_floor_spawned":[3,5,10,12,18,22],"killed_by":"Slavers","ascension_level":0}}