{"host":"gkp57zoegrd3f2ij","time":1609867765,"event":{"mods":["BaseMod","Colored Map","Colored Powertips","Minty Spire (QoL Compilation)","StSLib"],"gold_per_floor":[117,134,151,226,7,7,35,35,61,72,72,72,22,49,49,148,148,163,9,24,224,244,244,276,276,276,306,306,326,338,373,373,469,469,484,494,137,137,137,137,157,176,203,78,78,95,95,105,105,105],"floor_reached":51,"playtime":4160,"items_purged":["Defend_G","A Thousand Cuts","Deadly Poison"],"score":753,"play_id":"c67dedfd-f920-4b09-b121-3923a2ccc1d6","local_time":"20210105182925","is_ascension_mode":true,"campfire_choices":[{"data":"Dagger Spray","floor":6,"key":"SMITH"},{"floor":12,"key":"REST"},{"data":"Slice","floor":15,"key":"SMITH"},{"floor":23,"key":"REST"},{"floor":25,"key":"REST"},{"data":"Backstab","floor":28,"key":"SMITH"},{"floor":32,"key":"REST"},{"data":"Adrenaline","floor":40,"key":"SMITH"},{"floor":45,"key":"REST"},{"floor":49,"key":"REST"}],"circlet_count":0,"master_deck":["Survivor","Neutralize","Good Instincts","Slice+1","Dagger Throw","Underhanded Strike","Dagger Spray+1","Dagger Spray+1","Backflip","Well Laid Plans","Deflect","Adrenaline+1","Footwork","Backstab+1","Prepared+1","Deflect+1","Blur","Phantasmal Killer","Outmaneuver+1","Terror","Finisher","Flying Knee","Blur+1","Reflex","Dagger Spray+1","Jack Of All Trades","Tactician+1"],"relics":["Ring of the Snake","DollysMirror","Omamori","Vajra","Odd Mushroom","SlaversCollar","Incense Burner","White Beast Statue","Bag of Preparation","Bottled Tornado","Pandora\u0027s Box","Strange Spoon","War Paint"],"acts_visited":["Exordium","TheCity","TheBeyond"],"potions_floor_usage":[16,16,24,27,27,27,31,31,42,46,50],"damage_taken":[{"damage":0,"enemies":"Cultist","floor":1,"turns":4},{"damage":0,"enemies":"Small Slimes","floor":2,"turns":3},{"damage":0,"enemies":"Jaw Worm","floor":3,"turns":4},{"damage":7,"enemies":"3 Sentries","floor":7,"turns":6},{"damage":0,"enemies":"3 Louse","floor":10,"turns":3},{"damage":0,"enemies":"The Mushroom Lair","floor":14,"turns":2},{"damage":11,"enemies":"Slime Boss","floor":16,"turns":8},{"damage":1,"enemies":"3 Byrds","floor":18,"turns":5},{"damage":5,"enemies":"Shell Parasite","floor":20,"turns":6},{"damage":37,"enemies":"Snake Plant","floor":22,"turns":6},{"damage":25,"enemies":"Book of Stabbing","floor":24,"turns":5},{"damage":3,"enemies":"Slavers","floor":27,"turns":4},{"damage":1,"enemies":"Cultist and Chosen","floor":29,"turns":3},{"damage":1,"enemies":"Centurion and Healer","floor":30,"turns":5},{"damage":10,"enemies":"Gremlin Leader","floor":31,"turns":6},{"damage":55,"enemies":"Collector","floor":33,"turns":17},{"damage":22,"enemies":"3 Darklings","floor":35,"turns":4},{"damage":11,"enemies":"Orb Walker","floor":36,"turns":4},{"damage":11,"enemies":"Maw","floor":41,"turns":7},{"damage":20,"enemies":"Writhing Mass","floor":42,"turns":5},{"damage":8,"enemies":"Jaw Worm Horde","floor":46,"turns":4},{"damage":0,"enemies":"Sphere and 2 Shapes","floor":48,"turns":3},{"damage":99,"enemies":"Awakened One","floor":50,"turns":20}],"seed_played":"7720061159464875355","potions_obtained":[{"floor":1,"key":"DistilledChaos"},{"floor":2,"key":"AttackPotion"},{"floor":16,"key":"Strength Potion"},{"floor":22,"key":"LiquidBronze"},{"floor":24,"key":"Dexterity Potion"},{"floor":27,"key":"Fruit Juice"},{"floor":29,"key":"DistilledChaos"},{"floor":30,"key":"Regen Potion"},{"floor":31,"key":"FairyPotion"},{"floor":33,"key":"FairyPotion"},{"floor":35,"key":"EssenceOfSteel"},{"floor":42,"key":"Fire Potion"},{"floor":46,"key":"Dexterity Potion"}],"is_trial":false,"path_per_floor":["M","M","M","?","$","R","E","?","T","M","$","R","?","?","R","B",null,"M","$","M","?","M","R","E","R","T","E","R","M","M","E","R","B",null,"M","M","$","?","?","R","M","M","T","$","R","M","?","M","R","B",null],"character_chosen":"THE_SILENT","items_purchased":["Dagger Spray","DollysMirror","Backflip","Footwork","Strange Spoon","GhostInAJar"],"campfire_rested":6,"item_purchase_floors":[5,5,5,19,37,37],"current_hp_per_floor":[70,70,70,59,59,59,52,38,38,38,38,59,59,59,59,48,70,69,69,64,64,27,48,23,44,44,46,46,45,44,49,71,16,75,53,42,42,42,61,61,50,30,30,30,52,44,44,44,66,22],"gold":105,"neow_bonus":"RANDOM_COLORLESS","is_daily":false,"chose_seed":false,"campfire_upgraded":4,"win_rate":0.0,"timestamp":1609867765,"path_taken":["M","M","?","?","?","R","E","?","T","M","$","R","?","?","R","BOSS","M","$","M","?","M","R","E","R","T","E","R","M","M","E","R","BOSS","M","M","?","?","?","R","?","M","T","?","R","M","?","M","R","BOSS"],"items_purchased_type":["Card","Relic","Card","Card","Relic","Potion"],"build_version":"2020-12-22","purchased_purges":3,"victory":true,"max_hp_per_floor":[70,70,70,70,70,70,70,70,70,70,70,70,70,70,70,70,70,70,70,70,70,70,70,70,70,70,75,75,75,75,75,75,75,75,75,75,75,75,75,75,75,75,75,75,75,75,75,75,75,75],"card_choices":[{"not_picked":["Purity","Discovery"],"picked":"Good Instincts","floor":0},{"not_picked":["Deadly Poison","Prepared"],"picked":"Slice","floor":1},{"not_picked":["Bane","Eviscerate"],"picked":"Dagger Throw","floor":2},{"not_picked":["Flying Knee","All Out Attack"],"picked":"Underhanded Strike","floor":3},{"not_picked":["Infinite Blades","Bane"],"picked":"Well Laid Plans","floor":7},{"not_picked":["Finisher","Expertise"],"picked":"Deflect","floor":10},{"not_picked":["Venomology","Bullet Time"],"picked":"Adrenaline","floor":16},{"not_picked":["Backflip","Infinite Blades","Flying Knee"],"picked":"SKIP","floor":18},{"not_picked":["Infinite Blades","Acrobatics"],"picked":"Backstab","floor":20},{"not_picked":["Deadly Poison","Underhanded Strike"],"picked":"Caltrops+1","floor":22},{"not_picked":["Poisoned Stab","Underhanded Strike","Outmaneuver"],"picked":"SKIP","floor":24},{"not_picked":["PiercingWail","Dagger Throw+1"],"picked":"Prepared+1","floor":27},{"not_picked":["Dodge and Roll","Cloak And Dagger"],"picked":"Deflect+1","floor":29},{"not_picked":["Riddle With Holes","Endless Agony"],"picked":"Blur","floor":30},{"not_picked":["Acrobatics","Setup","Flying Knee"],"picked":"SKIP","floor":31},{"not_picked":["Malaise","Storm of Steel"],"picked":"Phantasmal Killer","floor":33},{"not_picked":["Deflect+1","PiercingWail+1","Choke"],"picked":"SKIP","floor":35},{"not_picked":["Riddle With Holes","Dagger Throw+1"],"picked":"Dagger Spray+1","floor":36},{"not_picked":["Deflect","Backflip+1","Quick Slash+1"],"picked":"SKIP","floor":41},{"not_picked":["Poisoned Stab+1","Outmaneuver+1","Finisher+1"],"picked":"SKIP","floor":42},{"not_picked":["Prepared","Dagger Throw","Terror+1"],"picked":"SKIP","floor":46},{"not_picked":["Transmutation","Purity"],"picked":"Jack Of All Trades","floor":47},{"not_picked":["All Out Attack","Sucker Punch"],"picked":"Tactician+1","floor":48}],"player_experience":287862,"relics_obtained":[{"floor":7,"key":"Omamori"},{"floor":9,"key":"Vajra"},{"floor":14,"key":"Odd Mushroom"},{"floor":24,"key":"Incense Burner"},{"floor":26,"key":"White Beast Statue"},{"floor":27,"key":"Bag of Preparation"},{"floor":31,"key":"Bottled Tornado"},{"floor":43,"key":"War Paint"}],"event_choices":[{"damage_healed":0,"gold_gain":75,"player_choice":"Gather Gold","damage_taken":11,"max_hp_gain":0,"max_hp_loss":0,"event_name":"World of Goop","floor":4,"gold_loss":0},{"damage_healed":0,"gold_gain":0,"player_choice":"Entered Light","damage_taken":14,"max_hp_gain":0,"max_hp_loss":0,"event_name":"Shining Light","floor":8,"gold_loss":0,"cards_upgraded":["Dagger Spray","Defend_G"]},{"cards_removed":["Strike_G"],"damage_healed":0,"gold_gain":0,"player_choice":"Card Removal","damage_taken":0,"max_hp_gain":0,"max_hp_loss":0,"event_name":"The Cleric","floor":13,"gold_loss":50},{"damage_healed":0,"gold_gain":0,"player_choice":"Fought Mushrooms","damage_taken":0,"max_hp_gain":0,"max_hp_loss":0,"event_name":"Mushrooms","floor":14,"gold_loss":0},{"damage_healed":0,"gold_gain":200,"player_choice":"Gold","damage_taken":0,"max_hp_gain":0,"max_hp_loss":0,"event_name":"Wheel of Change","floor":21,"gold_loss":0},{"cards_removed":["Caltrops"],"damage_healed":0,"gold_gain":0,"player_choice":"Removed Power","damage_taken":0,"max_hp_gain":0,"max_hp_loss":0,"event_name":"Falling","floor":38,"gold_loss":0},{"damage_healed":19,"gold_gain":0,"player_choice":"Writhe","damage_taken":0,"max_hp_gain":0,"max_hp_loss":0,"event_name":"Winding Halls","floor":39,"gold_loss":0,"cards_obtained":["Writhe"]},{"damage_healed":0,"gold_gain":0,"player_choice":"Memory 1","damage_taken":0,"max_hp_gain":0,"max_hp_loss":0,"event_name":"SensoryStone","floor":47,"gold_loss":0}],"is_beta":false,"boss_relics":[{"not_picked":["Empty Cage","Tiny House"],"picked":"SlaversCollar"},{"not_picked":["Fusion Hammer","WristBlade"],"picked":"Pandora\u0027s Box"}],"items_purged_floors":[19,37,44],"is_endless":false,"potions_floor_spawned":[1,2,16,22,24,27,29,30,31,33,35,36,41,42,46,48],"ascension_level":3}}