{"host":"6he3f0ic6yesrium","time":1609821262,"event":{"mods":["BaseMod","Better Altar","Better Match","Better Note","Better Sensory Stone","Better Skull","Better Third Choice","Colored Map","Conspire","Hubris","Marisa????????","Minty Spire (QoL Compilation)","Replay The Spire","Shade Mod","StSLib","The Alterego","The Mystic","The Necromancer","The Runesmith"],"gold_per_floor":[115,115,15,27,202,222,172,172,218,247,160,193,193,213,213,312,312,327,299,311,311,326,359,376,19,88,122,122,455,455,470,470,470,470],"floor_reached":33,"playtime":1747,"items_purged":[],"score":365,"play_id":"f2fc3958-4f89-494d-8e2d-7c2cd435f5f5","local_time":"20210104233422","is_ascension_mode":false,"campfire_choices":[{"data":"Runesmith:Firewall","floor":8,"key":"SMITH"},{"data":"Runesmith:RunicBlueprint","floor":13,"key":"SMITH"},{"floor":15,"key":"REST"},{"floor":28,"key":"REST"},{"floor":30,"key":"REST"},{"floor":32,"key":"REST"}],"circlet_count":0,"master_deck":["Runesmith:Strike_RS","Runesmith:Strike_RS","Runesmith:Strike_RS","Runesmith:Strike_RS","Runesmith:Defend_RS","Runesmith:Defend_RS","Runesmith:CraftFirestone","Runesmith:Fortify","Runesmith:EarthShield","Runesmith:EarthShield","Runesmith:Firewall+1","Doubt","Runesmith:CraftMagma","Runesmith:RunicBlueprint+1","Runesmith:RuneHurl","Runesmith:RuneHurl","Runesmith:ChaoticBlast","Runesmith:Supernova","Runesmith:Firestorm+1","Runesmith:Discharge","Runesmith:HeatExchange","Runesmith:HeatExchange","Runesmith:FrozenChisel+1","Runesmith:ChiselStab","Runesmith:FissionHammer","Runesmith:CreatorForm","Runesmith:BackupBattery+1"],"relics":["Runesmith:BrokenRuby","PreservedInsect","Juzu Bracelet","Regal Pillow","Lizard Tail","Philosopher\u0027s Stone","Du-Vu Doll","conspire:BottledYoYo","Molten Egg 2","Old Coin"],"acts_visited":["Exordium","TheCity"],"potions_floor_usage":[12,12,16,20,23,24,27,27,27,29],"damage_taken":[{"damage":7,"enemies":"Small Slimes","floor":1,"turns":3},{"damage":1,"enemies":"Cultist","floor":4,"turns":5},{"damage":7,"enemies":"2 Louse","floor":6,"turns":5},{"damage":7,"enemies":"3 Sentries","floor":10,"turns":7},{"damage":0,"enemies":"Lagavulin","floor":12,"turns":4},{"damage":10,"enemies":"Looter","floor":14,"turns":3},{"damage":30,"enemies":"Fading Forest","floor":16,"turns":11},{"damage":4,"enemies":"Shell Parasite","floor":18,"turns":6},{"damage":27,"enemies":"2 Thieves","floor":19,"turns":5},{"damage":10,"enemies":"Centurion and Healer","floor":20,"turns":8},{"damage":0,"enemies":"3 Cultists","floor":22,"turns":6},{"damage":33,"enemies":"Book of Stabbing","floor":23,"turns":5},{"damage":29,"enemies":"Snecko","floor":24,"turns":7},{"damage":1,"enemies":"Slavers","floor":27,"turns":3},{"damage":29,"enemies":"Replay:Snechameleon","floor":29,"turns":3},{"damage":10,"enemies":"Centurion and Healer","floor":31,"turns":4},{"damage":78,"enemies":"Collector","floor":33,"turns":7}],"seed_played":"-5642165668058777173","potions_obtained":[{"floor":10,"key":"Elixir"},{"floor":16,"key":"Energy Potion"},{"floor":19,"key":"SkillPotion"},{"floor":22,"key":"Venom Potion"},{"floor":23,"key":"Reflective Coating"},{"floor":27,"key":"AttackPotion"}],"is_trial":false,"path_per_floor":["M","?","$","M","?","M","?","R","T","E","$","E","R","M","R","B",null,"M","M","M","?","M","E","M","$","T","E","R","E","R","M","R","B"],"character_chosen":"RUNESMITH_CLASS","items_purchased":["Runesmith:EarthShield","SteroidPotion","Runesmith:RuneHurl","PowerPotion","Runesmith:FissionHammer","Strength Potion","AttackPotion","Flashbang"],"campfire_rested":4,"item_purchase_floors":[3,3,11,11,25,25,25,25],"current_hp_per_floor":[63,63,63,62,62,55,55,55,55,48,48,48,48,38,70,56,70,66,39,29,29,29,35,6,6,6,5,41,12,48,38,70,0,0],"gold":470,"neow_bonus":"RANDOM_COMMON_RELIC","is_daily":false,"chose_seed":false,"campfire_upgraded":2,"win_rate":0.0,"timestamp":1609821262,"path_taken":["M","?","$","?","?","M","?","R","T","E","$","E","R","M","R","BOSS","M","M","M","?","M","E","M","?","T","E","R","E","R","M","R","BOSS"],"items_purchased_type":["Card","Potion","Card","Potion","Card","Potion","Potion","Potion"],"build_version":"2020-12-22","purchased_purges":0,"victory":false,"max_hp_per_floor":[70,70,70,70,70,70,70,70,70,70,70,70,70,70,70,70,70,70,70,70,70,70,70,70,70,70,70,70,70,70,70,70,70,70],"card_choices":[{"not_picked":["Runesmith:ChiselStab","Runesmith:EnergizedChisel"],"picked":"Runesmith:EarthShield","floor":1},{"not_picked":["Runesmith:HeatedChisel","Runesmith:CraftVitae"],"picked":"Runesmith:Firewall","floor":4},{"not_picked":["Runesmith:Overpower","Runesmith:Accelerate"],"picked":"Runesmith:CraftMagma","floor":6},{"not_picked":["Runesmith:FieryHammer","Runesmith:CraftIndustria"],"picked":"Runesmith:RunicBlueprint","floor":10},{"not_picked":["Runesmith:HammerTime","Runesmith:ShiftingStrike"],"picked":"Runesmith:ChaoticBlast","floor":12},{"not_picked":["Runesmith:StaticCage","Runesmith:Grindstone","Runesmith:Overpower"],"picked":"SKIP","floor":14},{"not_picked":["Runesmith:LastStand","Runesmith:CraftIndustria"],"picked":"Runesmith:Supernova","floor":16},{"not_picked":["Runesmith:EarthShield+1","Runesmith:CraftObretio"],"picked":"Runesmith:Firestorm+1","floor":18},{"not_picked":["Runesmith:UnstableHammer+1","Runesmith:RuneHurl"],"picked":"Runesmith:Discharge","floor":19},{"not_picked":["Runesmith:Discharge","Runesmith:Repurpose"],"picked":"Runesmith:HeatExchange","floor":20},{"not_picked":["Runesmith:Permafrost","Runesmith:FrozenChisel+1"],"picked":"Runesmith:HeatExchange","floor":22},{"not_picked":["Runesmith:Accelerate","Runesmith:Overpower"],"picked":"Runesmith:FrozenChisel+1","floor":23},{"not_picked":["Runesmith:FrozenChisel","Runesmith:MakeshiftArmor+1"],"picked":"Runesmith:ChiselStab","floor":24},{"not_picked":["Runesmith:Refine","Runesmith:Malloc","Runesmith:ShiftingStrike+1"],"picked":"SKIP","floor":27},{"not_picked":["Runesmith:MakeshiftArmor","Runesmith:PoweredAnvil+1"],"picked":"Runesmith:CreatorForm","floor":29},{"not_picked":["Runesmith:MakeshiftArmor+1","Runesmith:StaticCage"],"picked":"Runesmith:BackupBattery+1","floor":31}],"player_experience":295766,"relics_obtained":[{"floor":9,"key":"Juzu Bracelet"},{"floor":10,"key":"Regal Pillow"},{"floor":12,"key":"Lizard Tail"},{"floor":23,"key":"Du-Vu Doll"},{"floor":26,"key":"conspire:BottledYoYo"},{"floor":27,"key":"Molten Egg 2"},{"floor":29,"key":"Old Coin"}],"event_choices":[{"cards_removed":["Runesmith:Defend_RS"],"damage_healed":0,"gold_gain":0,"player_choice":"Offered Basic","damage_taken":0,"max_hp_gain":0,"max_hp_loss":0,"event_name":"Bonfire Elementals","floor":2,"gold_loss":0},{"damage_healed":0,"gold_gain":175,"player_choice":"AGREE","damage_taken":27,"max_hp_gain":0,"max_hp_loss":0,"event_name":"betterThird:BetterSerpent","floor":5,"gold_loss":0},{"cards_removed":["Runesmith:Defend_RS"],"damage_healed":0,"gold_gain":0,"player_choice":"Card Removal","damage_taken":0,"max_hp_gain":0,"max_hp_loss":0,"event_name":"The Cleric","floor":7,"gold_loss":50},{"cards_removed":["Doubt"],"damage_healed":0,"gold_gain":0,"player_choice":"Give","damage_taken":0,"max_hp_gain":0,"max_hp_loss":0,"event_name":"betterNote:BetterNote","floor":21,"gold_loss":0,"cards_obtained":["conspire:NecroticWound"]}],"is_beta":false,"boss_relics":[{"not_picked":["Honey Jar","hubris:CrackedHourglass"],"picked":"Philosopher\u0027s Stone"}],"items_purged_floors":[],"is_endless":false,"potions_floor_spawned":[10,16,19,22,23,27],"killed_by":"Collector","ascension_level":0}}