{"host":"Qube","time":1609888896,"event":{"mods":["AchievementEnabler","BaseMod","Colored Map","Colored Powertips","Minty Spire (QoL Compilation)","Quick Restart","Random Character Button","StSLib"],"gold_per_floor":[363,12,32,32,44,70,70,104,104,132,142,161,161,171,171,245,245,263,278,293,293,293,323,323,323,323,323,337,337,45,71,71,71,71],"floor_reached":33,"playtime":1591,"items_purged":["Defend_G"],"score":589,"play_id":"09b82391-ade8-40ee-9ca1-c4f1f05762ec","local_time":"20210105152136","is_ascension_mode":true,"campfire_choices":[{"data":"Glass Knife","floor":7.0,"key":"SMITH"},{"data":"A Thousand Cuts","floor":13.0,"key":"SMITH"},{"data":"Burst","floor":15.0,"key":"SMITH"},{"floor":25,"key":"REST"},{"data":"Phantasmal Killer","floor":27,"key":"SMITH"},{"data":"Infinite Blades","floor":29,"key":"SMITH"},{"data":"Underhanded Strike","floor":32,"key":"SMITH"}],"circlet_count":0,"master_deck":["AscendersBane","Defend_G","Defend_G","Defend_G","Defend_G","Survivor","Neutralize","Underhanded Strike","Glass Knife+1","Dagger Throw","Underhanded Strike+1","Predator","Burst+1","A Thousand Cuts+1","Backflip","Reflex","Dagger Throw","Phantasmal Killer+1","Underhanded Strike+1","Tools of the Trade","Prepared","Infinite Blades+1","Bite","Bite","Bite","Bite","Bite","Prepared"],"relics":["Ring of the Snake","Snake Skull","Darkstone Periapt","Eternal Feather","White Beast Statue","Anchor","SacredBark","MutagenicStrength","Question Card","Meat on the Bone","PrismaticShard","Omamori"],"acts_visited":["Exordium","TheCity"],"potions_floor_usage":[23,28,31,33],"damage_taken":[{"damage":12.0,"enemies":"Small Slimes","floor":1.0,"turns":4.0},{"damage":0.0,"enemies":"2 Louse","floor":3.0,"turns":3.0},{"damage":0.0,"enemies":"Cultist","floor":5.0,"turns":2.0},{"damage":8.0,"enemies":"3 Sentries","floor":6.0,"turns":9.0},{"damage":2.0,"enemies":"Gremlin Nob","floor":8.0,"turns":3.0},{"damage":17.0,"enemies":"3 Sentries","floor":10.0,"turns":5.0},{"damage":0.0,"enemies":"Exordium Thugs","floor":11.0,"turns":3.0},{"damage":0.0,"enemies":"2 Fungi Beasts","floor":12.0,"turns":3.0},{"damage":3.0,"enemies":"3 Louse","floor":14.0,"turns":3.0},{"damage":19.0,"enemies":"The Guardian","floor":16.0,"turns":13.0},{"damage":1.0,"enemies":"2 Thieves","floor":18.0,"turns":5.0},{"damage":0.0,"enemies":"Chosen","floor":19.0,"turns":3.0},{"damage":13.0,"enemies":"Snecko","floor":20.0,"turns":4.0},{"damage":35,"enemies":"Book of Stabbing","floor":23,"turns":5},{"damage":22,"enemies":"Sentry and Sphere","floor":28,"turns":4},{"damage":17,"enemies":"Slavers","floor":31,"turns":4},{"damage":75,"enemies":"Automaton","floor":33,"turns":6}],"seed_played":"4191247105976465843","potions_obtained":[{"floor":3.0,"key":"EssenceOfSteel"},{"floor":10.0,"key":"SteroidPotion"},{"floor":11.0,"key":"DuplicationPotion"},{"floor":12.0,"key":"BlessingOfTheForge"},{"floor":16.0,"key":"ColorlessPotion"},{"floor":18.0,"key":"PowerPotion"},{"floor":19.0,"key":"SkillPotion"},{"floor":20.0,"key":"Poison Potion"},{"floor":23,"key":"SpeedPotion"},{"floor":28,"key":"Fire Potion"},{"floor":31,"key":"SkillPotion"}],"is_trial":false,"path_per_floor":["M","$","M","?","M","E","R","E","T","E","M","M","R","M","R","B",null,"M","M","M","?","?","E","?","R","T","R","M","R","$","E","R","B"],"character_chosen":"THE_SILENT","items_purchased":["Glass Knife","Snake Skull","PrismaticShard","Prepared"],"campfire_rested":1,"item_purchase_floors":[2,2,30,30],"current_hp_per_floor":[47,47,47,52,52,44,44,42,42,25,25,25,37,34,46,27,56,55,55,42,42,42,7,7,35,35,45,23,38,38,27,42,0,0],"gold":71,"neow_bonus":"TWO_FIFTY_GOLD","is_daily":false,"chose_seed":false,"campfire_upgraded":6,"win_rate":0.0,"timestamp":1609888896,"path_taken":["M","$","M","?","M","E","R","E","T","E","M","M","R","M","R","BOSS","M","M","M","?","?","E","?","R","T","R","M","R","$","E","R","BOSS"],"items_purchased_type":["Card","Relic","Relic","Card"],"build_version":"2020-12-18","purchased_purges":1,"victory":false,"max_hp_per_floor":[60,60,60,65,65,65,65,65,65,65,65,65,65,65,65,65,65,65,65,65,65,65,65,45,45,45,45,45,45,45,45,45,45,45],"card_choices":[{"not_picked":["Sucker Punch","Dodge and Roll"],"picked":"Underhanded Strike","floor":1.0},{"not_picked":["Cloak And Dagger","Bane"],"picked":"Dagger Throw","floor":3.0},{"not_picked":["Riddle With Holes","Sucker Punch"],"picked":"Underhanded Strike","floor":5.0},{"not_picked":["PiercingWail","Bullet Time"],"picked":"Predator","floor":6.0},{"not_picked":["Crippling Poison","Sucker Punch"],"picked":"Burst","floor":8.0},{"not_picked":["Sucker Punch","A Thousand Cuts","Blade Dance"],"picked":"SKIP","floor":10.0},{"not_picked":["Sucker Punch","Blade Dance"],"picked":"A Thousand Cuts","floor":10.0},{"not_picked":["Deadly Poison","Flying Knee"],"picked":"Backflip","floor":11.0},{"not_picked":["Flying Knee","Poisoned Stab"],"picked":"Reflex","floor":12.0},{"not_picked":["Sucker Punch","Quick Slash"],"picked":"Dagger Throw","floor":14.0},{"not_picked":["Unload","Storm of Steel"],"picked":"Phantasmal Killer","floor":16.0},{"not_picked":["Deadly Poison","Quick Slash"],"picked":"Underhanded Strike+1","floor":18.0},{"not_picked":["Underhanded Strike","Endless Agony"],"picked":"Tools of the Trade","floor":19.0},{"not_picked":["Catalyst","Acrobatics"],"picked":"Prepared","floor":20.0},{"not_picked":["Dagger Throw","Flechettes"],"picked":"Infinite Blades","floor":23},{"not_picked":["PiercingWail","Distraction","Tools of the Trade","Blade Dance"],"picked":"SKIP","floor":28},{"not_picked":["Flex","Thunderclap","Body Slam","Study"],"picked":"SKIP","floor":31}],"player_experience":790650,"relics_obtained":[{"floor":6.0,"key":"Darkstone Periapt"},{"floor":8.0,"key":"Eternal Feather"},{"floor":9.0,"key":"White Beast Statue"},{"floor":10.0,"key":"Anchor"},{"floor":23,"key":"Question Card"},{"floor":26,"key":"Meat on the Bone"},{"floor":31,"key":"Omamori"}],"event_choices":[{"damage_healed":0.0,"max_hp_gain":5.0,"max_hp_loss":0.0,"gold_gain":0.0,"event_name":"Big Fish","player_choice":"Donut","floor":4.0,"gold_loss":0.0,"damage_taken":0.0},{"damage_healed":0.0,"max_hp_gain":0.0,"max_hp_loss":0.0,"gold_gain":0.0,"event_name":"Drug Dealer","player_choice":"Inject Mutagens","floor":21.0,"gold_loss":0.0,"damage_taken":0.0,"relics_obtained":["MutagenicStrength"]},{"damage_healed":0,"gold_gain":0,"player_choice":"Ignored","damage_taken":0,"max_hp_gain":0,"max_hp_loss":0,"event_name":"The Mausoleum","floor":22,"gold_loss":0},{"damage_healed":0,"gold_gain":0,"player_choice":"Became a vampire","damage_taken":0,"max_hp_gain":0,"max_hp_loss":20,"event_name":"Vampires","floor":24,"gold_loss":0,"cards_obtained":["Bite","Bite","Bite","Bite","Bite"]}],"is_beta":true,"boss_relics":[{"not_picked":["Empty Cage","Philosopher\u0027s Stone"],"picked":"SacredBark"}],"items_purged_floors":[30],"is_endless":false,"potions_floor_spawned":[3,10,11,12,14,16,18,19,20,23,28,31],"killed_by":"Automaton","ascension_level":17}}