{"host":"5raohst9sk3kvp5v","time":1609828409,"event":{"mods":["BaseMod","Colored Powertips","Highlight Path","Minty Spire (QoL Compilation)","Quick Restart","Relic Stats","StSLib"],"gold_per_floor":[116,116,141,155,80,105,14,14,62,93,106,106,124,135,135,207,207,221,96,112,127,142,142,142],"floor_reached":23,"playtime":1291,"items_purged":["Strike_R"],"score":456,"play_id":"ba0d8d94-2a7a-43ba-a5d5-3c5d0c9553e3","local_time":"20210105003329","is_ascension_mode":true,"campfire_choices":[{"data":"True Grit","floor":12.0,"key":"SMITH"},{"data":"Spot Weakness","floor":15.0,"key":"SMITH"}],"circlet_count":0,"master_deck":["AscendersBane","Strike_R","Strike_R","Defend_R","Defend_R","Defend_R","Defend_R","Bash","True Grit+1","Reaper","Headbutt","Metallicize","Pommel Strike","Carnage+1","Spot Weakness+1","Shockwave","Cleave+1","Bludgeon+1","Heavy Blade+1","Shrug It Off","Headbutt+1","Pummel+1","Power Through"],"relics":["Burning Blood","NeowsBlessing","Boot","Bronze Scales","Molten Egg 2","SlaversCollar"],"acts_visited":["Exordium","TheCity"],"potions_floor_usage":[21,23],"damage_taken":[{"damage":0.0,"enemies":"2 Louse","floor":1.0,"turns":1.0},{"damage":0.0,"enemies":"Jaw Worm","floor":4.0,"turns":1.0},{"damage":0.0,"enemies":"Lagavulin","floor":6.0,"turns":1.0},{"damage":39.0,"enemies":"3 Sentries","floor":10.0,"turns":11.0},{"damage":6.0,"enemies":"Cultist","floor":11.0,"turns":3.0},{"damage":14.0,"enemies":"Lots of Slimes","floor":13.0,"turns":4.0},{"damage":1.0,"enemies":"3 Louse","floor":14.0,"turns":4.0},{"damage":33.0,"enemies":"The Guardian","floor":16.0,"turns":9.0},{"damage":32.0,"enemies":"2 Thieves","floor":18.0,"turns":4.0},{"damage":6,"enemies":"Chosen","floor":20,"turns":3},{"damage":20,"enemies":"Snecko","floor":21,"turns":3},{"damage":17,"enemies":"Snake Plant","floor":22,"turns":4},{"damage":16,"enemies":"Gremlin Leader","floor":23,"turns":5}],"seed_played":"-5323282395584134002","potions_obtained":[{"floor":1.0,"key":"ColorlessPotion"},{"floor":4.0,"key":"DuplicationPotion"},{"floor":6.0,"key":"SmokeBomb"},{"floor":18.0,"key":"DuplicationPotion"},{"floor":22,"key":"AttackPotion"}],"is_trial":false,"path_per_floor":["M","?","T","M","?","E","$","$","T","E","M","R","M","M","R","B",null,"M","$","M","M","M","E"],"character_chosen":"IRONCLAD","items_purchased":["Metallicize","Pommel Strike","Shrug It Off"],"campfire_rested":0,"item_purchase_floors":[7,7,19],"current_hp_per_floor":[74,67,67,73,73,75,75,75,75,57,57,57,67,75,75,64,72,46,46,46,38,27,22,22],"gold":142,"neow_bonus":"THREE_ENEMY_KILL","is_daily":false,"chose_seed":false,"campfire_upgraded":2,"win_rate":0.0,"timestamp":1609828409,"path_taken":["M","?","?","M","?","E","?","$","T","E","?","R","M","M","R","BOSS","M","$","M","M","M","E"],"items_purchased_type":["Card","Card","Card"],"build_version":"2020-12-22","purchased_purges":1,"victory":false,"max_hp_per_floor":[75,75,75,75,75,75,75,75,75,75,75,75,75,75,75,75,75,75,75,75,75,75,75,75],"relic_stats":{"counters":[13,53],"Bronze Scales":[128],"Boot":[17],"obtain_stats":[{"SlaversCollar":17,"NeowsBlessing":0,"Bronze Scales":9,"Molten Egg 2":10,"Boot":6,"Burning Blood":0},{"SlaversCollar":8,"NeowsBlessing":0,"Bronze Scales":3,"Molten Egg 2":4,"Boot":3,"Burning Blood":0},{"SlaversCollar":34,"NeowsBlessing":0,"Bronze Scales":3,"Molten Egg 2":14,"Boot":3,"Burning Blood":0}],"Burning Blood":66},"card_choices":[{"not_picked":["Rage","Wild Strike"],"picked":"True Grit","floor":1.0},{"not_picked":["Ghostly Armor","Pommel Strike"],"picked":"Reaper","floor":4.0},{"not_picked":["Pummel","Shrug It Off"],"picked":"Headbutt","floor":6.0},{"not_picked":["Intimidate","Rupture"],"picked":"Carnage+1","floor":10.0},{"not_picked":["Disarm","Perfected Strike+1"],"picked":"Spot Weakness","floor":11.0},{"not_picked":["Clash+1","Perfected Strike+1"],"picked":"Shockwave","floor":13.0},{"not_picked":["True Grit","Spot Weakness"],"picked":"Cleave+1","floor":14.0},{"not_picked":["Demon Form","Reaper+1"],"picked":"Bludgeon+1","floor":16.0},{"not_picked":["Cleave+1","Havoc"],"picked":"Heavy Blade+1","floor":18.0},{"not_picked":["Second Wind","Ghostly Armor"],"picked":"Headbutt+1","floor":20},{"not_picked":["Infernal Blade+1","Armaments"],"picked":"Pummel+1","floor":21},{"not_picked":["Havoc","Clash+1"],"picked":"Power Through","floor":22}],"player_experience":1696358,"relics_obtained":[{"floor":6.0,"key":"Boot"},{"floor":9.0,"key":"Bronze Scales"},{"floor":10.0,"key":"Molten Egg 2"}],"event_choices":[{"cards_removed":["Strike_R"],"damage_healed":0.0,"max_hp_gain":0.0,"max_hp_loss":0.0,"gold_gain":0.0,"event_name":"Golden Wing","player_choice":"Card Removal","floor":2.0,"gold_loss":0.0,"damage_taken":7.0},{"cards_removed":["Strike_R"],"damage_healed":0.0,"max_hp_gain":0.0,"max_hp_loss":0.0,"gold_gain":0.0,"event_name":"The Cleric","player_choice":"Card Removal","floor":5.0,"gold_loss":75.0,"damage_taken":0.0}],"is_beta":false,"boss_relics":[{"not_picked":["SacredBark","Black Star"],"picked":"SlaversCollar"}],"items_purged_floors":[19],"is_endless":false,"potions_floor_spawned":[1,4,6,18,22],"killed_by":"Gremlin Leader","ascension_level":20}}