{"host":"ds1yr10zonoc6w4a","time":1609813810,"event":{"mods":["BaseMod","Better Match","Better Third Choice","BetterRewards","Minty Spire (QoL Compilation)","StSLib","The Animator"],"gold_per_floor":[109,120,45,90,90,90,125,166,218,218,251,251,275,298,298,306,306],"floor_reached":16,"playtime":1076,"items_purged":["animator:Defend"],"score":231,"play_id":"4b0a4d5e-b2a0-4ce7-a21c-9c4aa725ae4c","local_time":"20210104193010","is_ascension_mode":true,"campfire_choices":[{"data":"animator:Emonzaemon","floor":6,"key":"SMITH"},{"floor":12,"key":"REST"},{"floor":15,"key":"REST"}],"circlet_count":0,"master_deck":["AscendersBane","animator:Strike_Katanagatari","animator:Strike","animator:Strike","animator:Strike","animator:Defend+1","animator:Defend","animator:Azekura","animator:Emonzaemon+1","animator:Chris","animator:SilverFang+1","animator:DolaStephanie","animator:FielNirvalen","animator:ZankiKiguchi","animator:SilverFang","animator:Yuuichirou"],"relics":["animator:LivingPicture","animator:TheMissingPiece","animator:PurgingStone","NeowsBlessing","animator:HeavyHalberd","Odd Mushroom"],"acts_visited":["Exordium"],"potions_floor_usage":[8,8],"damage_taken":[{"damage":0,"enemies":"Cultist","floor":1,"turns":1},{"damage":0,"enemies":"Jaw Worm","floor":2,"turns":1},{"damage":0,"enemies":"Lagavulin","floor":7,"turns":1},{"damage":35,"enemies":"The Mushroom Lair","floor":8,"turns":8},{"damage":0,"enemies":"2 Louse","floor":11,"turns":3},{"damage":0,"enemies":"2 Fungi Beasts","floor":13,"turns":5},{"damage":10,"enemies":"Large Slime","floor":14,"turns":8},{"damage":40,"enemies":"Slime Boss","floor":16,"turns":6}],"seed_played":"7491919988854792710","potions_obtained":[{"floor":1,"key":"Ancient Potion"},{"floor":7,"key":"Weak Potion"}],"is_trial":false,"path_per_floor":["M","M","$","?","?","R","E","?","T","?","M","R","M","M","R","B"],"character_chosen":"THE_ANIMATOR","items_purchased":[],"campfire_rested":2,"item_purchase_floors":[],"current_hp_per_floor":[54,54,54,54,36,36,36,1,1,1,1,19,19,9,27,0,0],"gold":306,"neow_bonus":"THREE_ENEMY_KILL","is_daily":false,"chose_seed":false,"campfire_upgraded":1,"win_rate":0.0,"timestamp":1609813810,"path_taken":["M","M","?","?","?","R","E","?","T","?","M","R","M","M","R","BOSS"],"items_purchased_type":[],"build_version":"2020-12-22","purchased_purges":1,"victory":false,"max_hp_per_floor":[60,60,60,60,60,60,60,60,60,60,60,60,60,60,60,60,60],"card_choices":[{"not_picked":["animator:DolaCouronne","animator:Yuuichirou"],"picked":"animator:Chris","floor":1},{"not_picked":["animator:Lancer","animator:Shigure"],"picked":"animator:SilverFang","floor":2},{"not_picked":["animator:Archer","animator:Father"],"picked":"animator:DolaStephanie","floor":7},{"not_picked":["animator:Guy","animator:AcuraAkari"],"picked":"animator:FielNirvalen","floor":8},{"not_picked":["animator:Azekura","animator:Hitei"],"picked":"animator:ZankiKiguchi","floor":11},{"not_picked":["animator:MetalKnight","animator:TukaLunaMarceau"],"picked":"animator:SilverFang","floor":13},{"not_picked":["animator:IzunaHatsuse","animator:Rider"],"picked":"animator:Yuuichirou","floor":14}],"player_experience":646705,"relics_obtained":[{"floor":7,"key":"animator:HeavyHalberd"},{"floor":8,"key":"Odd Mushroom"}],"event_choices":[{"damage_healed":54,"gold_gain":0,"player_choice":"Upgrade","damage_taken":18,"max_hp_gain":0,"max_hp_loss":60,"event_name":"betterThird:BetterShining","floor":5,"gold_loss":0,"cards_upgraded":["animator:Defend","animator:SilverFang"]},{"damage_healed":0,"gold_gain":0,"player_choice":"Fought Mushrooms","damage_taken":0,"max_hp_gain":0,"max_hp_loss":0,"event_name":"Mushrooms","floor":8,"gold_loss":0},{"damage_healed":0,"gold_gain":1,"player_choice":"LEAVE","damage_taken":0,"max_hp_gain":0,"max_hp_loss":0,"event_name":"betterThird:BetterScrap","floor":10,"gold_loss":0,"cards_obtained":["Corpse Explosion"]}],"is_beta":false,"boss_relics":[],"items_purged_floors":[3],"is_endless":false,"potions_floor_spawned":[1,7],"killed_by":"Slime Boss","ascension_level":17}}