{"host":"1a3cjta80tad0aqj","time":1609857451,"event":{"mods":["2.2 Compatiblity","AchievementEnabler","BaseMod","Colored Map","DeckTracker","KOR Keyword Fix","Keyboard Shortcuts","Minty Spire (QoL Compilation)","Permanent Neow","Quick Restart","Random Character Button","StSLib","SuperFastMode","everything is the same but u backflip on backflip"],"gold_per_floor":[314,314,389,403,22,22,50,63,114,16,91,123,137,137,137,241,241,251,251,251,263,263,263,47,57,57,70,70,87,14,14,14,14,14],"floor_reached":33,"playtime":2521,"items_purged":[],"score":328,"play_id":"2b5f31ea-4a55-4447-8b09-2d0a7110cf5f","local_time":"20210105233731","is_ascension_mode":false,"campfire_choices":[{"data":"Lockon","floor":6,"key":"SMITH"},{"floor":15,"key":"REST"},{"floor":23,"key":"REST"},{"floor":28,"key":"REST"},{"data":"Creative AI","floor":32,"key":"SMITH"}],"circlet_count":0,"master_deck":["Strike_B","Strike_B","Strike_B","Strike_B","Defend_B","Defend_B","Defend_B","Zap","Dualcast","Beam Cell+1","Lockon+1","Stack","Creative AI+1","Double Energy+1","Self Repair","Force Field","Steam Power","Core Surge","Barrage+1","Fusion","Ball Lightning","Echo Form","Leap","Rebound+1","Turbo+1","Ghostly","Ghostly","Ghostly","Ghostly","Ghostly"],"relics":["Cracked Core","Old Coin","FossilizedHelix","Potion Belt","Akabeko","Lantern","Dream Catcher","SlaversCollar","Enchiridion","Kunai"],"acts_visited":["Exordium","TheCity"],"potions_floor_usage":[7,12,16,18,25,25,27,29,33,33],"damage_taken":[{"damage":7,"enemies":"2 Louse","floor":1,"turns":3},{"damage":3,"enemies":"Jaw Worm","floor":4,"turns":3},{"damage":0,"enemies":"Lagavulin","floor":7,"turns":4},{"damage":0,"enemies":"Cultist","floor":8,"turns":3},{"damage":0,"enemies":"Gremlin Nob","floor":12,"turns":3},{"damage":5,"enemies":"3 Louse","floor":13,"turns":3},{"damage":30,"enemies":"Hexaghost","floor":16,"turns":8},{"damage":29,"enemies":"Spheric Guardian","floor":18,"turns":7},{"damage":2,"enemies":"Shell Parasite","floor":21,"turns":5},{"damage":32,"enemies":"Sentry and Sphere","floor":25,"turns":6},{"damage":0,"enemies":"Snecko","floor":27,"turns":5},{"damage":5,"enemies":"Centurion and Healer","floor":29,"turns":6},{"damage":47,"enemies":"Collector","floor":33,"turns":5}],"seed_played":"670377316018269097","potions_obtained":[{"floor":4,"key":"PowerPotion"},{"floor":13,"key":"SpeedPotion"},{"floor":16,"key":"Block Potion"},{"floor":18,"key":"ColorlessPotion"},{"floor":25,"key":"Block Potion"},{"floor":27,"key":"Explosive Potion"}],"is_trial":false,"path_per_floor":["M","?","?","M","$","R","E","M","T","$","?","E","M","?","R","B",null,"M","?","?","M","?","R","$","M","T","M","R","M","$","?","R","B"],"character_chosen":"DEFECT","items_purchased":["Stack","FossilizedHelix","Explosive Potion","EssenceOfDarkness","Echo Form","Block Potion","DistilledChaos"],"campfire_rested":3,"item_purchase_floors":[5,5,5,10,24,24,30],"current_hp_per_floor":[68,68,57,54,54,54,54,54,54,54,47,47,49,42,64,41,75,46,30,30,35,35,57,57,32,32,39,61,63,63,37,37,0,0],"gold":14,"neow_bonus":"ONE_RARE_RELIC","is_daily":false,"chose_seed":false,"campfire_upgraded":2,"win_rate":0.0,"timestamp":1609857451,"path_taken":["M","?","?","M","$","R","E","M","T","?","?","E","?","?","R","BOSS","M","?","?","?","?","R","$","M","T","?","R","M","$","?","R","BOSS"],"items_purchased_type":["Card","Relic","Potion","Potion","Card","Potion","Potion"],"build_version":"2020-12-22","purchased_purges":0,"victory":false,"max_hp_per_floor":[75,75,75,75,75,75,75,75,75,75,75,75,75,75,75,75,75,75,75,75,75,75,75,75,75,75,75,75,75,75,37,37,37,37],"card_choices":[{"not_picked":["Streamline","Force Field"],"picked":"Beam Cell","floor":1},{"not_picked":["Rip and Tear","Ball Lightning"],"picked":"Lockon","floor":4},{"not_picked":["Hologram","Capacitor"],"picked":"Creative AI","floor":7},{"not_picked":["Ball Lightning","Gash"],"picked":"Double Energy","floor":8},{"not_picked":["Tempest","BootSequence"],"picked":"Self Repair","floor":12},{"not_picked":["Cold Snap","Go for the Eyes"],"picked":"Force Field","floor":13},{"not_picked":["Leap","Rainbow"],"picked":"Steam Power","floor":15},{"not_picked":["Meteor Strike","Hyperbeam"],"picked":"Core Surge","floor":16},{"not_picked":["Self Repair","Scrape"],"picked":"Barrage+1","floor":18},{"not_picked":["Coolheaded","Go for the Eyes+1"],"picked":"Ball Lightning","floor":21},{"not_picked":["Consume+1","Gash"],"picked":"Leap","floor":25},{"not_picked":["Hologram","Go for the Eyes"],"picked":"Rebound+1","floor":27},{"not_picked":["Sweeping Beam","Redo"],"picked":"Turbo+1","floor":29}],"player_experience":143703,"relics_obtained":[{"floor":7,"key":"Potion Belt"},{"floor":9,"key":"Akabeko"},{"floor":12,"key":"Lantern"},{"floor":19,"key":"Enchiridion"},{"floor":26,"key":"Kunai"}],"event_choices":[{"damage_healed":0,"gold_gain":0,"player_choice":"Grow","damage_taken":0,"max_hp_gain":0,"max_hp_loss":0,"event_name":"Living Wall","floor":2,"gold_loss":0,"cards_upgraded":["Beam Cell"]},{"damage_healed":0,"gold_gain":75,"player_choice":"Gather Gold","damage_taken":11,"max_hp_gain":0,"max_hp_loss":0,"event_name":"World of Goop","floor":3,"gold_loss":0},{"damage_healed":0,"gold_gain":75,"player_choice":"Touch","damage_taken":7,"max_hp_gain":0,"max_hp_loss":0,"event_name":"FaceTrader","floor":11,"gold_loss":0},{"damage_healed":0,"gold_gain":0,"player_choice":"Success","damage_taken":7,"relics_obtained":["Dream Catcher"],"max_hp_gain":0,"max_hp_loss":0,"event_name":"Scrap Ooze","floor":14,"gold_loss":0},{"damage_healed":0,"gold_gain":0,"player_choice":"Obtained Book","damage_taken":16,"max_hp_gain":0,"max_hp_loss":0,"event_name":"Cursed Tome","floor":19,"gold_loss":0},{"damage_healed":0,"gold_gain":0,"cards_transformed":["Defend_B"],"player_choice":"Transformed","damage_taken":0,"max_hp_gain":0,"max_hp_loss":0,"event_name":"Transmorgrifier","floor":20,"gold_loss":0,"cards_obtained":["Fusion"]},{"damage_healed":0,"gold_gain":0,"player_choice":"Upgraded","damage_taken":0,"max_hp_gain":0,"max_hp_loss":0,"event_name":"Upgrade Shrine","floor":22,"gold_loss":0,"cards_upgraded":["Double Energy"]},{"damage_healed":0,"gold_gain":0,"player_choice":"Became a Ghost","damage_taken":0,"max_hp_gain":0,"max_hp_loss":38,"event_name":"Ghosts","floor":31,"gold_loss":0,"cards_obtained":["Ghostly","Ghostly","Ghostly","Ghostly","Ghostly"]}],"is_beta":false,"boss_relics":[{"not_picked":["Busted Crown","FrozenCore"],"picked":"SlaversCollar"}],"items_purged_floors":[],"is_endless":false,"potions_floor_spawned":[4,13,16,18,25,27],"killed_by":"Collector","ascension_level":0}}