{"host":"cyiefo55v5hz1ih5","time":1609811905,"event":{"mods":["2.2 Compatiblity","AchievementEnabler","BaseMod","GifTheSpireLib","Hubris","Minty Spire (QoL Compilation)","Replay The Spire","Spicy Shops","StSLib","The Construct"],"gold_per_floor":[117,192,292,310,320,320,352,365,438,458,458,195,229,229,229,330,330,349,349,363,62,89,89,89],"floor_reached":23,"playtime":1997,"items_purged":["construct:Strike_Gold","construct:Strike_Gold","construct:Defend_Gold"],"score":209,"play_id":"de58780a-8b55-4360-ac25-55f28f291c2b","local_time":"20210104205825","is_ascension_mode":true,"campfire_choices":[{"data":"construct:Enhance","floor":6,"key":"SMITH"},{"floor":11,"key":"REST"},{"floor":15,"key":"REST"}],"circlet_count":0,"master_deck":["construct:Strike_Gold","construct:Strike_Gold","construct:Defend_Gold","construct:Defend_Gold","construct:Defend_Gold","construct:AttackMode","construct:DefenseMode","construct:ScopeCore","construct:Enhance+1","construct:Hazardproof","construct:CriticalHit","construct:BatteryAcid+1","construct:Failsafe+1","construct:SiegeForm+1","construct:Autoturret+1","construct:Autoturret+1","construct:ForceCore+1","construct:Chainstrike+1"],"relics":["construct:Cogwheel","hubris:Teleporter","Golden Egg","hubris:Reverence","hubris:PeanutButter","ChewingGum","Juzu Bracelet"],"acts_visited":["Exordium","TheCity"],"potions_floor_usage":[8,10,13,20,23],"damage_taken":[{"damage":0,"enemies":"Small Slimes","floor":1,"turns":4},{"damage":0,"enemies":"Jaw Worm","floor":4,"turns":4},{"damage":0,"enemies":"Cultist","floor":5,"turns":3},{"damage":21,"enemies":"3 Sentries","floor":7,"turns":10},{"damage":6,"enemies":"Exordium Thugs","floor":8,"turns":5},{"damage":7,"enemies":"3 Louse","floor":10,"turns":3},{"damage":22,"enemies":"Lagavulin","floor":13,"turns":8},{"damage":32,"enemies":"Slime Boss","floor":16,"turns":16},{"damage":14,"enemies":"Shell Parasite","floor":18,"turns":7},{"damage":11,"enemies":"Spheric Guardian","floor":20,"turns":6},{"damage":57,"enemies":"Gremlin Leader","floor":23,"turns":6}],"seed_played":"5693625639546892829","potions_obtained":[{"floor":4,"key":"DuplicationPotion"},{"floor":7,"key":"Milkshake"},{"floor":8,"key":"BlessingOfTheForge"},{"floor":18,"key":"Dexterity Potion"},{"floor":20,"key":"construct:ShiftPotion"}],"is_trial":false,"path_per_floor":["M","?","?","M","M","R","E","M","T","M","R","$","E","T","R","B",null,"M","?","M","$","T","E"],"character_chosen":"THE_CONSTRUCT_MOD","items_purchased":["construct:BatteryAcid","construct:Failsafe","construct:Chainstrike"],"campfire_rested":2,"item_purchase_floors":[12,12,21],"current_hp_per_floor":[77,66,66,66,66,66,45,39,39,32,55,55,33,33,56,24,77,63,63,52,52,52,0,0],"gold":89,"neow_bonus":"REMOVE_TWO","is_daily":false,"chose_seed":false,"campfire_upgraded":1,"win_rate":0.0,"timestamp":1609811905,"path_taken":["M","?","?","?","M","R","E","M","T","M","R","$","E","?","R","BOSS","M","?","M","$","?","E"],"items_purchased_type":["Card","Card","Card"],"build_version":"2020-12-22","purchased_purges":3,"victory":false,"max_hp_per_floor":[77,77,77,77,77,77,77,77,77,77,77,77,77,77,77,77,77,77,77,77,77,77,77,77],"card_choices":[{"not_picked":["construct:VentSteam","construct:HeavyBolt","construct:Missile"],"picked":"SKIP","floor":1},{"not_picked":["construct:Boost","construct:SweepLaser"],"picked":"construct:ScopeCore","floor":4},{"not_picked":["construct:SuppressiveFire","construct:VentSteam"],"picked":"construct:Enhance","floor":5},{"not_picked":["construct:MemoryTap","construct:LaserCore"],"picked":"construct:Hazardproof","floor":7},{"not_picked":["construct:ForceCore","construct:Accumulate"],"picked":"construct:CriticalHit","floor":8},{"not_picked":["construct:SaveState","construct:VentSteam","construct:Boost"],"picked":"SKIP","floor":10},{"not_picked":["construct:FocusedBeam","construct:SweepLaser","construct:SuppressiveFire"],"picked":"SKIP","floor":13},{"not_picked":["construct:HammerDown","construct:ClockworkEgg"],"picked":"construct:SiegeForm","floor":16},{"not_picked":["construct:ForceCore+1","construct:Accumulate"],"picked":"construct:Autoturret+1","floor":18},{"not_picked":["construct:FocusedBeam","construct:ScrapCannon"],"picked":"construct:ForceCore+1","floor":20}],"player_experience":588020,"relics_obtained":[{"floor":7,"key":"hubris:Teleporter"},{"floor":9,"key":"Golden Egg"},{"floor":13,"key":"hubris:Reverence"},{"floor":14,"key":"hubris:PeanutButter"},{"floor":22,"key":"Juzu Bracelet"}],"event_choices":[{"damage_healed":0,"gold_gain":75,"player_choice":"Gather Gold","damage_taken":11,"max_hp_gain":0,"max_hp_loss":0,"event_name":"World of Goop","floor":2,"gold_loss":0},{"damage_healed":0,"gold_gain":100,"player_choice":"Pray","damage_taken":0,"max_hp_gain":0,"max_hp_loss":0,"event_name":"Golden Shrine","floor":3,"gold_loss":0},{"damage_healed":0,"gold_gain":0,"player_choice":"Copied","damage_taken":0,"max_hp_gain":0,"max_hp_loss":0,"event_name":"Duplicator","floor":19,"gold_loss":0,"cards_obtained":["construct:Autoturret"]}],"is_beta":false,"boss_relics":[{"not_picked":["Kintsugi","SacredBark"],"picked":"ChewingGum"}],"items_purged_floors":[12,21,21],"is_endless":false,"potions_floor_spawned":[4,7,8,18,20],"killed_by":"Gremlin Leader","ascension_level":1}}