{"host":"ilxricga2547gmyy","time":1609884105,"event":{"mods":["AchievementEnabler","BaseMod","Minty Spire (QoL Compilation)","Quick Restart","Replay The Spire","StSLib"],"gold_per_floor":[110,128,128,128,53,86,86,119,119,119,138,168,180,223,223,330,330,357,317,338,357,357,357],"floor_reached":22,"playtime":725,"items_purged":["Defend_R"],"score":359,"play_id":"2656ddf0-4b3c-490c-b2a4-f88eadce1252","local_time":"20210105230145","is_ascension_mode":true,"campfire_choices":[{"data":"Bash","floor":7.0,"key":"SMITH"},{"data":"Iron Wave","floor":10.0,"key":"SMITH"},{"floor":15.0,"key":"REST"}],"circlet_count":0,"master_deck":["AscendersBane","Strike_R","Strike_R","Strike_R","Strike_R+1","Defend_R","Defend_R","Defend_R+1","Bash+1","Thunderclap","Sword Boomerang","Iron Wave+1","Rage","Clothesline","ReplayTheSpireMod:Muscle Training+1","Cleave","Seeing Red+1","Reaper","Shrug It Off+1","Dual Wield+1","Inflame"],"relics":["Burning Blood","NeowsBlessing","Pocketwatch","The Courier","Toxic Egg 2","Mirror","CeramicFish","ReplayTheSpireMod:DimensionalGlitch"],"acts_visited":["Exordium","TheCity"],"potions_floor_usage":[],"damage_taken":[{"damage":0.0,"enemies":"Small Slimes","floor":1.0,"turns":1.0},{"damage":0.0,"enemies":"2 Louse","floor":2.0,"turns":1.0},{"damage":0.0,"enemies":"Gremlin Nob","floor":6.0,"turns":1.0},{"damage":26.0,"enemies":"3 Sentries","floor":8.0,"turns":8.0},{"damage":0.0,"enemies":"Cultist","floor":11.0,"turns":4.0},{"damage":6.0,"enemies":"Gremlin Nob","floor":12.0,"turns":4.0},{"damage":10.0,"enemies":"Exordium Thugs","floor":13.0,"turns":4.0},{"damage":26.0,"enemies":"3 Sentries","floor":14.0,"turns":6.0},{"damage":34.0,"enemies":"Slime Boss","floor":16.0,"turns":6.0},{"damage":18.0,"enemies":"Spheric Guardian","floor":18.0,"turns":4.0},{"damage":5.0,"enemies":"3 Byrds","floor":20.0,"turns":4.0},{"damage":58.0,"enemies":"Shelled Parasite and Fungi","floor":21.0,"turns":6.0},{"damage":16,"enemies":"Snake Plant","floor":22,"turns":1}],"seed_played":"-8943630060835562205","potions_obtained":[{"floor":1.0,"key":"Elixir"},{"floor":2.0,"key":"Fruit Juice"},{"floor":12.0,"key":"Explosive Potion"},{"floor":13.0,"key":"PowerPotion"},{"floor":19.0,"key":"Explosive Potion"},{"floor":19.0,"key":"Weak Potion"},{"floor":19.0,"key":"Weak Potion"},{"floor":21.0,"key":"Fire Potion"}],"is_trial":false,"path_per_floor":["M","M","?","?","$","E","R","E","T","R","M","E","M","E","R","B",null,"M","?","M","M","M"],"character_chosen":"IRONCLAD","items_purchased":[],"campfire_rested":1,"item_purchase_floors":[],"current_hp_per_floor":[78,80,80,64,64,70,75,55,55,55,61,61,57,37,62,34,72,57,57,61,10,0,0],"gold":357,"neow_bonus":"THREE_ENEMY_KILL","is_daily":false,"chose_seed":false,"campfire_upgraded":2,"win_rate":0.0,"timestamp":1609884105,"path_taken":["M","M","?","?","$","E","R","E","T","R","M","E","M","E","R","BOSS","M","?","?","M","M"],"items_purchased_type":[],"build_version":"2020-12-22","purchased_purges":1,"victory":false,"max_hp_per_floor":[80,80,80,80,80,80,85,85,85,85,85,85,85,85,85,85,85,85,85,85,85,85,85],"card_choices":[{"not_picked":["Burning Pact","Bloodletting"],"picked":"Thunderclap","floor":1.0},{"not_picked":["Warcry","Reckless Charge","Rupture"],"picked":"SKIP","floor":2.0},{"not_picked":["Massacre","Wild Strike"],"picked":"Iron Wave","floor":6.0},{"not_picked":["Abandon","Wild Strike"],"picked":"Rage","floor":8.0},{"not_picked":["Clash","Anger"],"picked":"Clothesline","floor":11.0},{"not_picked":["Pummel","Armaments+1"],"picked":"ReplayTheSpireMod:Muscle Training+1","floor":12.0},{"not_picked":["Fire Breathing","Heavy Blade"],"picked":"Cleave","floor":13.0},{"not_picked":["Run Through","Intimidate+1"],"picked":"Seeing Red+1","floor":14.0},{"not_picked":["Berserk","Brutality"],"picked":"Reaper","floor":16.0},{"not_picked":["Twin Strike","Searing Blow+1"],"picked":"Shrug It Off+1","floor":18.0},{"not_picked":["Warcry+1","Heavy Blade"],"picked":"Dual Wield+1","floor":20.0},{"not_picked":["Barricade","Pommel Strike"],"picked":"Inflame","floor":21.0}],"player_experience":275119,"relics_obtained":[{"floor":6.0,"key":"Pocketwatch"},{"floor":8.0,"key":"The Courier"},{"floor":9.0,"key":"Toxic Egg 2"},{"floor":12.0,"key":"Mirror"},{"floor":14.0,"key":"CeramicFish"}],"event_choices":[{"damage_healed":0.0,"max_hp_gain":0.0,"max_hp_loss":0.0,"gold_gain":0.0,"cards_transformed":["Strike_R"],"event_name":"Living Wall","player_choice":"Change","floor":3.0,"gold_loss":0.0,"damage_taken":0.0,"cards_obtained":["Sword Boomerang"]},{"damage_healed":0.0,"max_hp_gain":0.0,"max_hp_loss":0.0,"gold_gain":0.0,"event_name":"Shining Light","player_choice":"Entered Light","floor":4.0,"gold_loss":0.0,"damage_taken":16.0,"cards_upgraded":["Defend_R","Strike_R"]},{"damage_healed":0.0,"max_hp_gain":0.0,"max_hp_loss":0.0,"gold_gain":0.0,"event_name":"The Woman in Blue","player_choice":"Bought 3 Potions","floor":19.0,"gold_loss":0.0,"damage_taken":0.0}],"is_beta":false,"boss_relics":[{"not_picked":["SacredBark","Replay:Wanted Poster"],"picked":"ReplayTheSpireMod:DimensionalGlitch"}],"items_purged_floors":[5],"is_endless":false,"potions_floor_spawned":[1,2,12,13,21],"killed_by":"Snake Plant","ascension_level":10}}