{"host":"szp1d6dso4pv7ddl","time":1609814954,"event":{"mods":["AchievementEnabler","Alarm Clock","BaseMod","Bestiary","Block Reminder","Colored Map","Colored Powertips","Curses Come First","Displayed Cursed Tome","Highlight Path","Minty Spire (QoL Compilation)","Permanent Neow","Quick Restart","Relic Sorter","Relic Stats","StSLib","Synergy Search"],"gold_per_floor":[14,14,39,39,58,101,101,60,110,119,138,177,177,102,102,102,102],"floor_reached":16,"playtime":856,"items_purged":["Warcry"],"score":175,"play_id":"cd60fd25-b380-4f43-8523-aabdee1da08a","local_time":"20210104184914","is_ascension_mode":true,"campfire_choices":[{"data":"Armaments","floor":7,"key":"SMITH"},{"floor":10,"key":"REST"},{"data":"True Grit","floor":13,"key":"SMITH"},{"data":"Bash","floor":15,"key":"SMITH"}],"circlet_count":0,"master_deck":["AscendersBane","Strike_R+1","Strike_R","Strike_R","Defend_R","Defend_R","Defend_R","Bash+1","Exhume","Pommel Strike+1","Flame Barrier","Headbutt","Armaments+1","True Grit+1","Flame Barrier","Fiend Fire"],"relics":["Burning Blood","CeramicFish","Omamori","Dream Catcher","HornCleat"],"acts_visited":["Exordium"],"potions_floor_usage":[6,6],"damage_taken":[{"damage":11,"enemies":"2 Louse","floor":1,"turns":3},{"damage":2,"enemies":"Jaw Worm","floor":5,"turns":4},{"damage":36,"enemies":"Lagavulin","floor":6,"turns":6},{"damage":6,"enemies":"Cultist","floor":11,"turns":4},{"damage":28,"enemies":"3 Sentries","floor":12,"turns":11},{"damage":44,"enemies":"Slime Boss","floor":16,"turns":7}],"seed_played":"-2413177893623154143","potions_obtained":[{"floor":1,"key":"BloodPotion"},{"floor":5,"key":"Ancient Potion"},{"floor":6,"key":"LiquidMemories"},{"floor":12,"key":"LiquidBronze"}],"is_trial":false,"path_per_floor":["M","?","T","?","M","E","R","$","T","R","M","E","R","$","R","B"],"character_chosen":"IRONCLAD","items_purchased":["True Grit"],"campfire_rested":1,"item_purchase_floors":[8],"current_hp_per_floor":[67,67,67,51,55,41,41,41,41,65,65,43,43,43,43,0,0],"gold":102,"neow_bonus":"TRANSFORM_TWO_CARDS","is_daily":false,"chose_seed":false,"campfire_upgraded":3,"win_rate":0.0,"timestamp":1609814954,"path_taken":["M","?","?","?","M","E","R","$","T","R","M","E","R","?","R","BOSS"],"items_purchased_type":["Card"],"build_version":"2020-12-22","purchased_purges":1,"victory":false,"max_hp_per_floor":[80,80,80,80,80,80,80,80,80,80,80,80,80,80,80,80,80],"relic_stats":{"Dream Catcher":1,"counters":[6,35],"CeramicFish":45,"obtain_stats":[{"Dream Catcher":9,"HornCleat":12,"CeramicFish":3,"Omamori":6,"Burning Blood":0},{"Dream Catcher":3,"HornCleat":5,"CeramicFish":1,"Omamori":3,"Burning Blood":0},{"Dream Catcher":13,"HornCleat":28,"CeramicFish":3,"Omamori":13,"Burning Blood":0}],"Burning Blood":30},"card_choices":[{"not_picked":["Infernal Blade","True Grit"],"picked":"Pommel Strike","floor":1},{"not_picked":["Thunderclap","Flex"],"picked":"Headbutt","floor":5},{"not_picked":["Exhume","Body Slam"],"picked":"Armaments","floor":6},{"not_picked":["Evolve","Whirlwind"],"picked":"Flame Barrier","floor":10},{"not_picked":["Clash","Sword Boomerang","Shrug It Off"],"picked":"SKIP","floor":11},{"not_picked":["Clash","Pommel Strike"],"picked":"Fiend Fire","floor":12}],"player_experience":1118514,"relics_obtained":[{"floor":3,"key":"CeramicFish"},{"floor":6,"key":"Omamori"},{"floor":9,"key":"Dream Catcher"},{"floor":12,"key":"HornCleat"}],"event_choices":[{"damage_healed":0,"gold_gain":0,"cards_transformed":["Strike_R"],"player_choice":"Change","damage_taken":0,"max_hp_gain":0,"max_hp_loss":0,"event_name":"Living Wall","floor":2,"gold_loss":0,"cards_obtained":["Flame Barrier"]},{"damage_healed":0,"gold_gain":0,"player_choice":"Entered Light","damage_taken":16,"max_hp_gain":0,"max_hp_loss":0,"event_name":"Shining Light","floor":4,"gold_loss":0,"cards_upgraded":["Pommel Strike","Strike_R"]}],"is_beta":false,"boss_relics":[],"items_purged_floors":[14],"is_endless":false,"potions_floor_spawned":[1,5,6,12],"killed_by":"Slime Boss","ascension_level":13}}