{"host":"kdt6w7ix8lwe69i9","time":1609819355,"event":{"mods":["100% Spire Juice","Bartender","BaseMod","ChefMod","Downfall","Fiend Mod","Jorbs\u0027s Wanderer Trilogy","Minty Spire (QoL Compilation)","Reimu（博丽灵梦）","Robot Space Explorer","StSLib","The Caster","The Cursed","The Disciple","The Dragon Tamer","The Druid","The Elementalist","The Forsaken","The Gatherer","The Marked","TheBandit"],"gold_per_floor":[118,137,137,137,148,28,28,39,114,125,156,47,47,67,67,48,48,66,26,26,36,52,83,83,83,83,83,83,83,13,42,42,144,144,171,193,193,193,214,214,214],"floor_reached":40,"playtime":2851,"items_purged":[],"score":476,"play_id":"ef4600db-3934-4d60-a3c0-805f7c810d56","local_time":"20210104230235","is_ascension_mode":false,"campfire_choices":[{"floor":6,"key":"RECALL"},{"floor":15,"key":"REST"},{"floor":25,"key":"REST"},{"floor":27,"key":"REST"},{"floor":32,"key":"REST"}],"circlet_count":0,"master_deck":["Moonworks:Strike","Moonworks:Strike","Moonworks:Strike","Moonworks:Strike","Moonworks:Defend","Moonworks:Defend+1","Moonworks:Defend","Moonworks:Defend","Moonworks:Ambush","Moonworks:LongDistanceShot","Moonworks:MiracleWalker","Moonworks:EvilSpyWorkPreparation","Moonworks:RedAndBlue","Moonworks:TreasureThief","Moonworks:EvilSpyWorkPreparation","Moonworks:MiracleRedBeanIceCream","Moonworks:DeployBits","Moonworks:OutOfAmmo","Moonworks:SakisCookie","Moonworks:WindyEnchantment","Moonworks:HolyNight","Moonworks:JonathanRush","Moonworks:AngelHand+1","Moonworks:MiracleWalker+1","Moonworks:DeployBits+1","Shame","Moonworks:UnluckyCharm","Moonworks:LeapThroughSpace","CurseOfTheBell","Moonworks:Bloodlust","Moonworks:EvilSpyWorkPreparation+1","Moonworks:CloudOfSeagulls"],"relics":["Moonworks:BrokenBomb","Moonworks:Homemark","NeowsBlessing","Guardian:PocketSentry","WarpedTongs","Tea:ReiMu","Shuriken","ZunR:ReiMu","White Beast Statue","War Paint","MutagenicStrength","Bottled Tornado","Calling Bell","CeramicFish","CrazyTorch:ReiMu","Dead Branch"],"acts_visited":["Exordium","TheCity","TheBeyond"],"potions_floor_usage":[11,16,16,23,23,33,39,40],"damage_taken":[{"damage":0,"enemies":"Jaw Worm","floor":1,"turns":1},{"damage":0,"enemies":"2 Louse","floor":2,"turns":1},{"damage":0,"enemies":"Cultist","floor":5,"turns":1},{"damage":10,"enemies":"Looter","floor":8,"turns":3},{"damage":13,"enemies":"Red Slaver","floor":10,"turns":2},{"damage":6,"enemies":"Gremlin Nob","floor":11,"turns":3},{"damage":0,"enemies":"Gremlin Gang","floor":12,"turns":3},{"damage":2,"enemies":"Looter","floor":14,"turns":3},{"damage":14,"enemies":"The Guardian","floor":16,"turns":5},{"damage":24,"enemies":"Shell Parasite","floor":18,"turns":5},{"damage":4,"enemies":"Chosen","floor":21,"turns":4},{"damage":4,"enemies":"Centurion and Healer","floor":22,"turns":3},{"damage":30,"enemies":"Gremlin Leader","floor":23,"turns":4},{"damage":33,"enemies":"Slavers","floor":31,"turns":4},{"damage":17,"enemies":"Collector","floor":33,"turns":6},{"damage":2,"enemies":"3 Shapes","floor":35,"turns":3},{"damage":11,"enemies":"Orb Walker","floor":36,"turns":2},{"damage":36,"enemies":"Spire Growth","floor":39,"turns":4},{"damage":42,"enemies":"Reptomancer","floor":40,"turns":2}],"seed_played":"-4452891333265460222","potions_obtained":[{"floor":5,"key":"SmokeBomb"},{"floor":8,"key":"LiquidMemories"},{"floor":11,"key":"AttackPotion"},{"floor":14,"key":"DuplicationPotion"},{"floor":21,"key":"DuplicationPotion"},{"floor":22,"key":"sneckomod:MuddlingPotion"},{"floor":31,"key":"Ancient Potion"},{"floor":33,"key":"FearPotion"},{"floor":35,"key":"Block Potion"},{"floor":39,"key":"EssenceOfSteel"}],"is_trial":false,"path_per_floor":["M","M","?","?","M","R","?","M","T","M","E","M","?","M","R","B",null,"M","?","?","M","M","E","$","R","T","R","?","?","?","E","R","B",null,"M","M","?","?","M","E"],"character_chosen":"THE_STARBREAKER","items_purchased":[],"campfire_rested":4,"item_purchase_floors":[],"current_hp_per_floor":[60,60,60,60,60,60,60,50,50,37,31,31,24,22,40,30,60,40,40,40,40,40,14,14,32,32,50,50,50,50,21,57,44,60,58,55,55,55,29,0,0],"gold":214,"neow_bonus":"THREE_ENEMY_KILL","is_daily":false,"chose_seed":false,"campfire_upgraded":0,"win_rate":0.0,"timestamp":1609819355,"path_taken":["M","M","?","?","?","R","?","M","T","?","E","?","?","M","R","BOSS","M","?","?","M","M","E","?","R","T","R","?","?","?","E","R","BOSS","M","M","?","?","?","E"],"items_purchased_type":[],"build_version":"2020-12-22","purchased_purges":0,"victory":false,"max_hp_per_floor":[60,60,60,60,60,60,60,60,60,60,60,60,60,60,60,60,60,60,60,60,60,60,60,60,60,60,60,60,60,60,60,60,60,60,60,60,60,60,60,60,60],"card_choices":[{"not_picked":["Moonworks:ImOnFire","Moonworks:SakisCookie"],"picked":"Moonworks:MiracleWalker","floor":1},{"not_picked":["Moonworks:BigMagnum","Moonworks:NicePresent"],"picked":"Moonworks:EvilSpyWorkPreparation","floor":2},{"not_picked":["Moonworks:DeployBits","Moonworks:BigMagnum"],"picked":"Moonworks:EvilSpyWorkPreparation","floor":5},{"not_picked":["Moonworks:WindyEnchantment","Moonworks:IntelligenceOfficer"],"picked":"Moonworks:MiracleRedBeanIceCream","floor":8},{"not_picked":["Moonworks:LulusLuckyEgg","Moonworks:BigMagnum"],"picked":"Moonworks:DeployBits","floor":10},{"not_picked":["Moonworks:TreasureThief","Moonworks:MeltingMemories"],"picked":"Moonworks:OutOfAmmo","floor":11},{"not_picked":["Moonworks:EvilSpyWorkPreparation","Moonworks:ExtendedPhotonRifle"],"picked":"Moonworks:SakisCookie","floor":12},{"not_picked":["Moonworks:UnpaidWork","Moonworks:CloudOfSeagulls"],"picked":"Moonworks:WindyEnchantment","floor":14},{"not_picked":["Moonworks:GoAway","Moonworks:AccelHyper"],"picked":"Moonworks:HolyNight","floor":16},{"not_picked":["Moonworks:ImOnFire+1","Moonworks:IndiscriminateFireSupport"],"picked":"Moonworks:JonathanRush","floor":18},{"not_picked":["Moonworks:IndiscriminateFireSupport+1","Moonworks:WindyEnchantment"],"picked":"Moonworks:AngelHand+1","floor":21},{"not_picked":["Moonworks:x16BigRocket+1","Moonworks:SakisCookie"],"picked":"Moonworks:MiracleWalker+1","floor":22},{"not_picked":["Moonworks:UnpaidWork","Moonworks:ImOnFire+1"],"picked":"Moonworks:DeployBits","floor":23},{"not_picked":["Moonworks:Assault","Moonworks:AnotherUltimateWeapon"],"picked":"Moonworks:UnluckyCharm","floor":31},{"not_picked":["Moonworks:OutOfAmmo","Moonworks:HolyNight"],"picked":"Moonworks:LeapThroughSpace","floor":33},{"not_picked":["Moonworks:EvilSpyWorkPreparation+1","Moonworks:BindingChains+1"],"picked":"Moonworks:Bloodlust","floor":35},{"not_picked":["Moonworks:ReproductionOfRecords+1","Moonworks:BigMagnum+1"],"picked":"Moonworks:EvilSpyWorkPreparation+1","floor":36},{"not_picked":["Moonworks:Gamble","Moonworks:ImOnFire+1"],"picked":"Moonworks:CloudOfSeagulls","floor":39}],"player_experience":1680471,"relics_obtained":[{"floor":9,"key":"Tea:ReiMu"},{"floor":11,"key":"Shuriken"},{"floor":23,"key":"White Beast Statue"},{"floor":31,"key":"Bottled Tornado"},{"floor":34,"key":"CeramicFish"},{"floor":34,"key":"CrazyTorch:ReiMu"},{"floor":34,"key":"Dead Branch"}],"event_choices":[{"damage_healed":0,"gold_gain":0,"player_choice":"Box","damage_taken":0,"relics_obtained":["Guardian:PocketSentry"],"max_hp_gain":0,"max_hp_loss":0,"event_name":"Big Fish","floor":3,"gold_loss":0,"cards_obtained":["Regret"]},{"damage_healed":0,"gold_gain":0,"player_choice":"2 cards matched","damage_taken":0,"max_hp_gain":0,"max_hp_loss":0,"event_name":"Match and Keep!","floor":4,"gold_loss":0,"cards_obtained":["Moonworks:RedAndBlue","Moonworks:TreasureThief"]},{"damage_healed":0,"gold_gain":0,"player_choice":"Rummage","damage_taken":0,"relics_obtained":["WarpedTongs"],"max_hp_gain":0,"max_hp_loss":0,"event_name":"Accursed Blacksmith","floor":7,"gold_loss":0,"cards_obtained":["Pain"]},{"cards_removed":["Pain"],"damage_healed":0,"gold_gain":0,"player_choice":"Card Removal","damage_taken":7,"max_hp_gain":0,"max_hp_loss":0,"event_name":"Golden Wing","floor":13,"gold_loss":0},{"damage_healed":0,"gold_gain":0,"player_choice":"Keep O-miki","damage_taken":0,"relics_obtained":["ZunR:ReiMu"],"max_hp_gain":0,"max_hp_loss":0,"event_name":"ZunEvent","floor":19,"gold_loss":40},{"damage_healed":0,"gold_gain":0,"player_choice":"Stole Relic","damage_taken":0,"relics_obtained":["War Paint"],"max_hp_gain":0,"max_hp_loss":0,"event_name":"Addict","floor":28,"gold_loss":0,"cards_obtained":["Shame"]},{"damage_healed":0,"gold_gain":0,"player_choice":"Inject Mutagens","damage_taken":0,"relics_obtained":["MutagenicStrength"],"max_hp_gain":0,"max_hp_loss":0,"event_name":"Drug Dealer","floor":29,"gold_loss":0},{"cards_removed":["Regret"],"damage_healed":0,"gold_gain":0,"player_choice":"Purged","damage_taken":0,"max_hp_gain":0,"max_hp_loss":0,"event_name":"Purifier","floor":38,"gold_loss":0}],"is_beta":false,"boss_relics":[{"not_picked":["Busted Crown","Snecko Eye","Velvet Choker"]},{"not_picked":["Silver_Glasses","Philosopher\u0027s Stone"],"picked":"Calling Bell"}],"items_purged_floors":[],"is_endless":false,"potions_floor_spawned":[5,8,11,14,21,22,31,33,35,36,39],"killed_by":"Reptomancer","ascension_level":0}}