{"host":"ig7tc0uedzltt2sr","time":1609828007,"event":{"mods":["BaseMod","Better Twitch Integration","Block Reminder","Colored Map","Colored Powertips","Communication Mod","Current Relic Mod","GifTheSpireLib","HexUI Lib","Minty Spire (QoL Compilation)","Quick Restart","Random Character Button","Rare Cards Sparkle","Relic Sorter","Relic Stats","Slay the Relics Exporter","StSLib","SuperFastMode","Synergy Search","Twitch Decklist","Twitch Utils","everything is the same but u backflip on backflip","slay the spire mod where everything is the same but ironclad has a cowboy hat"],"gold_per_floor":[114,114,134,134,134,134,147,158,158,158,171,126,142,142,142],"floor_reached":14,"playtime":94,"items_purged":[],"score":82,"play_id":"7f1caf7d-a3f6-4beb-9360-3d5ae4166dba","local_time":"20210104222647","is_ascension_mode":false,"campfire_choices":[{"data":"Strike_R","floor":6,"key":"SMITH"}],"circlet_count":0,"master_deck":["Strike_R+1","Strike_R","Strike_R","Strike_R","Strike_R","Defend_R","Defend_R","Defend_R","Bash","Spot Weakness","Burning Pact","Inflame+1","Thunderclap","Reckless Charge","Spot Weakness"],"relics":["Burning Blood","Ornamental Fan"],"acts_visited":["Exordium"],"potions_floor_usage":[],"damage_taken":[{"damage":41,"enemies":"Jaw Worm","floor":1,"turns":14},{"damage":13,"enemies":"Cultist","floor":3,"turns":6},{"damage":7,"enemies":"Small Slimes","floor":7,"turns":3},{"damage":18,"enemies":"3 Louse","floor":8,"turns":5},{"damage":21,"enemies":"Blue Slaver","floor":11,"turns":5},{"damage":27,"enemies":"Exordium Thugs","floor":13,"turns":4},{"damage":35,"enemies":"3 Sentries","floor":14,"turns":4}],"seed_played":"8683548024817298831","potions_obtained":[{"floor":3,"key":"BlessingOfTheForge"},{"floor":7,"key":"FairyPotion"}],"is_trial":false,"path_per_floor":["M","?","M","$","?","R","M","M","T","?","M","?","M","E"],"character_chosen":"IRONCLAD","items_purchased":[],"campfire_rested":0,"item_purchase_floors":[],"current_hp_per_floor":[53,53,46,46,46,46,45,33,33,33,18,18,32,0,0],"gold":142,"neow_bonus":"TEN_PERCENT_HP_BONUS","is_daily":false,"chose_seed":false,"campfire_upgraded":1,"win_rate":0.0,"timestamp":1609828007,"path_taken":["M","?","M","?","?","R","?","M","T","?","?","?","M","E"],"items_purchased_type":[],"build_version":"2020-12-22","purchased_purges":0,"victory":false,"max_hp_per_floor":[88,88,88,88,88,88,88,88,88,88,88,88,88,88,88],"relic_stats":{"counters":[7,41],"Ornamental Fan":[8],"obtain_stats":[{"Ornamental Fan":9,"Burning Blood":0},{"Ornamental Fan":4,"Burning Blood":0},{"Ornamental Fan":28,"Burning Blood":0}],"Burning Blood":36},"card_choices":[{"not_picked":["Sword Boomerang","Pummel"],"picked":"Spot Weakness","floor":1},{"not_picked":["Evolve","Disarm"],"picked":"Burning Pact","floor":3},{"not_picked":["Fire Breathing","Shrug It Off"],"picked":"Inflame","floor":7},{"not_picked":["Shrug It Off","Body Slam"],"picked":"Thunderclap","floor":8},{"not_picked":["Cleave","Headbutt"],"picked":"Reckless Charge","floor":11},{"not_picked":["Shockwave","Clash"],"picked":"Spot Weakness","floor":13}],"player_experience":1428129,"relics_obtained":[{"floor":9,"key":"Ornamental Fan"}],"event_choices":[{"cards_removed":["Defend_R"],"damage_healed":0,"gold_gain":0,"player_choice":"Offered Basic","damage_taken":0,"max_hp_gain":0,"max_hp_loss":0,"event_name":"Bonfire Elementals","floor":2,"gold_loss":0},{"damage_healed":0,"gold_gain":0,"player_choice":"0 cards matched","damage_taken":0,"max_hp_gain":0,"max_hp_loss":0,"event_name":"Match and Keep!","floor":5,"gold_loss":0,"cards_obtained":[]},{"damage_healed":0,"gold_gain":0,"player_choice":"Upgraded","damage_taken":0,"max_hp_gain":0,"max_hp_loss":0,"event_name":"Upgrade Shrine","floor":10,"gold_loss":0,"cards_upgraded":["Inflame"]},{"damage_healed":0,"gold_gain":0,"player_choice":"Left Gold","damage_taken":0,"max_hp_gain":0,"max_hp_loss":0,"event_name":"World of Goop","floor":12,"gold_loss":45}],"is_beta":false,"boss_relics":[],"items_purged_floors":[],"is_endless":false,"potions_floor_spawned":[3,7],"killed_by":"3 Sentries","ascension_level":0}}