{"host":"bq4pt811tk9yrmjl","time":1609852093,"event":{"mods":["AchievementEnabler","BaseMod","Colored Map","Colored Powertips","Defuse TimeMaze Blight","Hermit","Minty Spire (QoL Compilation)","StSLib","SuperFastMode"],"gold_per_floor":[114,114,34,49,64,64,92,111,138,138,63,63,79,92,92,191,191,204,204],"floor_reached":18,"playtime":359,"items_purged":[],"score":172,"play_id":"8bb3bb49-533a-42c3-81ac-35450250484a","local_time":"20210105110813","is_ascension_mode":true,"campfire_choices":[{"data":"hermit:GoldenBullet","floor":6,"key":"SMITH"},{"floor":10,"key":"REST"},{"floor":15,"key":"REST"}],"circlet_count":0,"master_deck":["hermit:Strike_Hermit","hermit:Strike_Hermit","hermit:Strike_Hermit","hermit:Strike_Hermit","hermit:Defend_Hermit","hermit:Defend_Hermit","hermit:Defend_Hermit+1","hermit:Defend_Hermit","hermit:Snapshot","hermit:Covet","hermit:GoldenBullet+1","hermit:Dive+1","hermit:Glare","hermit:Coalescence","hermit:Shortfuse","hermit:Roughhouse"],"relics":["hermit:Momento","NeowsBlessing","Happy Flower","Toy Ornithopter","War Paint","Velvet Choker"],"acts_visited":["Exordium","TheCity"],"potions_floor_usage":[7,16,18,18],"damage_taken":[{"damage":0,"enemies":"Small Slimes","floor":1,"turns":1},{"damage":0,"enemies":"Cultist","floor":4,"turns":2},{"damage":0,"enemies":"2 Louse","floor":5,"turns":2},{"damage":53,"enemies":"3 Sentries","floor":7,"turns":16},{"damage":0,"enemies":"Blue Slaver","floor":8,"turns":3},{"damage":0,"enemies":"Red Slaver","floor":13,"turns":1},{"damage":16,"enemies":"Lots of Slimes","floor":14,"turns":4},{"damage":44,"enemies":"Hexaghost","floor":16,"turns":12},{"damage":17,"enemies":"Spheric Guardian","floor":18,"turns":4}],"seed_played":"4451269965735485548","potions_obtained":[{"floor":4,"key":"Regen Potion"},{"floor":8,"key":"Ancient Potion"},{"floor":14,"key":"Regen Potion"},{"floor":16,"key":"Fire Potion"}],"is_trial":false,"path_per_floor":["M","?","$","M","M","R","E","M","T","R","$","?","M","M","R","B",null,"M"],"character_chosen":"HERMIT","items_purchased":["hermit:GoldenBullet","hermit:Shortfuse"],"campfire_rested":2,"item_purchase_floors":[3,11],"current_hp_per_floor":[75,75,75,75,75,75,37,37,37,59,59,52,52,36,58,34,75,58,58],"gold":204,"neow_bonus":"THREE_ENEMY_KILL","is_daily":false,"chose_seed":false,"campfire_upgraded":1,"win_rate":0.0,"timestamp":1609852093,"path_taken":["M","?","$","M","?","R","E","M","T","R","$","?","M","M","R","BOSS","M"],"items_purchased_type":["Card","Card"],"build_version":"2020-12-22","purchased_purges":0,"victory":false,"max_hp_per_floor":[75,75,75,75,75,75,75,75,75,75,75,75,75,75,75,75,75,75,75],"card_choices":[{"not_picked":["hermit:BodyArmor","hermit:Headshot"],"picked":"hermit:Coalescence","floor":1},{"not_picked":["hermit:Roulette","hermit:LuckOfTheDraw","hermit:Spite"],"picked":"SKIP","floor":4},{"not_picked":["hermit:SprayPray","hermit:Quickdraw"],"picked":"hermit:Dive","floor":5},{"not_picked":["hermit:Malice","hermit:DeadMansHand"],"picked":"hermit:Glare","floor":7},{"not_picked":["hermit:HighCaliber","hermit:Ricochet"],"picked":"hermit:Coalescence","floor":8},{"not_picked":["hermit:Headshot","hermit:Shortfuse","hermit:CursedWeapon"],"picked":"SKIP","floor":13},{"not_picked":["hermit:EyeOfTheStorm","hermit:BodyArmor","hermit:CursedWeapon"],"picked":"SKIP","floor":14},{"not_picked":["hermit:Dissolve","hermit:Gambit"],"picked":"hermit:Roughhouse","floor":16},{"not_picked":["hermit:Snipe","hermit:LuckOfTheDraw+1","hermit:BigShot"],"picked":"SKIP","floor":18}],"player_experience":143048,"relics_obtained":[{"floor":7,"key":"Toy Ornithopter"}],"event_choices":[{"cards_removed":["hermit:Coalescence"],"damage_healed":0,"gold_gain":0,"player_choice":"Gave Card","damage_taken":0,"relics_obtained":["Happy Flower"],"max_hp_gain":0,"max_hp_loss":0,"event_name":"WeMeetAgain","floor":2,"gold_loss":0},{"damage_healed":0,"gold_gain":0,"player_choice":"Success","damage_taken":7,"relics_obtained":["War Paint"],"max_hp_gain":0,"max_hp_loss":0,"event_name":"Scrap Ooze","floor":12,"gold_loss":0}],"is_beta":false,"boss_relics":[{"not_picked":["Snecko Eye","SacredBark"],"picked":"Velvet Choker"}],"items_purged_floors":[],"is_endless":false,"potions_floor_spawned":[4,8,14,16],"killed_by":"Spheric Guardian","ascension_level":1}}