{"host":"8z6cx8b9r5qs18cp","time":1609822986,"event":{"mods":["AchievementEnabler","Act Like it!","Bard","BaseMod","GifTheSpireLib","Googly Eyes","Hermit","Hubris","Infinite Spire","Marked Mod","Minty Spire (QoL Compilation)","Permanent Neow","Rare Cards Sparkle","Relic Stats","Replay The Spire","StSLib","Stuff the Spire","The Animator","The Bug Knight","The Cursed","The Servant 0.9.4"],"gold_per_floor":[116,126,138,138,151,151,166,166,191,226,226,69,69,69,69,69,69],"floor_reached":16,"playtime":836,"items_purged":["HollowMod:TaintedHusks"],"score":100,"play_id":"0bad00e5-47e7-4482-8386-f1bca1923597","local_time":"20210104230306","is_ascension_mode":false,"campfire_choices":[{"data":"HollowMod:SlysStrikes","floor":6,"key":"SMITH"},{"data":"HollowMod:FocusHealStart","floor":8,"key":"SMITH"},{"floor":15,"key":"REST"}],"circlet_count":0,"master_deck":["HollowMod:NailStrikeStart","HollowMod:NailStrikeStart","HollowMod:NailStrikeStart","HollowMod:NailStrikeStart","HollowMod:QuickDashStart","HollowMod:QuickDashStart","HollowMod:QuickDashStart","HollowMod:QuickDashStart","HollowMod:FocusHealStart+1","HollowMod:PogoStrike","HollowMod:SlysStrikes+1","HollowMod:LifebloodCocoon","HollowMod:SoulVessel+1","HollowMod:CornifersMapStart","HollowMod:SoulStrike","HollowMod:theNailsmith","HollowMod:SoulEater+1"],"relics":["HollowMod:VesselMask","CultistMask","Nunchaku","Orichalcum"],"acts_visited":["Exordium"],"potions_floor_usage":[16,16,16],"damage_taken":[{"damage":5,"enemies":"Cultist","floor":1,"turns":4},{"damage":2,"enemies":"2 Louse","floor":2,"turns":2},{"damage":11,"enemies":"Small Slimes","floor":3,"turns":3},{"damage":7,"enemies":"Looter","floor":5,"turns":5},{"damage":9,"enemies":"2 Fungi Beasts","floor":7,"turns":5},{"damage":54,"enemies":"3 Sentries","floor":10,"turns":7},{"damage":39,"enemies":"HollowMod:FalseKnight","floor":16,"turns":6}],"seed_played":"7449438448029915128","potions_obtained":[{"floor":1,"key":"FearPotion"},{"floor":2,"key":"Reflective Coating"},{"floor":10,"key":"Explosive Potion"}],"is_trial":false,"path_per_floor":["M","M","M","?","M","R","M","R","T","E","?","$","?","?","R","B"],"character_chosen":"THE_BUGKNIGHT","items_purchased":["HollowMod:SoulEater"],"campfire_rested":1,"item_purchase_floors":[12],"current_hp_per_floor":[63,61,56,56,55,55,52,52,52,10,25,25,25,11,31,0,0],"gold":69,"neow_bonus":"THREE_RARE_CARDS","is_daily":false,"chose_seed":false,"campfire_upgraded":2,"win_rate":0.0,"timestamp":1609822986,"path_taken":["M","?","M","?","M","R","?","R","T","E","?","$","?","?","R","BOSS"],"items_purchased_type":["Card"],"build_version":"2020-12-22","purchased_purges":1,"victory":false,"max_hp_per_floor":[68,68,68,68,68,68,68,68,68,68,68,68,68,68,68,68,68],"relic_stats":{"Nunchaku":[2],"counters":[7,32],"Orichalcum":[6],"obtain_stats":[{"Nunchaku":9,"HollowMod:VesselMask":0,"CultistMask":4,"Orichalcum":10},{"Nunchaku":5,"HollowMod:VesselMask":0,"CultistMask":3,"Orichalcum":6},{"Nunchaku":19,"HollowMod:VesselMask":0,"CultistMask":9,"Orichalcum":26}]},"card_choices":[{"not_picked":["HollowMod:HornetsHelp","HollowMod:ZotesMagnificence"],"picked":"HollowMod:SlysStrikes","floor":0},{"not_picked":["HollowMod:DescendingDark","HollowMod:FastStrike"],"picked":"HollowMod:LifebloodCocoon","floor":1},{"not_picked":["HollowMod:DoubleDash","HollowMod:MawleksShell"],"picked":"HollowMod:TaintedHusks","floor":2},{"not_picked":["HollowMod:DoubleDash","HollowMod:DashSlash"],"picked":"HollowMod:SoulVessel","floor":3},{"not_picked":["HollowMod:SiblingsSouls","HollowMod:TaintedHusks"],"picked":"HollowMod:CornifersMapStart","floor":5},{"not_picked":["HollowMod:CornifersMapStart","HollowMod:RecoilStrike"],"picked":"HollowMod:SoulStrike","floor":7},{"not_picked":["HollowMod:ShapeofUnn","HollowMod:CloakDash"],"picked":"HollowMod:theNailsmith","floor":10}],"player_experience":208503,"relics_obtained":[{"floor":9,"key":"Nunchaku"},{"floor":10,"key":"Orichalcum"}],"event_choices":[{"damage_healed":0,"gold_gain":0,"player_choice":"Trade","damage_taken":0,"relics_obtained":["CultistMask"],"max_hp_gain":0,"max_hp_loss":0,"event_name":"FaceTrader","floor":4,"gold_loss":0},{"damage_healed":0,"gold_gain":0,"player_choice":"Entered Light","damage_taken":14,"max_hp_gain":0,"max_hp_loss":0,"event_name":"Shining Light","floor":14,"gold_loss":0,"cards_upgraded":["HollowMod:SoulVessel","HollowMod:SoulEater"]}],"is_beta":false,"boss_relics":[],"items_purged_floors":[12],"is_endless":false,"potions_floor_spawned":[1,2,10],"killed_by":"HollowMod:FalseKnight","ascension_level":0}}