{"host":"sxnl403xm2xmiyj1","time":1609835499,"event":{"mods":["BaseMod","Colored Map","Keyboard Shortcuts","Lobotomy","Minty Spire (QoL Compilation)","Quick Restart","StSLib","SuperFastMode"],"gold_per_floor":[116,116,127,127,139,139,174,174,201,227,227,302,477,100,100,195,195,195,195],"floor_reached":18,"playtime":470,"items_purged":["Doubt"],"score":191,"play_id":"1a74bf7c-155a-4f7c-9e19-ead9f854f8a9","local_time":"20210105173139","is_ascension_mode":false,"campfire_choices":[],"circlet_count":0,"master_deck":["SpecialBullet","SpecialBullet","SpecialBullet","SpecialBullet","SpecialBullet","SpecialBullet","SpecialBullet","SpecialBullet","InformationCode","DisciplinaryCode","SecurityCode","LongBird","CherryBlossom+1","CrumblingArmor","WristCuter","QueenBee","Soda+1","BlueStar","Adoration+1","GreenStem","Soda","GalaxyChild","ParadiseLost"],"relics":["CogitoBucket","Blood Vial","Boot","Akabeko","Ornamental Fan","Matryoshka","Busted Crown"],"acts_visited":["Exordium","TheCity"],"potions_floor_usage":[7,7],"damage_taken":[{"damage":18,"enemies":"Jaw Worm","floor":1,"turns":3},{"damage":6,"enemies":"Cultist","floor":3,"turns":3},{"damage":5,"enemies":"Small Slimes","floor":5,"turns":2},{"damage":25,"enemies":"3 Sentries","floor":7,"turns":3},{"damage":0,"enemies":"Gremlin Nob","floor":10,"turns":2},{"damage":13,"enemies":"Slime Boss","floor":16,"turns":4},{"damage":80,"enemies":"3 Byrds","floor":18,"turns":4}],"seed_played":"3713272003341361138","potions_obtained":[{"floor":1,"key":"LiquidMemories"},{"floor":2,"key":"SkillPotion"},{"floor":2,"key":"SteroidPotion"},{"floor":3,"key":"EssenceOfSteel"}],"is_trial":false,"path_per_floor":["M","?","M","?","M","R","E","?","T","E","R","?","?","$","R","B",null,"M"],"character_chosen":"Angela","items_purchased":["Soda","Matryoshka"],"campfire_rested":0,"item_purchase_floors":[14,14],"current_hp_per_floor":[52,52,56,56,64,64,43,29,29,45,45,34,34,34,34,30,74,0,0],"gold":195,"neow_bonus":"RANDOM_COMMON_RELIC","is_daily":false,"chose_seed":false,"campfire_upgraded":0,"win_rate":0.0,"timestamp":1609835499,"path_taken":["M","?","?","?","M","R","E","?","T","E","R","?","?","$","R","BOSS","M"],"items_purchased_type":["Card","Relic"],"build_version":"2020-12-22","purchased_purges":1,"victory":false,"max_hp_per_floor":[70,70,70,70,70,70,70,70,70,70,70,70,70,70,70,74,74,74,74],"card_choices":[{"not_picked":["CrumblingArmor","VoidDream"],"picked":"LongBird","floor":1},{"not_picked":["TodaysExpression"],"picked":"CherryBlossom","floor":1},{"not_picked":["LittleHelper","ShyLook"],"picked":"CrumblingArmor","floor":3},{"not_picked":["SwordSharpenedByTears"],"picked":"WristCuter","floor":3},{"not_picked":["Wellcheers","HeroicMonk"],"picked":"QueenBee","floor":5},{"not_picked":["Tough"],"picked":"Soda","floor":5},{"not_picked":["ShyLook","LittlePrince"],"picked":"BlueStar","floor":7},{"not_picked":["FourthMatchFlame"],"picked":"Adoration","floor":7},{"not_picked":["LifeForTheDareDevil"],"picked":"GreenStem","floor":10},{"not_picked":["Alriune","PunishingBird"],"picked":"GalaxyChild","floor":16},{"not_picked":["SoundOfStar"],"picked":"ParadiseLost","floor":16}],"player_experience":189043,"relics_obtained":[{"floor":7,"key":"Boot"},{"floor":9,"key":"Akabeko"},{"floor":10,"key":"Ornamental Fan"}],"event_choices":[{"damage_healed":0,"gold_gain":0,"player_choice":"Got Potions","damage_taken":0,"max_hp_gain":0,"max_hp_loss":0,"event_name":"Lab","floor":2,"gold_loss":0},{"damage_healed":0,"gold_gain":0,"player_choice":"Grow","damage_taken":0,"max_hp_gain":0,"max_hp_loss":0,"event_name":"Living Wall","floor":4,"gold_loss":0,"cards_upgraded":["CherryBlossom"]},{"damage_healed":0,"gold_gain":0,"player_choice":"Entered Light","damage_taken":14,"max_hp_gain":0,"max_hp_loss":0,"event_name":"Shining Light","floor":8,"gold_loss":0,"cards_upgraded":["Adoration","Soda"]},{"damage_healed":0,"gold_gain":75,"player_choice":"Gather Gold","damage_taken":11,"max_hp_gain":0,"max_hp_loss":0,"event_name":"World of Goop","floor":12,"gold_loss":0},{"damage_healed":0,"gold_gain":175,"player_choice":"AGREE","damage_taken":0,"max_hp_gain":0,"max_hp_loss":0,"event_name":"Liars Game","floor":13,"gold_loss":0,"cards_obtained":["Doubt"]}],"is_beta":false,"boss_relics":[{"not_picked":["Runic Dome","Philosopher\u0027s Stone"],"picked":"Busted Crown"}],"items_purged_floors":[14],"is_endless":false,"potions_floor_spawned":[1,3],"killed_by":"3 Byrds","ascension_level":0}}