{"host":"9ndbo4kgsfoemf7y","time":1609846555,"event":{"mods":["AchievementEnabler","BaseMod","Colored Map","DeckTracker","Keyboard Shortcuts","Minty Spire (QoL Compilation)","Permanent Neow","Quick Restart","Relic Stats","StSLib","SuperFastMode"],"gold_per_floor":[119,44,44,44,58,58,58,83,83,126,126,126,126],"floor_reached":12,"playtime":194,"items_purged":[],"score":152,"play_id":"fd3903cf-834e-41ef-ab92-8fe2a3301a83","local_time":"20210105203555","is_ascension_mode":true,"campfire_choices":[{"floor":6.0,"key":"DIG"}],"circlet_count":0,"master_deck":["AscendersBane","Strike_R","Strike_R","Strike_R","Defend_R","Defend_R+1","Defend_R","Defend_R","Bash","Pommel Strike","Twin Strike+1","Perfected Strike","Disarm"],"relics":["Burning Blood","Shovel","Golden Idol","Kunai","Lantern","Juzu Bracelet"],"acts_visited":["Exordium"],"potions_floor_usage":[10,10,12],"damage_taken":[{"damage":7.0,"enemies":"2 Louse","floor":1.0,"turns":2.0},{"damage":9.0,"enemies":"Small Slimes","floor":5.0,"turns":5.0},{"damage":12.0,"enemies":"Jaw Worm","floor":8.0,"turns":3.0},{"damage":20,"enemies":"Lagavulin","floor":10,"turns":3},{"damage":32,"enemies":"Gremlin Nob","floor":12,"turns":3}],"seed_played":"-3889380110413352344","potions_obtained":[{"floor":5.0,"key":"LiquidMemories"},{"floor":10,"key":"EntropicBrew"}],"is_trial":false,"path_per_floor":["M","?","?","?","M","R","$","M","T","E","?","E"],"character_chosen":"IRONCLAD","items_purchased":[],"campfire_rested":0,"item_purchase_floors":[],"current_hp_per_floor":[67,67,60,60,57,57,57,51,51,37,18,0,0],"gold":126,"neow_bonus":"ONE_RARE_RELIC","is_daily":false,"chose_seed":false,"campfire_upgraded":0,"win_rate":0.0,"timestamp":1609846555,"path_taken":["M","?","?","?","M","R","$","M","T","E","?","E"],"items_purchased_type":[],"build_version":"2020-12-22","purchased_purges":0,"victory":false,"max_hp_per_floor":[68,68,68,62,62,62,62,62,62,62,62,62,62],"relic_stats":{"Shovel":1,"counters":[5,16],"Golden Idol":17,"Juzu Bracelet":0,"Kunai":[4],"obtain_stats":[{"Lantern":9,"Shovel":0,"Golden Idol":4,"Juzu Bracelet":10,"Kunai":6,"Burning Blood":0},{"Lantern":3,"Shovel":0,"Golden Idol":1,"Juzu Bracelet":4,"Kunai":2,"Burning Blood":0},{"Lantern":10,"Shovel":0,"Golden Idol":2,"Juzu Bracelet":13,"Kunai":7,"Burning Blood":0}],"Burning Blood":24},"card_choices":[{"not_picked":["Headbutt","Clash"],"picked":"Pommel Strike","floor":1.0},{"not_picked":["Clothesline","Clash"],"picked":"Twin Strike","floor":5.0},{"not_picked":["Havoc","Dual Wield"],"picked":"Perfected Strike","floor":8.0},{"not_picked":["Armaments","True Grit"],"picked":"Disarm","floor":10}],"player_experience":780238,"relics_obtained":[{"floor":6.0,"key":"Kunai"},{"floor":9.0,"key":"Lantern"},{"floor":10,"key":"Juzu Bracelet"}],"event_choices":[{"cards_removed":["Strike_R"],"damage_healed":0.0,"max_hp_gain":0.0,"max_hp_loss":0.0,"gold_gain":0.0,"event_name":"The Cleric","player_choice":"Card Removal","floor":2.0,"gold_loss":75.0,"damage_taken":0.0},{"cards_removed":["Strike_R"],"damage_healed":0.0,"max_hp_gain":0.0,"max_hp_loss":0.0,"gold_gain":0.0,"event_name":"Golden Wing","player_choice":"Card Removal","floor":3.0,"gold_loss":0.0,"damage_taken":7.0},{"damage_healed":0.0,"max_hp_gain":0.0,"max_hp_loss":6.0,"gold_gain":0.0,"event_name":"Golden Idol","player_choice":"Lose Max HP","floor":4.0,"gold_loss":0.0,"damage_taken":0.0,"relics_obtained":["Golden Idol"]},{"damage_healed":0,"gold_gain":0,"player_choice":"Entered Light","damage_taken":19,"max_hp_gain":0,"max_hp_loss":0,"event_name":"Shining Light","floor":11,"gold_loss":0,"cards_upgraded":["Twin Strike","Defend_R"]}],"is_beta":false,"boss_relics":[],"items_purged_floors":[],"is_endless":false,"potions_floor_spawned":[5,10],"killed_by":"Gremlin Nob","ascension_level":20}}