{"host":"d8hh7rr4yzitjeuj","time":1609833100,"event":{"mods":["2.2 Compatiblity","AchievementEnabler","Act Like it!","BaseMod","Colored Map","Colored Powertips","Highlight Path","Keyboard Shortcuts","Minty Spire (QoL Compilation)","Permanent Neow","Quick Restart","StSLib","SuperFastMode"],"gold_per_floor":[110,128,128,142,161,161,188,188,188,207,220,231,41,71,71,144,144,158,17,31,48,60,60,85,102,181,181,181,181,181],"floor_reached":29,"playtime":1053,"items_purged":[],"score":518,"play_id":"70f5e5b4-ae31-4247-8c6d-ba0304a6d791","local_time":"20210105165140","is_ascension_mode":true,"campfire_choices":[{"data":"Body Slam","floor":6,"key":"SMITH"},{"data":"Armaments","floor":15,"key":"SMITH"},{"floor":23,"key":"REST"},{"floor":28,"key":"REST"}],"circlet_count":0,"master_deck":["AscendersBane","Strike_R","Strike_R","Strike_R","Strike_R","Defend_R","Defend_R","Defend_R","Defend_R","Bash","Ghostly Armor","Clash","Body Slam+1","Cleave","Thunderclap","Disarm","Flame Barrier","Impervious","Armaments+1","Burning Pact","Offering","Evolve+1","Second Wind","Shrug It Off","Dark Embrace","Shrug It Off","Normality"],"relics":["Burning Blood","Lantern","Kunai","Mercury Hourglass","Cursed Key","Boot","Darkstone Periapt"],"acts_visited":["TheCity"],"potions_floor_usage":[16,18,25,25,29],"damage_taken":[{"damage":1,"enemies":"2 Louse","floor":1,"turns":3},{"damage":7,"enemies":"Cultist","floor":2,"turns":4},{"damage":0,"enemies":"Small Slimes","floor":4,"turns":3},{"damage":11,"enemies":"Exordium Thugs","floor":5,"turns":4},{"damage":26,"enemies":"Gremlin Nob","floor":7,"turns":4},{"damage":0,"enemies":"2 Fungi Beasts","floor":10,"turns":2},{"damage":4,"enemies":"Red Slaver","floor":11,"turns":3},{"damage":15,"enemies":"Exordium Wildlife","floor":12,"turns":4},{"damage":23,"enemies":"Lagavulin","floor":14,"turns":7},{"damage":11,"enemies":"Hexaghost","floor":16,"turns":10},{"damage":9,"enemies":"3 Byrds","floor":18,"turns":3},{"damage":10,"enemies":"Shell Parasite","floor":20,"turns":2},{"damage":32,"enemies":"Shelled Parasite and Fungi","floor":21,"turns":6},{"damage":21,"enemies":"Snake Plant","floor":22,"turns":6},{"damage":21,"enemies":"Gremlin Leader","floor":24,"turns":7},{"damage":23,"enemies":"Sentry and Sphere","floor":25,"turns":9},{"damage":46,"enemies":"Book of Stabbing","floor":29,"turns":6}],"seed_played":"-922663482998041610","potions_obtained":[{"floor":1,"key":"ColorlessPotion"},{"floor":10,"key":"ElixirPotion"},{"floor":14,"key":"CultistPotion"},{"floor":16,"key":"Explosive Potion"},{"floor":20,"key":"Ancient Potion"},{"floor":24,"key":"BloodPotion"},{"floor":25,"key":"Explosive Potion"}],"is_trial":false,"path_per_floor":["M","M","?","M","M","R","E","?","T","M","M","M","$","E","R","B",null,"M","$","M","M","M","R","E","M","T","?","R","E"],"character_chosen":"IRONCLAD","items_purchased":["Impervious","Armaments","Second Wind","Shrug It Off"],"campfire_rested":2,"item_purchase_floors":[13,13,19,19],"current_hp_per_floor":[73,72,77,80,75,75,55,48,48,54,56,47,47,30,30,25,66,63,63,59,33,18,42,27,26,26,20,44,0,0],"gold":181,"neow_bonus":"RANDOM_COMMON_RELIC","is_daily":false,"chose_seed":false,"campfire_upgraded":2,"win_rate":0.0,"timestamp":1609833100,"path_taken":["M","M","?","M","M","R","E","?","T","M","M","M","$","E","R","BOSS","M","$","M","M","M","R","E","M","T","?","R","E"],"items_purchased_type":["Card","Card","Card","Card"],"build_version":"2020-12-22","purchased_purges":0,"victory":false,"max_hp_per_floor":[75,75,80,80,80,80,80,80,80,80,80,80,80,80,80,80,80,80,80,80,80,80,80,80,80,80,80,80,80,80],"card_choices":[{"not_picked":["Flex","Headbutt"],"picked":"Ghostly Armor","floor":1},{"not_picked":["Flex","Warcry"],"picked":"Clash","floor":2},{"not_picked":["Rupture","Barricade"],"picked":"Body Slam","floor":4},{"not_picked":["Armaments","Evolve"],"picked":"Cleave","floor":5},{"not_picked":["Anger","Cleave"],"picked":"Thunderclap","floor":7},{"not_picked":["Bloodletting","Wild Strike","Spot Weakness"],"picked":"SKIP","floor":10},{"not_picked":["Uppercut","Flex"],"picked":"Disarm","floor":11},{"not_picked":["Headbutt","Uppercut"],"picked":"Flame Barrier","floor":12},{"not_picked":["Armaments","Disarm"],"picked":"Burning Pact","floor":14},{"not_picked":["Brutality","Demon Form"],"picked":"Offering","floor":16},{"not_picked":["Anger","Armaments"],"picked":"Evolve+1","floor":18},{"not_picked":["Perfected Strike","Searing Blow"],"picked":"Dark Embrace","floor":20},{"not_picked":["Fire Breathing","Flex"],"picked":"Shrug It Off","floor":21},{"not_picked":["Infernal Blade","Havoc","Clothesline"],"picked":"SKIP","floor":22},{"not_picked":["Twin Strike","Clothesline","Armaments"],"picked":"SKIP","floor":24},{"not_picked":["Clash","Heavy Blade","Clothesline"],"picked":"SKIP","floor":25}],"player_experience":1405787,"relics_obtained":[{"floor":7,"key":"Kunai"},{"floor":14,"key":"Mercury Hourglass"},{"floor":24,"key":"Boot"},{"floor":26,"key":"Darkstone Periapt"}],"event_choices":[{"damage_healed":0,"gold_gain":0,"player_choice":"Donut","damage_taken":0,"max_hp_gain":5,"max_hp_loss":0,"event_name":"Big Fish","floor":3,"gold_loss":0},{"cards_removed":["Strike_R"],"damage_healed":0,"gold_gain":0,"player_choice":"Card Removal","damage_taken":7,"max_hp_gain":0,"max_hp_loss":0,"event_name":"Golden Wing","floor":8,"gold_loss":0},{"damage_healed":0,"gold_gain":0,"player_choice":"","damage_taken":6,"max_hp_gain":0,"max_hp_loss":0,"event_name":"Knowing Skull","floor":27,"potions_obtained":[],"gold_loss":0,"cards_obtained":[]}],"is_beta":false,"boss_relics":[{"not_picked":["Snecko Eye","Runic Pyramid"],"picked":"Cursed Key"}],"items_purged_floors":[],"is_endless":false,"potions_floor_spawned":[1,10,11,14,16,20,21,24,25],"killed_by":"Book of Stabbing","ascension_level":20}}