{"host":"w9yruvs4bqht6bhw","time":1609816081,"event":{"mods":["BaseMod","Colored Powertips","Minty Spire (QoL Compilation)"],"gold_per_floor":[109,109,119,219,238,238,60,88,135,149,149,164,164,180,180,277,277,287,305,92,103,103,103,103,103],"floor_reached":24,"playtime":822,"items_purged":["Bash"],"score":277,"play_id":"c79b5f2b-87f0-4baf-a099-744c7ba7317b","local_time":"20210104220801","is_ascension_mode":true,"campfire_choices":[{"data":"Uppercut","floor":6,"key":"SMITH"},{"data":"Demon Form","floor":13,"key":"SMITH"},{"data":"Headbutt","floor":15,"key":"SMITH"},{"floor":23,"key":"REST"}],"circlet_count":0,"master_deck":["Strike_R","Strike_R","Strike_R","Strike_R","Strike_R","Defend_R","Defend_R","Defend_R","Defend_R","Thunderclap","Battle Trance","Uppercut+1","Pommel Strike","Demon Form+1","Ghostly Armor","Headbutt+1","Shrug It Off","Rampage+1","Seeing Red","Shrug It Off"],"relics":["Burning Blood","NeowsBlessing","Toy Ornithopter","Nunchaku","SacredBark","Orrery"],"acts_visited":["Exordium","TheCity"],"potions_floor_usage":[7,8,8,10,16,16,21,24],"damage_taken":[{"damage":0,"enemies":"Jaw Worm","floor":1,"turns":1},{"damage":0,"enemies":"Cultist","floor":3,"turns":1},{"damage":0,"enemies":"Small Slimes","floor":5,"turns":1},{"damage":29,"enemies":"3 Sentries","floor":8,"turns":6},{"damage":31,"enemies":"Exordium Thugs","floor":10,"turns":6},{"damage":4,"enemies":"Red Slaver","floor":12,"turns":5},{"damage":1,"enemies":"Blue Slaver","floor":14,"turns":4},{"damage":3,"enemies":"Slime Boss","floor":16,"turns":8},{"damage":58,"enemies":"Shell Parasite","floor":18,"turns":11},{"damage":12,"enemies":"Chosen","floor":19,"turns":6},{"damage":18,"enemies":"Snecko","floor":21,"turns":5},{"damage":40,"enemies":"Book of Stabbing","floor":24,"turns":5}],"seed_played":"3593370633229183770","potions_obtained":[{"floor":10,"key":"LiquidMemories"},{"floor":14,"key":"Explosive Potion"},{"floor":19,"key":"AttackPotion"},{"floor":21,"key":"SpeedPotion"}],"is_trial":false,"path_per_floor":["M","?","M","?","M","R","$","E","T","M","?","M","R","M","R","B",null,"M","M","$","M","$","R","E"],"character_chosen":"IRONCLAD","items_purchased":["EntropicBrew","Seeing Red","Orrery"],"campfire_rested":1,"item_purchase_floors":[7,20,20],"current_hp_per_floor":[78,78,80,80,80,80,80,57,57,37,37,39,39,44,44,57,74,22,16,16,9,9,33,0,0],"gold":103,"neow_bonus":"THREE_ENEMY_KILL","is_daily":false,"chose_seed":false,"campfire_upgraded":3,"win_rate":0.0,"timestamp":1609816081,"path_taken":["M","?","M","?","?","R","?","E","T","M","?","?","R","M","R","BOSS","M","M","$","M","$","R","E"],"items_purchased_type":["Potion","Card","Relic"],"build_version":"2020-12-22","purchased_purges":1,"victory":false,"max_hp_per_floor":[80,80,80,80,80,80,80,80,80,80,80,80,80,80,80,80,80,80,80,80,80,80,80,80,80],"card_choices":[{"not_picked":["Sword Boomerang","Heavy Blade"],"picked":"Thunderclap","floor":1},{"not_picked":["Rage","Warcry","Battle Trance"],"picked":"SKIP","floor":3},{"not_picked":["Rage","Warcry"],"picked":"Battle Trance","floor":3},{"not_picked":["Iron Wave","Thunderclap"],"picked":"Uppercut","floor":5},{"not_picked":["Anger","Whirlwind"],"picked":"Pommel Strike","floor":8},{"not_picked":["Bloodletting","Wild Strike"],"picked":"Demon Form","floor":10},{"not_picked":["Body Slam","Cleave","Sever Soul"],"picked":"SKIP","floor":12},{"not_picked":["Armaments","Dual Wield"],"picked":"Shrug It Off","floor":14},{"not_picked":["Pummel","Body Slam"],"picked":"Rampage+1","floor":18},{"not_picked":["Second Wind","True Grit","Disarm+1"],"picked":"SKIP","floor":19},{"not_picked":["Metallicize","Searing Blow"],"picked":"Shrug It Off","floor":20},{"not_picked":["Uppercut","Iron Wave","Feel No Pain"],"picked":"SKIP","floor":21}],"player_experience":331914,"relics_obtained":[{"floor":8,"key":"Toy Ornithopter"},{"floor":9,"key":"Nunchaku"}],"event_choices":[{"damage_healed":0,"gold_gain":0,"player_choice":"Ignored","damage_taken":0,"max_hp_gain":0,"max_hp_loss":0,"event_name":"Liars Game","floor":2,"gold_loss":0},{"damage_healed":0,"gold_gain":100,"player_choice":"Pray","damage_taken":0,"max_hp_gain":0,"max_hp_loss":0,"event_name":"Golden Shrine","floor":4,"gold_loss":0},{"damage_healed":0,"gold_gain":0,"player_choice":"2 cards matched","damage_taken":0,"max_hp_gain":0,"max_hp_loss":0,"event_name":"Match and Keep!","floor":11,"gold_loss":0,"cards_obtained":["Ghostly Armor","Headbutt"]}],"is_beta":false,"boss_relics":[{"not_picked":["Busted Crown","Velvet Choker"],"picked":"SacredBark"}],"items_purged_floors":[7],"is_endless":false,"potions_floor_spawned":[10,14,19,21],"killed_by":"Book of Stabbing","ascension_level":8}}