{"host":"50per11302020","time":1609832915,"event":{"mods":["AchievementEnabler","BaseMod","Colored Map","Minty Spire (QoL Compilation)","Relic Stats","StSLib"],"gold_per_floor":[118,118,2,2,2,2,26,26,26,26,41,41,341,380,380,505,505,528,528,551,12,35,75,75,119,142,158,191,191,222,247,247,378,378,396,412,433,454,467,500,523,523,523,523,539,572,92,133,133,133,133,133,8,42,42],"floor_reached":56,"playtime":5888,"items_purged":["Pain","Regret","Strike_B","Strike_B"],"score":1916,"play_id":"6cdbfd22-1027-4b23-8ada-d0186ac0dcab","local_time":"20210104234835","is_ascension_mode":true,"campfire_choices":[{"data":"Streamline","floor":6.0,"key":"SMITH"},{"floor":8.0,"key":"REST"},{"data":"Sweeping Beam","floor":10.0,"key":"SMITH"},{"floor":15.0,"key":"REST"},{"data":"Capacitor","floor":24.0,"key":"SMITH"},{"data":"Echo Form","floor":29.0,"key":"SMITH"},{"data":"Machine Learning","floor":32.0,"key":"SMITH"},{"floor":44,"key":"RECALL"},{"data":"Capacitor","floor":49,"key":"SMITH"},{"data":"Loop","floor":52,"key":"SMITH"}],"circlet_count":0,"master_deck":["Strike_B+1","Strike_B+1","Defend_B+1","Defend_B","Defend_B","Defend_B","Zap+1","Dualcast","Streamline+1","Aggregate+1","Sweeping Beam+1","All For One+1","Glacier+1","Echo Form+1","Auto Shields+1","Ghostly+1","Ghostly+1","Ghostly+1","Ghostly+1","Ghostly+1","Genetic Algorithm+1","Chill+1","Capacitor+1","Streamline+1","Blizzard+1","Machine Learning+1","Hello World","Barrage","Glacier+1","Hologram+1","Fission+1","Fusion+1","Consume+1","Loop+1","Reinforced Body+1","Double Energy+1","White Noise+1","Capacitor+1","Fusion+1","Sweeping Beam+1","Rainbow+1","Hologram+1","Rainbow+1","Creative AI","Echo Form","Core Surge"],"relics":["Cracked Core","Ice Cream","Toxic Egg 2","Golden Idol","PreservedInsect","Matryoshka","Old Coin","Prayer Wheel","Snecko Eye","Calipers","Sling","Bird Faced Urn","Ornamental Fan","Whetstone","Oddly Smooth Stone","Incense Burner","Dream Catcher","Coffee Dripper","Smiling Mask","Omamori","CaptainsWheel","Membership Card","Anchor","Question Card","War Paint","Mummified Hand"],"acts_visited":["Exordium","TheCity","TheBeyond","TheEnding"],"potions_floor_usage":[40,55,55],"damage_taken":[{"damage":10.0,"enemies":"2 Louse","floor":1.0,"turns":6.0},{"damage":7.0,"enemies":"Jaw Worm","floor":7.0,"turns":2.0},{"damage":0.0,"enemies":"Small Slimes","floor":11.0,"turns":2.0},{"damage":18.0,"enemies":"Gremlin Nob","floor":14.0,"turns":3.0},{"damage":11.0,"enemies":"Slime Boss","floor":16.0,"turns":7.0},{"damage":20.0,"enemies":"Shell Parasite","floor":18.0,"turns":5.0},{"damage":3.0,"enemies":"2 Thieves","floor":20.0,"turns":4.0},{"damage":0.0,"enemies":"Snecko","floor":22.0,"turns":4.0},{"damage":0.0,"enemies":"Slavers","floor":23.0,"turns":5.0},{"damage":0.0,"enemies":"Book of Stabbing","floor":25.0,"turns":2.0},{"damage":0.0,"enemies":"Snake Plant","floor":27.0,"turns":5.0},{"damage":0.0,"enemies":"Gremlin Leader","floor":28.0,"turns":6.0},{"damage":2.0,"enemies":"Book of Stabbing","floor":30.0,"turns":7.0},{"damage":0.0,"enemies":"3 Cultists","floor":31.0,"turns":6.0},{"damage":0.0,"enemies":"Collector","floor":33.0,"turns":9.0},{"damage":0.0,"enemies":"3 Shapes","floor":35.0,"turns":3.0},{"damage":0.0,"enemies":"3 Darklings","floor":36.0,"turns":6.0},{"damage":0.0,"enemies":"Spire Growth","floor":37.0,"turns":7.0},{"damage":1,"enemies":"Writhing Mass","floor":38,"turns":8},{"damage":0,"enemies":"3 Darklings","floor":39,"turns":7},{"damage":1,"enemies":"Nemesis","floor":40,"turns":5},{"damage":18,"enemies":"Jaw Worm Horde","floor":41,"turns":8},{"damage":0,"enemies":"Transient","floor":45,"turns":5},{"damage":0,"enemies":"Reptomancer","floor":46,"turns":6},{"damage":0,"enemies":"Giant Head","floor":48,"turns":7},{"damage":0,"enemies":"Donu and Deca","floor":50,"turns":9},{"damage":0,"enemies":"Shield and Spear","floor":54,"turns":6},{"damage":0,"enemies":"The Heart","floor":55,"turns":9}],"seed_played":"-6821653513491004892","potions_obtained":[{"floor":1.0,"key":"Weak Potion"},{"floor":14.0,"key":"Fire Potion"},{"floor":16.0,"key":"EssenceOfSteel"},{"floor":18.0,"key":"EssenceOfSteel"},{"floor":20.0,"key":"GamblersBrew"},{"floor":25.0,"key":"Weak Potion"},{"floor":28.0,"key":"Block Potion"},{"floor":37.0,"key":"SmokeBomb"},{"floor":39,"key":"Fruit Juice"},{"floor":40,"key":"FocusPotion"},{"floor":46,"key":"LiquidBronze"}],"is_trial":false,"path_per_floor":["M","?","$","?","?","R","M","R","T","R","M","T","?","E","R","B",null,"M","?","M","$","M","E","R","E","T","M","E","R","E","M","R","B",null,"M","M","M","M","M","E","M","?","T","R","M","E","$","E","R","B",null,"R","$","E","B",null],"character_chosen":"DEFECT","items_purchased":["Aggregate+1","Calipers","Sling","Membership Card","Creative AI","Anchor","Question Card","Echo Form"],"campfire_rested":2,"item_purchase_floors":[3,21,21,47,47,47,47,53],"current_hp_per_floor":[65,47,47,32,32,32,25,45,45,45,45,45,45,27,47,36,69,49,34,31,31,31,31,31,33,33,34,34,34,34,34,34,34,34,34,34,34,34,34,39,39,39,39,39,39,39,39,39,39,39,39,39,39,39,39],"gold":42,"neow_bonus":"ONE_RARE_RELIC","is_daily":false,"chose_seed":false,"campfire_upgraded":7,"win_rate":0.0,"timestamp":1609832915,"path_taken":["M","?","?","?","?","R","M","R","T","R","M","?","?","E","R","BOSS","M","?","M","$","M","E","R","E","T","M","E","R","E","M","R","BOSS","M","M","M","M","M","E","M","?","T","R","M","E","$","E","R","BOSS","R","$","E","BOSS"],"items_purchased_type":["Card","Relic","Relic","Relic","Card","Relic","Relic","Card"],"build_version":"2020-12-18","purchased_purges":4,"victory":true,"max_hp_per_floor":[75,75,75,75,69,69,69,69,69,69,69,69,69,69,69,69,69,69,34,34,34,34,34,34,34,34,34,34,34,34,34,34,34,34,34,34,34,34,34,39,39,39,39,39,39,39,39,39,39,39,39,39,39,39,39],"relic_stats":{"counters":[28,159],"Golden Idol":227,"PreservedInsect":484,"Whetstone":["All For One","Blizzard"],"War Paint":["Defend_B","Zap"],"Smiling Mask":38,"Question Card":2,"Dream Catcher":0,"Ornamental Fan":[132],"Mummified Hand":[34],"Bird Faced Urn":[25],"Snecko Eye":[276,319,259,252],"Prayer Wheel":12,"obtain_stats":[{"Ice Cream":0,"Calipers":21,"Incense Burner":28,"Whetstone":26,"Sling":21,"Smiling Mask":40,"Old Coin":13,"Dream Catcher":30,"Matryoshka":12,"Mummified Hand":54,"Prayer Wheel":14,"Toxic Egg 2":2,"Cracked Core":0,"Golden Idol":5,"Oddly Smooth Stone":26,"PreservedInsect":9,"Omamori":43,"War Paint":48,"Question Card":47,"CaptainsWheel":46,"Anchor":47,"Ornamental Fan":25,"Bird Faced Urn":23,"Snecko Eye":17,"Coffee Dripper":34,"Membership Card":47},{"Ice Cream":0,"Calipers":7,"Incense Burner":12,"Whetstone":10,"Sling":7,"Smiling Mask":21,"Old Coin":3,"Dream Catcher":13,"Matryoshka":3,"Mummified Hand":27,"Prayer Wheel":4,"Toxic Egg 2":1,"Cracked Core":0,"Golden Idol":1,"Oddly Smooth Stone":10,"PreservedInsect":2,"Omamori":22,"War Paint":25,"Question Card":24,"CaptainsWheel":24,"Anchor":24,"Ornamental Fan":10,"Bird Faced Urn":9,"Snecko Eye":5,"Coffee Dripper":15,"Membership Card":24},{"Ice Cream":0,"Calipers":29,"Incense Burner":51,"Whetstone":40,"Sling":29,"Smiling Mask":109,"Old Coin":10,"Dream Catcher":58,"Matryoshka":10,"Mummified Hand":150,"Prayer Wheel":13,"Toxic Egg 2":6,"Cracked Core":0,"Golden Idol":6,"Oddly Smooth Stone":40,"PreservedInsect":8,"Omamori":117,"War Paint":135,"Question Card":128,"CaptainsWheel":128,"Anchor":128,"Ornamental Fan":40,"Bird Faced Urn":38,"Snecko Eye":20,"Coffee Dripper":73,"Membership Card":128}]},"card_choices":[{"not_picked":["Cold Snap","Rebound"],"picked":"Streamline","floor":1.0},{"not_picked":["Beam Cell","Static Discharge"],"picked":"Sweeping Beam","floor":7.0},{"not_picked":["Sweeping Beam","Ball Lightning"],"picked":"All For One","floor":11.0},{"not_picked":["Hello World","Ball Lightning"],"picked":"Glacier+1","floor":14.0},{"not_picked":["All For One","Biased Cognition"],"picked":"Echo Form","floor":16.0},{"not_picked":["Redo+1","Rebound"],"picked":"Streamline","floor":18.0},{"not_picked":["Skim+1","Beam Cell"],"picked":"Auto Shields+1","floor":18.0},{"not_picked":["Go for the Eyes","FTL"],"picked":"Genetic Algorithm+1","floor":20.0},{"not_picked":["White Noise+1","Beam Cell"],"picked":"Chill+1","floor":20.0},{"not_picked":["Compile Driver+1","Redo+1"],"picked":"Capacitor","floor":22.0},{"not_picked":["Steam+1","Go for the Eyes"],"picked":"Streamline+1","floor":22.0},{"not_picked":["Go for the Eyes+1","Coolheaded+1"],"picked":"Blizzard","floor":23.0},{"not_picked":["Auto Shields+1","Redo+1"],"picked":"Machine Learning","floor":25.0},{"not_picked":["Auto Shields+1","Stack+1"],"picked":"Hello World","floor":27.0},{"not_picked":["Turbo+1","Rip and Tear","Steam+1"],"picked":"SKIP","floor":27.0},{"not_picked":["Conserve Battery+1","Hyperbeam","Redo+1"],"picked":"SKIP","floor":28.0},{"not_picked":["Thunder Strike","Streamline"],"picked":"Barrage","floor":30.0},{"not_picked":["Steam+1","Streamline"],"picked":"Glacier+1","floor":31.0},{"not_picked":["Stack+1","Buffer"],"picked":"Hologram+1","floor":31.0},{"not_picked":["Biased Cognition","Machine Learning"],"picked":"Fission+1","floor":33.0},{"not_picked":["Hello World","Turbo+1"],"picked":"Fusion+1","floor":35.0},{"not_picked":["Conserve Battery+1","Leap+1"],"picked":"Consume+1","floor":35.0},{"not_picked":["Steam Power+1","Gash+1"],"picked":"Loop","floor":36.0},{"not_picked":["Consume+1","Coolheaded+1"],"picked":"Reinforced Body+1","floor":36.0},{"not_picked":["Reprogram+1","Redo+1"],"picked":"Double Energy+1","floor":37.0},{"not_picked":["Chaos+1","Streamline+1"],"picked":"White Noise+1","floor":37.0},{"not_picked":["Glacier+1","Sweeping Beam+1"],"picked":"Capacitor","floor":38},{"not_picked":["Storm+1","Streamline"],"picked":"Fusion+1","floor":38},{"not_picked":["Ball Lightning+1","Go for the Eyes"],"picked":"Sweeping Beam+1","floor":39},{"not_picked":["Steam Power+1","Streamline+1"],"picked":"Rainbow+1","floor":39},{"not_picked":["Conserve Battery+1","Stack+1","Sweeping Beam+1"],"picked":"SKIP","floor":40},{"not_picked":["Streamline+1","Sunder+1"],"picked":"Hologram+1","floor":41},{"not_picked":["Recycle+1","Streamline+1","Turbo+1"],"picked":"SKIP","floor":41},{"not_picked":["Recycle+1","Streamline+1","Turbo+1"],"picked":"SKIP","floor":41},{"not_picked":["Rip and Tear","Storm"],"picked":"Rainbow+1","floor":45},{"not_picked":["Stack+1","Coolheaded+1","Hologram+1"],"picked":"SKIP","floor":45},{"not_picked":["Streamline+1","Steam Power+1","Reprogram+1"],"picked":"SKIP","floor":46},{"not_picked":["Beam Cell","Gash","Streamline","Go for the Eyes"],"picked":"SKIP","floor":48},{"not_picked":["Rip and Tear","Stack+1","Sunder+1"],"picked":"Core Surge","floor":54}],"player_experience":85526,"relics_obtained":[{"floor":9.0,"key":"PreservedInsect"},{"floor":12.0,"key":"Matryoshka"},{"floor":14.0,"key":"Prayer Wheel"},{"floor":23.0,"key":"Bird Faced Urn"},{"floor":25.0,"key":"Ornamental Fan"},{"floor":26.0,"key":"Whetstone"},{"floor":26.0,"key":"Oddly Smooth Stone"},{"floor":28.0,"key":"Incense Burner"},{"floor":30.0,"key":"Dream Catcher"},{"floor":40,"key":"Smiling Mask"},{"floor":43,"key":"Omamori"},{"floor":46,"key":"CaptainsWheel"},{"floor":48,"key":"War Paint"},{"floor":54,"key":"Mummified Hand"}],"event_choices":[{"damage_healed":0.0,"max_hp_gain":0.0,"max_hp_loss":0.0,"gold_gain":0.0,"event_name":"Scrap Ooze","player_choice":"Success","floor":2.0,"gold_loss":0.0,"damage_taken":18.0,"relics_obtained":["Toxic Egg 2"]},{"damage_healed":0.0,"max_hp_gain":0.0,"max_hp_loss":0.0,"gold_gain":0.0,"event_name":"Shining Light","player_choice":"Entered Light","floor":4.0,"gold_loss":0.0,"damage_taken":15.0,"cards_upgraded":["Strike_B","Strike_B"]},{"damage_healed":0.0,"max_hp_gain":0.0,"max_hp_loss":6.0,"gold_gain":0.0,"event_name":"Golden Idol","player_choice":"Lose Max HP","floor":5.0,"gold_loss":0.0,"damage_taken":0.0,"relics_obtained":["Golden Idol"]},{"damage_healed":0.0,"max_hp_gain":0.0,"max_hp_loss":0.0,"gold_gain":0.0,"event_name":"Big Fish","player_choice":"Box","floor":13.0,"gold_loss":0.0,"damage_taken":0.0,"relics_obtained":["Old Coin"],"cards_obtained":["Regret"]},{"damage_healed":0.0,"max_hp_gain":0.0,"max_hp_loss":35.0,"gold_gain":0.0,"event_name":"Ghosts","player_choice":"Became a Ghost","floor":19.0,"gold_loss":0.0,"damage_taken":0.0,"cards_obtained":["Ghostly","Ghostly","Ghostly","Ghostly","Ghostly"]},{"cards_removed":["Streamline"],"damage_healed":0,"gold_gain":0,"player_choice":"Removed Attack","damage_taken":0,"max_hp_gain":0,"max_hp_loss":0,"event_name":"Falling","floor":42,"gold_loss":0}],"is_beta":true,"boss_relics":[{"not_picked":["Velvet Choker","Nuclear Battery"],"picked":"Snecko Eye"},{"not_picked":["Inserter","Astrolabe"],"picked":"Coffee Dripper"}],"items_purged_floors":[3,21,47,53],"is_endless":false,"potions_floor_spawned":[1,14,16,18,20,25,28,37,39,40,46],"ascension_level":3}}