{"host":"y6h8h5dnjuludn40","time":1609827155,"event":{"mods":["BaseMod","Colored Map","Colored Powertips","Googly Eyes","Hermit","Minty Spire (QoL Compilation)","Replay The Spire","StSLib","The Construct","The Hierophant"],"gold_per_floor":[115,126,301,301,316,344,344,76,76,76,76,87,97,107,107,107,107],"floor_reached":16,"playtime":651,"items_purged":["hermit:Defend_Hermit"],"score":102,"play_id":"4f856a1c-4a51-4033-9dd2-83b9a0e3c39a","local_time":"20210105001235","is_ascension_mode":false,"campfire_choices":[{"data":"hermit:Showdown","floor":7,"key":"SMITH"},{"data":"hermit:Reprieve","floor":10,"key":"SMITH"},{"data":"hermit:Glare","floor":15,"key":"SMITH"}],"circlet_count":0,"master_deck":["hermit:Strike_Hermit","hermit:Strike_Hermit","hermit:Strike_Hermit","hermit:Defend_Hermit","hermit:Defend_Hermit","hermit:Defend_Hermit","hermit:Snapshot","hermit:Covet","hermit:TrackingShot","hermit:Headshot","Doubt","hermit:Gestalt","hermit:SprayPray","hermit:Showdown+1","hermit:TakeAim","hermit:Misfire","hermit:Reprieve+1","Pain","hermit:Glare+1","hermit:HighCaliber","hermit:Ricochet"],"relics":["hermit:Momento","Quantum Egg","Mummified Hand","WarpedTongs"],"acts_visited":["Exordium"],"potions_floor_usage":[6,14,16],"damage_taken":[{"damage":0,"enemies":"2 Louse","floor":1,"turns":3},{"damage":4,"enemies":"Small Slimes","floor":2,"turns":3},{"damage":1,"enemies":"Cultist","floor":5,"turns":4},{"damage":2,"enemies":"Lagavulin","floor":6,"turns":5},{"damage":2,"enemies":"Blue Slaver","floor":12,"turns":4},{"damage":8,"enemies":"Gremlin Gang","floor":13,"turns":3},{"damage":10,"enemies":"Lots of Slimes","floor":14,"turns":4},{"damage":78,"enemies":"The Guardian","floor":16,"turns":8}],"seed_played":"664818699153674622","potions_obtained":[{"floor":0,"key":"Elixir"},{"floor":0,"key":"Death Potion"},{"floor":0,"key":"Doom Potion"},{"floor":2,"key":"hermit:BlackBile"},{"floor":12,"key":"ColorlessPotion"},{"floor":13,"key":"Regen Potion"},{"floor":14,"key":"Fire Potion"}],"is_trial":false,"path_per_floor":["M","M","?","?","M","E","R","$","T","R","?","M","M","M","R","B"],"character_chosen":"HERMIT","items_purchased":["hermit:TakeAim","hermit:Misfire","hermit:Reprieve"],"campfire_rested":0,"item_purchase_floors":[8,8,8],"current_hp_per_floor":[75,71,71,71,70,68,68,68,68,68,68,74,66,72,72,0,0],"gold":107,"neow_bonus":"THREE_SMALL_POTIONS","is_daily":false,"chose_seed":false,"campfire_upgraded":3,"win_rate":0.0,"timestamp":1609827155,"path_taken":["M","M","?","?","?","E","R","$","T","R","?","?","M","M","R","BOSS"],"items_purchased_type":["Card","Card","Card"],"build_version":"2020-12-22","purchased_purges":1,"victory":false,"max_hp_per_floor":[75,75,75,75,75,75,75,75,75,75,75,75,75,75,75,75,75],"card_choices":[{"not_picked":["hermit:ItchyTrigger","hermit:Dive"],"picked":"hermit:TrackingShot","floor":1},{"not_picked":["hermit:LowProfile","hermit:NoHoldsBarred"],"picked":"hermit:Headshot","floor":2},{"not_picked":["hermit:HighCaliber","hermit:Dive"],"picked":"hermit:SprayPray","floor":5},{"not_picked":["hermit:FullyLoaded","hermit:Headshot"],"picked":"hermit:Showdown","floor":6},{"not_picked":["hermit:FatalDesire","hermit:Desperado"],"picked":"hermit:Glare","floor":12},{"not_picked":["hermit:Showdown","hermit:WideOpen"],"picked":"hermit:HighCaliber","floor":13},{"not_picked":["hermit:Showdown","hermit:NoHoldsBarred"],"picked":"hermit:Ricochet","floor":14}],"player_experience":252404,"relics_obtained":[{"floor":6,"key":"Quantum Egg"},{"floor":9,"key":"Mummified Hand"}],"event_choices":[{"damage_healed":0,"gold_gain":175,"player_choice":"AGREE","damage_taken":0,"max_hp_gain":0,"max_hp_loss":0,"event_name":"Liars Game","floor":3,"gold_loss":0,"cards_obtained":["Doubt"]},{"damage_healed":0,"gold_gain":0,"cards_transformed":["hermit:Strike_Hermit"],"player_choice":"Transformed","damage_taken":0,"max_hp_gain":0,"max_hp_loss":0,"event_name":"Transmorgrifier","floor":4,"gold_loss":0,"cards_obtained":["hermit:Gestalt"]},{"damage_healed":0,"gold_gain":0,"player_choice":"Rummage","damage_taken":0,"relics_obtained":["WarpedTongs"],"max_hp_gain":0,"max_hp_loss":0,"event_name":"Accursed Blacksmith","floor":11,"gold_loss":0,"cards_obtained":["Pain"]}],"is_beta":false,"boss_relics":[],"items_purged_floors":[8],"is_endless":false,"potions_floor_spawned":[2,12,13,14],"killed_by":"The Guardian","ascension_level":0}}