{"host":"svwqvw2il1zfkkg0","time":1609883134,"event":{"mods":["AchievementEnabler","BaseMod","BetterRewards","Colored Map","Colored Powertips","Custom Start","Downfall","GifTheSpireLib","Highlight Path","Hubris","Infinite Spire","Minty Spire (QoL Compilation)","Quick Restart","Replay The Spire","Shop Mod","StSLib","SuperFastMode"],"gold_per_floor":[119,119,131,146,164,192,192,192,217,8,8,27,27,62,62,158,158,174,187,187,203,203,203,216,216,216,216,272,71,122,20,20,162,162,211,13,64,64,122,122],"floor_reached":39,"playtime":2910,"items_purged":["Slimebound:Icky"],"score":541,"play_id":"22310f19-ee2c-44d0-b93b-731dd2424e51","local_time":"20210105134534","is_ascension_mode":false,"campfire_choices":[{"data":"Backstab","floor":7,"key":"SMITH"},{"data":"Cloak And Dagger","floor":11,"key":"SMITH"},{"data":"Poisoned Stab","floor":13,"key":"SMITH"},{"floor":15,"key":"REST"},{"floor":23,"key":"REST"},{"data":"Adrenaline","floor":25,"key":"SMITH"},{"floor":32,"key":"REST"}],"circlet_count":0,"master_deck":["Strike_G","Strike_G","Strike_G","Strike_G","Strike_G","Defend_G","Defend_G","Defend_G","Defend_G","Defend_G","Survivor","Neutralize","Finisher","Specialist","Backstab+1","Cloak And Dagger+1","Dash","Poisoned Stab+1","Swift Strike","Quick Slash","Sucker Punch","Blade Dance","Adrenaline+1","Blade Dance+1","Dagger Spray","Blade Dance","hubris:Compulsion","Slimebound:Icky","Glass Knife","Phantasmal Killer","Adrenaline+1"],"relics":["Ring of the Snake","NeowsBlessing","hubris:AncientText","Replay:Rubber Ducky","ReplayTheSpireMod:CursedCoin","Blue Doll","The Specimen","Cursed Key","Happy Flower","Replay:Bandana","Pen Nib","infinitespire:EvilPickle","SacredBark","Bag of Preparation"],"acts_visited":["Exordium","TheCity","TheBeyond"],"potions_floor_usage":[14,16,24,28,30,33,33,33,39],"damage_taken":[{"damage":0,"enemies":"Jaw Worm","floor":1,"turns":1},{"damage":0,"enemies":"Cultist","floor":3,"turns":1},{"damage":0,"enemies":"2 Louse","floor":4,"turns":1},{"damage":0,"enemies":"Blue Slaver","floor":5,"turns":4},{"damage":14,"enemies":"Gremlin Nob","floor":6,"turns":4},{"damage":0,"enemies":"Looter","floor":12,"turns":2},{"damage":4,"enemies":"3 Sentries","floor":14,"turns":6},{"damage":36,"enemies":"Fading Forest","floor":16,"turns":11},{"damage":0,"enemies":"Spheric Guardian","floor":18,"turns":1},{"damage":7,"enemies":"2 Thieves","floor":19,"turns":3},{"damage":16,"enemies":"Centurion and Healer","floor":21,"turns":3},{"damage":5,"enemies":"Snake Plant","floor":24,"turns":4},{"damage":3,"enemies":"Snecko","floor":28,"turns":3},{"damage":10,"enemies":"Sentry and Sphere","floor":30,"turns":3},{"damage":35,"enemies":"Pondfish","floor":33,"turns":11},{"damage":1,"enemies":"Orb Walker","floor":35,"turns":3},{"damage":14,"enemies":"3 Shapes","floor":37,"turns":3},{"damage":58,"enemies":"Transient","floor":39,"turns":5}],"seed_played":"1590281939146640162","potions_obtained":[{"floor":3,"key":"Energy Potion"},{"floor":5,"key":"Block Potion"},{"floor":16,"key":"Block Potion"},{"floor":18,"key":"Block Potion"},{"floor":24,"key":"Adrenaline Potion"}],"is_trial":false,"path_per_floor":["M","?","M","M","M","E","R","?","T","$","R","M","R","E","R","B",null,"M","M","?","M","?","R","M","R","T","?","M","$","M","$","R","B",null,"M","$","M","?","M"],"character_chosen":"THE_SILENT","items_purchased":["ReplayTheSpireMod:CursedCoin","Blue Doll","Swift Strike","Quick Slash","Pen Nib","Poison Potion","Strength Potion","Fire Potion","Bag of Preparation","BlessingOfTheForge"],"campfire_rested":3,"item_purchase_floors":[10,10,10,10,29,29,31,31,36,36],"current_hp_per_floor":[70,70,70,70,70,56,56,56,56,56,56,56,56,52,70,44,70,70,63,63,47,47,68,63,63,63,63,60,60,50,50,70,35,70,69,69,55,55,0,0],"gold":122,"neow_bonus":"THREE_ENEMY_KILL","is_daily":false,"chose_seed":false,"campfire_upgraded":4,"win_rate":0.0,"timestamp":1609883134,"path_taken":["M","?","M","?","M","E","R","?","T","$","R","M","R","E","R","BOSS","M","M","?","M","?","R","M","R","T","?","M","?","M","$","R","BOSS","M","$","?","?","M"],"items_purchased_type":["Relic","Relic","Card","Card","Relic","Potion","Potion","Potion","Relic","Potion"],"build_version":"2020-12-22","purchased_purges":1,"victory":false,"max_hp_per_floor":[70,70,70,70,70,70,70,70,70,70,70,70,70,70,70,70,70,70,70,70,70,70,70,70,70,70,70,70,70,70,70,70,70,70,70,70,70,70,70,70],"card_choices":[{"not_picked":["Blur","Outmaneuver"],"picked":"Finisher","floor":1},{"not_picked":["Eviscerate","Sucker Punch"],"picked":"Backstab","floor":3},{"not_picked":["Prepared","hubris:TrickCloak"],"picked":"Cloak And Dagger","floor":4},{"not_picked":["Quick Slash","Backflip"],"picked":"Dash","floor":5},{"not_picked":["hubris:SlightOfHand","Slice"],"picked":"Poisoned Stab","floor":6},{"not_picked":["Acrobatics","Dodge and Roll"],"picked":"Sucker Punch","floor":12},{"not_picked":["PiercingWail","Dagger Throw"],"picked":"Blade Dance","floor":14},{"not_picked":["Storm of Steel","Night Terror"],"picked":"Adrenaline","floor":16},{"not_picked":["Poisoned Stab","Outmaneuver"],"picked":"Blade Dance+1","floor":18},{"not_picked":["Catalyst+1","Finisher"],"picked":"Dagger Spray","floor":19},{"not_picked":["Underhanded Strike+1","Distraction","Outmaneuver"],"picked":"SKIP","floor":21},{"not_picked":["Cloak And Dagger","Prepared"],"picked":"Blade Dance","floor":24},{"not_picked":["Deadly Poison","Calculated Gamble","Sucker Punch"],"picked":"SKIP","floor":28},{"not_picked":["Poisoned Stab","Slice+1"],"picked":"Glass Knife","floor":30},{"not_picked":["Storm of Steel","Unload"],"picked":"Phantasmal Killer","floor":33},{"not_picked":["ReplayTheSpireMod:The Works","Underhanded Strike+1","Catalyst+1"],"picked":"SKIP","floor":35},{"not_picked":["hubris:Sniper+1","Escape Plan+1"],"picked":"Adrenaline","floor":37}],"player_experience":453089,"relics_obtained":[{"floor":6,"key":"hubris:AncientText"},{"floor":9,"key":"Replay:Rubber Ducky"},{"floor":14,"key":"The Specimen"},{"floor":26,"key":"Happy Flower"}],"event_choices":[{"damage_healed":0,"gold_gain":0,"player_choice":"1 cards matched","damage_taken":0,"max_hp_gain":0,"max_hp_loss":0,"event_name":"Match and Keep!","floor":2,"gold_loss":0,"cards_obtained":["Specialist"]},{"damage_healed":0,"gold_gain":0,"player_choice":"Upgraded","damage_taken":0,"max_hp_gain":0,"max_hp_loss":0,"event_name":"Upgrade Shrine","floor":38,"gold_loss":0,"cards_upgraded":["Adrenaline"]}],"is_beta":false,"boss_relics":[{"not_picked":["hubris:HollowSoul","Empty Cage"],"picked":"Cursed Key"},{"not_picked":["hubris:VirtuousBlindfold","Replay:Wanted Poster"],"picked":"SacredBark"}],"items_purged_floors":[10],"is_endless":false,"potions_floor_spawned":[3,5,6,16,18,24],"killed_by":"Transient","ascension_level":0}}