{"host":"39tyozym5sxfdumj","time":1609882862,"event":{"mods":["AchievementEnabler","BaseMod","Bestiary","Block Reminder","Colored Powertips","Minty Spire (QoL Compilation)"],"gold_per_floor":[119,69,244,257,8,8,40,13,40,56,76,2,2,22,22,119,119,138,138,48,60,60,86,86,48,48,83,83,83,109,139,139,139,139],"floor_reached":33,"playtime":1459,"items_purged":["Shame"],"score":428,"play_id":"eb81c327-1f39-4d57-b156-fec65db72578","local_time":"20210105224102","is_ascension_mode":true,"campfire_choices":[{"data":"Iron Wave","floor":6,"key":"SMITH"},{"data":"Armaments","floor":13,"key":"SMITH"},{"floor":15,"key":"REST"},{"data":"Feed","floor":24,"key":"SMITH"},{"floor":28,"key":"REST"},{"data":"Thunderclap","floor":32,"key":"SMITH"}],"circlet_count":0,"master_deck":["Defend_R","Defend_R","Defend_R","Bash","Doubt","Cleave","Iron Wave+1","Double Tap","Armaments+1","Headbutt","Blood for Blood","Feed+1","Bite+1","Bite+1","Bite","Bite","Bite+1","Thunderclap+1"],"relics":["Burning Blood","NeowsBlessing","Membership Card","PreservedInsect","Ornamental Fan","Odd Mushroom","Lantern","Velvet Choker","Red Skull","Whetstone","Bottled Flame","Pen Nib","Oddly Smooth Stone","Bottled Lightning"],"acts_visited":["Exordium","TheCity"],"potions_floor_usage":[16,16],"damage_taken":[{"damage":0,"enemies":"2 Louse","floor":1,"turns":1},{"damage":0,"enemies":"Jaw Worm","floor":4,"turns":1},{"damage":0,"enemies":"Lagavulin","floor":7,"turns":1},{"damage":0,"enemies":"Small Slimes","floor":10,"turns":3},{"damage":40,"enemies":"The Mushroom Lair","floor":11,"turns":6},{"damage":11,"enemies":"3 Louse","floor":14,"turns":3},{"damage":63,"enemies":"The Guardian","floor":16,"turns":12},{"damage":1,"enemies":"2 Thieves","floor":18,"turns":3},{"damage":7,"enemies":"3 Byrds","floor":21,"turns":6},{"damage":47,"enemies":"Slavers","floor":23,"turns":5},{"damage":29,"enemies":"Book of Stabbing","floor":27,"turns":4},{"damage":25,"enemies":"Gremlin Leader","floor":31,"turns":6},{"damage":86,"enemies":"Automaton","floor":33,"turns":6}],"seed_played":"-3107918262183992563","potions_obtained":[{"floor":7,"key":"Energy Potion"},{"floor":11,"key":"SpeedPotion"},{"floor":16,"key":"Dexterity Potion"},{"floor":18,"key":"Strength Potion"},{"floor":23,"key":"Fire Potion"},{"floor":31,"key":"Regen Potion"}],"is_trial":false,"path_per_floor":["M","?","?","M","$","R","E","$","T","M","?","$","R","M","R","B",null,"M","?","?","M","?","E","R","$","T","E","R","?","T","E","R","B"],"character_chosen":"IRONCLAD","items_purchased":["Membership Card","PreservedInsect","Iron Wave","Armaments","Lantern"],"campfire_rested":2,"item_purchase_floors":[5,5,5,8,12],"current_hp_per_floor":[80,80,80,80,80,80,80,80,80,80,46,46,46,41,65,8,62,70,58,58,61,61,36,36,36,36,23,43,65,65,61,61,0,0],"gold":139,"neow_bonus":"THREE_ENEMY_KILL","is_daily":false,"chose_seed":false,"campfire_upgraded":4,"win_rate":0.0,"timestamp":1609882862,"path_taken":["M","?","?","M","$","R","E","?","T","M","?","$","R","M","R","BOSS","M","?","?","?","?","E","R","?","T","E","R","?","?","E","R","BOSS"],"items_purchased_type":["Relic","Relic","Card","Card","Relic"],"build_version":"2020-12-22","purchased_purges":1,"victory":false,"max_hp_per_floor":[80,80,80,80,80,80,80,80,80,80,80,80,80,80,80,80,80,83,58,58,61,61,64,64,64,64,68,68,68,68,72,72,72,72],"card_choices":[{"not_picked":["Wild Strike","Anger","Ghostly Armor"],"picked":"SKIP","floor":1},{"not_picked":["Clothesline","Headbutt"],"picked":"Cleave","floor":4},{"not_picked":["Clash","Thunderclap"],"picked":"Double Tap","floor":7},{"not_picked":["Evolve","Reckless Charge","Shockwave"],"picked":"SKIP","floor":10},{"not_picked":["Ghostly Armor","Shrug It Off"],"picked":"Headbutt","floor":11},{"not_picked":["Ghostly Armor","Fire Breathing"],"picked":"Blood for Blood","floor":14},{"not_picked":["Offering","Exhume"],"picked":"Feed","floor":16},{"not_picked":["Body Slam","Feel No Pain+1","Armaments"],"picked":"SKIP","floor":18},{"not_picked":["Spot Weakness","Twin Strike","Body Slam+1"],"picked":"SKIP","floor":21},{"not_picked":["Offering","Wild Strike"],"picked":"Thunderclap","floor":23},{"not_picked":["Shockwave","Perfected Strike","Shrug It Off+1"],"picked":"SKIP","floor":27},{"not_picked":["Thunderclap+1","Rampage","Feed"],"picked":"SKIP","floor":31}],"player_experience":200119,"relics_obtained":[{"floor":7,"key":"Ornamental Fan"},{"floor":11,"key":"Odd Mushroom"},{"floor":23,"key":"Whetstone"},{"floor":26,"key":"Bottled Flame"},{"floor":27,"key":"Pen Nib"},{"floor":30,"key":"Oddly Smooth Stone"},{"floor":31,"key":"Bottled Lightning"}],"event_choices":[{"cards_removed":["Strike_R"],"damage_healed":0,"gold_gain":0,"player_choice":"Card Removal","damage_taken":0,"max_hp_gain":0,"max_hp_loss":0,"event_name":"The Cleric","floor":2,"gold_loss":50},{"damage_healed":0,"gold_gain":175,"player_choice":"AGREE","damage_taken":0,"max_hp_gain":0,"max_hp_loss":0,"event_name":"Liars Game","floor":3,"gold_loss":0,"cards_obtained":["Doubt"]},{"damage_healed":0,"gold_gain":0,"player_choice":"Fought Mushrooms","damage_taken":0,"max_hp_gain":0,"max_hp_loss":0,"event_name":"Mushrooms","floor":11,"gold_loss":0},{"damage_healed":0,"gold_gain":0,"player_choice":"Became a vampire","damage_taken":0,"max_hp_gain":0,"max_hp_loss":25,"event_name":"Vampires","floor":19,"gold_loss":0,"cards_obtained":["Bite","Bite","Bite","Bite","Bite"]},{"cards_removed":["Defend_R"],"damage_healed":0,"gold_gain":0,"player_choice":"Upgrade and Remove","damage_taken":0,"max_hp_gain":0,"max_hp_loss":0,"event_name":"Designer","floor":20,"gold_loss":90,"cards_upgraded":["Bite"]},{"damage_healed":0,"gold_gain":0,"player_choice":"Stole Relic","damage_taken":0,"relics_obtained":["Red Skull"],"max_hp_gain":0,"max_hp_loss":0,"event_name":"Addict","floor":22,"gold_loss":0,"cards_obtained":["Shame"]},{"damage_healed":22,"gold_gain":0,"player_choice":"Heal","damage_taken":0,"max_hp_gain":0,"max_hp_loss":0,"event_name":"The Library","floor":29,"gold_loss":0}],"is_beta":false,"boss_relics":[{"not_picked":["Snecko Eye","Calling Bell"],"picked":"Velvet Choker"}],"items_purged_floors":[25],"is_endless":false,"potions_floor_spawned":[7,11,16,18,23,31],"killed_by":"Automaton","ascension_level":5}}