{"host":"97feeoqujgl2pi7v","time":1609839975,"event":{"mods":["AchievementEnabler","Act Like it!","Aspiration","Bard","BaseMod","Better Third Choice","Colored Map","Colored Powertips","Conspire","DeckTracker","Downfall","Duelist Mod","Gensokyo","GifTheSpireLib","Gremlin Mod","Halation","Hallownest","Hermit","Hubris","Infinite Spire","Jorbs\u0027s Wanderer Trilogy","Koishi","Mad Scientist","Marisa（霧雨　魔理沙）","Minty Spire (QoL Compilation)","Rare Cards Sparkle","Reimu（博丽灵梦）","Replay The Spire","Robot Space Explorer","Shop Mod","StSLib","Td1madao Mod","The Administrix","The Animator","The Blackbeard","The Bladedancer","The Bug Knight","The Construct","The Cursed","The Disciple","The Dragon Tamer","The Marked","The Mystic","The Necromancer","The Runesmith","The Saiyan","The Senshi","The Servant 0.9.4","TheBandit","Yuri Mod"],"gold_per_floor":[117,133,133,133,146,146,161,177,249,68,80,91,103,121,121,217,217,235,235,253,253,253],"floor_reached":21,"playtime":2373,"items_purged":[],"score":177,"play_id":"c5d4f0f4-4661-407c-a639-0396834a1685","local_time":"20210105044615","is_ascension_mode":false,"campfire_choices":[{"data":"RobotSpaceExplorer:Discharger","floor":6,"key":"SMITH"},{"floor":15,"key":"REST"}],"circlet_count":0,"master_deck":["RobotSpaceExplorer:Strike","RobotSpaceExplorer:Strike","RobotSpaceExplorer:Strike","RobotSpaceExplorer:Defend","RobotSpaceExplorer:Defend","RobotSpaceExplorer:Defend","RobotSpaceExplorer:Defend","RobotSpaceExplorer:Scan","RobotSpaceExplorer:MiniLasers","RobotSpaceExplorer:PowerCollector+1","RobotSpaceExplorer:DualCore","RobotSpaceExplorer:Discharger+1","RobotSpaceExplorer:Pulsar","RobotSpaceExplorer:PowerGlove","RobotSpaceExplorer:PowerGlove","RobotSpaceExplorer:ShockKick","RobotSpaceExplorer:MiniDrones","RobotSpaceExplorer:Arsenal","RobotSpaceExplorer:Fix","RobotSpaceExplorer:Counterblock","RobotSpaceExplorer:ScrapMissile","RobotSpaceExplorer:Asteroid","RobotSpaceExplorer:MiniDrones+1","RobotSpaceExplorer:BigMissile","theDuelist:Hinotama"],"relics":["RobotSpaceExplorer:RoboCore","aspiration:SecretTechniqueScroll","PrismaticShard"],"acts_visited":["Exordium","TheCity"],"potions_floor_usage":[14,16,16],"damage_taken":[{"damage":1,"enemies":"2 Louse","floor":1,"turns":4},{"damage":2,"enemies":"Small Slimes","floor":2,"turns":4},{"damage":0,"enemies":"Cultist","floor":5,"turns":3},{"damage":11,"enemies":"Lots of Slimes","floor":7,"turns":6},{"damage":10,"enemies":"3 Louse","floor":8,"turns":5},{"damage":1,"enemies":"2 Fungi Beasts","floor":11,"turns":2},{"damage":11,"enemies":"Exordium Wildlife","floor":12,"turns":5},{"damage":8,"enemies":"Large Slime","floor":13,"turns":5},{"damage":2,"enemies":"2 Fungi Beasts","floor":14,"turns":4},{"damage":20,"enemies":"Hexaghost","floor":16,"turns":11},{"damage":12,"enemies":"Shell Parasite","floor":18,"turns":5},{"damage":23,"enemies":"2 Thieves","floor":20,"turns":4},{"damage":0,"enemies":"Snake Plant","floor":21,"turns":1}],"seed_played":"111694264856602966","potions_obtained":[{"floor":7,"key":"Elixir"},{"floor":8,"key":"SteroidPotion"},{"floor":13,"key":"AttackPotion"},{"floor":14,"key":"Dexterity Potion"},{"floor":16,"key":"CultistPotion"},{"floor":20,"key":"FearPotion"}],"is_trial":false,"path_per_floor":["M","M","?","?","M","R","M","M","T","$","M","M","M","M","R","B",null,"M","?","M","M"],"character_chosen":"RobotSpaceExplorer","items_purchased":["RobotSpaceExplorer:PowerGlove","RobotSpaceExplorer:ShockKick","RobotSpaceExplorer:MiniDrones"],"campfire_rested":1,"item_purchase_floors":[10,10,10],"current_hp_per_floor":[81,79,79,79,79,79,68,58,58,58,57,46,42,44,68,52,82,74,66,47,47,47],"gold":253,"neow_bonus":"TEN_PERCENT_HP_BONUS","is_daily":false,"chose_seed":false,"campfire_upgraded":1,"win_rate":0.0,"timestamp":1609839975,"path_taken":["M","M","?","?","M","R","M","M","T","$","M","?","?","M","R","BOSS","M","?","M","M"],"items_purchased_type":["Card","Card","Card"],"build_version":"2020-12-22","purchased_purges":0,"victory":false,"max_hp_per_floor":[82,82,82,82,82,82,82,82,82,82,82,82,82,82,82,82,82,82,82,82,82,82],"card_choices":[{"not_picked":["RobotSpaceExplorer:IronShell","RobotSpaceExplorer:MetalStrike"],"picked":"RobotSpaceExplorer:PowerCollector","floor":1},{"not_picked":["RobotSpaceExplorer:StunGrenade","RobotSpaceExplorer:MetalStrike"],"picked":"RobotSpaceExplorer:DualCore","floor":2},{"not_picked":["RobotSpaceExplorer:ScrapMissile","RobotSpaceExplorer:FranticSearch"],"picked":"RobotSpaceExplorer:Discharger","floor":5},{"not_picked":["RobotSpaceExplorer:GlueShot","RobotSpaceExplorer:Probe"],"picked":"RobotSpaceExplorer:Pulsar","floor":7},{"not_picked":["RobotSpaceExplorer:SurgingShield","RobotSpaceExplorer:Fix"],"picked":"RobotSpaceExplorer:PowerGlove","floor":8},{"not_picked":["RobotSpaceExplorer:GlueShot","RobotSpaceExplorer:SlimeMissile"],"picked":"RobotSpaceExplorer:Arsenal","floor":11},{"not_picked":["RobotSpaceExplorer:StarDust","RobotSpaceExplorer:FranticSearch"],"picked":"RobotSpaceExplorer:Fix","floor":12},{"not_picked":["RobotSpaceExplorer:ShockKick","RobotSpaceExplorer:Scanner"],"picked":"RobotSpaceExplorer:Counterblock","floor":13},{"not_picked":["RobotSpaceExplorer:Probe","RobotSpaceExplorer:MiniDrones"],"picked":"RobotSpaceExplorer:ScrapMissile","floor":14},{"not_picked":["RobotSpaceExplorer:Wormhole","RobotSpaceExplorer:Exploration"],"picked":"RobotSpaceExplorer:Asteroid","floor":16},{"not_picked":["RobotSpaceExplorer:GlueShot","RobotSpaceExplorer:ScrapMissile"],"picked":"RobotSpaceExplorer:MiniDrones+1","floor":18},{"not_picked":["RobotSpaceExplorer:ScrapMissile+1","RobotSpaceExplorer:GlueShot+1"],"picked":"RobotSpaceExplorer:BigMissile","floor":19},{"not_picked":["Runesmith:Terraform","RobotSpaceExplorer:Reload"],"picked":"theDuelist:Hinotama","floor":20}],"player_experience":417740,"relics_obtained":[{"floor":19,"key":"PrismaticShard"}],"event_choices":[{"damage_healed":0,"gold_gain":0,"player_choice":"Grow","damage_taken":0,"max_hp_gain":0,"max_hp_loss":0,"event_name":"Living Wall","floor":3,"gold_loss":0,"cards_upgraded":["RobotSpaceExplorer:PowerCollector"]},{"cards_removed":["RobotSpaceExplorer:Strike"],"damage_healed":0,"gold_gain":0,"player_choice":"Offered Basic","damage_taken":0,"max_hp_gain":0,"max_hp_loss":0,"event_name":"Bonfire Elementals","floor":4,"gold_loss":0}],"is_beta":false,"boss_relics":[{"not_picked":["halation:SmartPhone","halation:ForbiddenBikini"],"picked":"aspiration:SecretTechniqueScroll"}],"items_purged_floors":[],"is_endless":false,"potions_floor_spawned":[7,8,13,14,16,20],"killed_by":"Snake Plant","ascension_level":0}}