{"host":"ig7tc0uedzltt2sr","time":1609826969,"event":{"mods":["BaseMod","Better Twitch Integration","Block Reminder","Colored Map","Colored Powertips","Communication Mod","Current Relic Mod","GifTheSpireLib","HexUI Lib","Minty Spire (QoL Compilation)","Quick Restart","Random Character Button","Rare Cards Sparkle","Relic Sorter","Relic Stats","Slay the Relics Exporter","StSLib","SuperFastMode","Synergy Search","Twitch Decklist","Twitch Utils","everything is the same but u backflip on backflip","slay the spire mod where everything is the same but ironclad has a cowboy hat"],"gold_per_floor":[109,120,130,148,113,113,113,128,128,128,142,157,157,172,172,172,172],"floor_reached":16,"playtime":127,"items_purged":[],"score":98,"play_id":"69d8aa9a-ff46-40b5-b2d4-6c480dfe0672","local_time":"20210104220929","is_ascension_mode":false,"campfire_choices":[{"floor":6,"key":"REST"},{"data":"Rampage","floor":13,"key":"SMITH"},{"data":"Disarm","floor":15,"key":"SMITH"}],"circlet_count":0,"master_deck":["Strike_R","Strike_R","Strike_R","Strike_R","Strike_R","Defend_R","Defend_R","Defend_R","Defend_R","Bash","Rampage+1","Dual Wield","Rampage","Combust","Reckless Charge","Disarm+1","Rampage","Demon Form","Feel No Pain"],"relics":["Burning Blood","Eternal Feather"],"acts_visited":["Exordium"],"potions_floor_usage":[],"damage_taken":[{"damage":40,"enemies":"Jaw Worm","floor":1,"turns":11},{"damage":8,"enemies":"2 Louse","floor":2,"turns":3},{"damage":12,"enemies":"Cultist","floor":3,"turns":6},{"damage":31,"enemies":"Large Slime","floor":4,"turns":12},{"damage":17,"enemies":"Exordium Thugs","floor":5,"turns":5},{"damage":5,"enemies":"Looter","floor":8,"turns":3},{"damage":18,"enemies":"3 Louse","floor":11,"turns":4},{"damage":17,"enemies":"2 Fungi Beasts","floor":12,"turns":4},{"damage":9,"enemies":"Blue Slaver","floor":14,"turns":4},{"damage":59,"enemies":"Slime Boss","floor":16,"turns":6}],"seed_played":"9201399212986957265","potions_obtained":[{"floor":1,"key":"FearPotion"},{"floor":5,"key":"Energy Potion"},{"floor":8,"key":"AttackPotion"},{"floor":12,"key":"SneckoOil"}],"is_trial":false,"path_per_floor":["M","M","M","M","M","R","?","M","T","?","M","M","R","M","R","B"],"character_chosen":"IRONCLAD","items_purchased":[],"campfire_rested":1,"item_purchase_floors":[],"current_hp_per_floor":[54,52,46,21,10,36,65,66,66,66,54,43,52,49,58,0,0],"gold":172,"neow_bonus":"TEN_PERCENT_HP_BONUS","is_daily":false,"chose_seed":false,"campfire_upgraded":2,"win_rate":0.0,"timestamp":1609826969,"path_taken":["M","M","M","M","M","R","?","M","T","?","M","M","R","M","R","BOSS"],"items_purchased_type":[],"build_version":"2020-12-22","purchased_purges":0,"victory":false,"max_hp_per_floor":[88,88,88,88,88,88,88,88,88,88,88,88,88,88,88,88,88],"relic_stats":{"counters":[10,58],"Eternal Feather":18,"obtain_stats":[{"Eternal Feather":9,"Burning Blood":0},{"Eternal Feather":6,"Burning Blood":0},{"Eternal Feather":40,"Burning Blood":0}],"Burning Blood":54},"card_choices":[{"not_picked":["Flame Barrier","Body Slam"],"picked":"Rampage","floor":1},{"not_picked":["Burning Pact","Shrug It Off"],"picked":"Dual Wield","floor":2},{"not_picked":["Pommel Strike","Intimidate"],"picked":"Rampage","floor":3},{"not_picked":["Anger","Iron Wave"],"picked":"Combust","floor":4},{"not_picked":["Pommel Strike","Havoc"],"picked":"Reckless Charge","floor":5},{"not_picked":["Thunderclap","Body Slam"],"picked":"Disarm","floor":8},{"not_picked":["Rage","True Grit"],"picked":"Rampage","floor":11},{"not_picked":["Bloodletting","Pommel Strike"],"picked":"Demon Form","floor":12},{"not_picked":["True Grit","Anger"],"picked":"Feel No Pain","floor":14}],"player_experience":1427240,"relics_obtained":[{"floor":9,"key":"Eternal Feather"}],"event_choices":[{"damage_healed":29,"gold_gain":0,"player_choice":"Banana","damage_taken":0,"max_hp_gain":0,"max_hp_loss":0,"event_name":"Big Fish","floor":7,"gold_loss":0},{"damage_healed":0,"gold_gain":0,"player_choice":"Ignored","damage_taken":0,"max_hp_gain":0,"max_hp_loss":0,"event_name":"Golden Idol","floor":10,"gold_loss":0}],"is_beta":false,"boss_relics":[],"items_purged_floors":[],"is_endless":false,"potions_floor_spawned":[1,5,8,12],"killed_by":"Slime Boss","ascension_level":0}}