{"host":"jrpypersx2nqejuc","time":1609830452,"event":{"mods":["2.2 Compatiblity","AlwaysNeverKeys","Arknights The Spire","BaseMod","Better Sensory Stone","Better Skull","BetterRewards","CapriCore","Card Forge","Colored Map","Colored Powertips","Conspire","Displayed Cursed Tome","Downfall","Energized Spire","Highlight Path","Infinite Spire","Jorbs\u0027s Wanderer Trilogy","Marked Mod","Minty Spire (QoL Compilation)","Replay The Spire","Shop Mod","StSLib","The Animator","Wandering Minibosses","??????REMEMod"],"gold_per_floor":[167,167,235,250,291,404,504,593,593,682,738,282,291,366,425,664,664,734,743,743,293,347,452,546,600,624,683,807,870,948,1485,1485,1695,1740,1802,1932,1954,2004,2069,2152,2152,2248,2274,2478,2543,2593,2643,2669,2889,2967,2967,2967,2502,2545,2563],"floor_reached":56,"playtime":4986,"items_purged":[],"score":1907,"play_id":"238087a2-1607-48c8-90dd-de5bafced2f1","local_time":"20210104230732","is_ascension_mode":false,"campfire_choices":[{"floor":32,"key":"DIG"},{"floor":41,"key":"REST"},{"floor":52,"key":"REST"}],"circlet_count":0,"master_deck":["ats:Armor Crushing Shot+1","ats:Emotion Absorption+1","animator:BlackLotus+1","expansioncontent:DecasProtection+1","FameAndFortune+1","Finesse+1","Flash of Steel+1","Pot Of Greed+1","animator:Defend_Konosuba+1","animator:Defend_GATE+1","animator:Strike_TenSura+1","Insight+1","Master of Strategy+1","Miracle+1","ReplayTheSpireMod:Private Reserves+1","animator:Yusarin+1","ats:Hook Shot+1","ats:Sword Rain+1","ats:Flame Of Heaven+1","ats:Poison Spread+1","ats:Red Shift+1","ats:Consecutive Shot Auto+1","infinitespire:Menacing+1","ats:Wolf Pack+1","ReplayTheSpireMod:Echoes of Time+1","ats:Thorns+1","ats:Poison Spread+1","Pot Of Greed+1","Pot Of Greed+1","Pot Of Greed+1","ats:Sunburst+1","ats:Powerful Strike+1","Thinking Ahead+1","ats:Wolf Pack+1","ats:Roar Of Ursus+1","stsjorbsmod:Withering","Pot Of Greed+1","ats:Ignite+1","ats:Ignite+1","infinitespire:Execution+1","infinitespire:UltimateForm+1","REME_MagicPocketWatch+1","ats:Overload+1","ats:Part Time Job+1","ats:Part Time Job+1","REME_ProfessionalPlagiarism+1"],"relics":["ats:Sanity","Hammer of Thor","Seething Fire","Anvil of the Gods","REME_ComplimentaryCards","NeowsBlessing","ats:Originium","Replay:WaspNest","REME_ArchaeologicalTools","MerchantsRug","infinitespire:Golems Mask","infinitespire:Beetle Shell","Bronze Scales","ats:Omniscience","SsserpentHead","conspire:Dentures","Anchor","Grinning Jar","Regal Pillow","Orichalcum","wanderingMiniBosses:LockLocket","PreservedInsect","Replay:Mystery Machine","Singing Bowl","FossilizedHelix","Golden Egg","infinitespire:Lucky Rock","Happy Flower","conspire:Boomerang","ats:Ability Aura","Replay:Bottled Snecko","Toy Ornithopter","Oddly Smooth Stone","infinitespire:EmpoweringShard","Medical Kit","Boot","ReplayTheSpireMod:Lightbulb"],"acts_visited":["Exordium","TheCity","TheBeyond","TheEnding"],"potions_floor_usage":[7,7,10,10,23,23,23,42,50,50,50,54,55,55,55],"damage_taken":[{"damage":0,"enemies":"2 Louse","floor":1,"turns":1},{"damage":0,"enemies":"Cultist","floor":3,"turns":1},{"damage":0,"enemies":"Small Slimes","floor":4,"turns":1},{"damage":0,"enemies":"2 Fungi Beasts","floor":5,"turns":1},{"damage":0,"enemies":"Lagavulin","floor":6,"turns":2},{"damage":1,"enemies":"Exordium Wildlife","floor":7,"turns":2},{"damage":0,"enemies":"3 Sentries","floor":10,"turns":3},{"damage":0,"enemies":"Red Slaver","floor":11,"turns":2},{"damage":0,"enemies":"The Guardian","floor":16,"turns":4},{"damage":0,"enemies":"conspire:FuzzyDice","floor":18,"turns":2},{"damage":0,"enemies":"Spheric Guardian","floor":22,"turns":2},{"damage":0,"enemies":"Nightmare","floor":23,"turns":3},{"damage":0,"enemies":"Snecko","floor":24,"turns":3},{"damage":0,"enemies":"REME_1_Revenger","floor":25,"turns":4},{"damage":0,"enemies":"conspire:HollyBat","floor":28,"turns":5},{"damage":0,"enemies":"Slavers","floor":29,"turns":3},{"damage":0,"enemies":"Shelled Parasite and Fungi","floor":30,"turns":3},{"damage":0,"enemies":"Snake Plant","floor":31,"turns":7},{"damage":0,"enemies":"Collector","floor":33,"turns":4},{"damage":0,"enemies":"3 Shapes","floor":35,"turns":3},{"damage":0,"enemies":"Mind Bloom Boss Battle","floor":36,"turns":3},{"damage":0,"enemies":"3 Darklings","floor":37,"turns":3},{"damage":0,"enemies":"Sphere and 2 Shapes","floor":39,"turns":3},{"damage":0,"enemies":"R_Hoarder","floor":40,"turns":5},{"damage":0,"enemies":"Nightmare","floor":42,"turns":5},{"damage":0,"enemies":"infinitespire:Three Voidlings","floor":44,"turns":3},{"damage":0,"enemies":"Nightmare_Alpha","floor":44,"turns":6},{"damage":0,"enemies":"Giant Head","floor":45,"turns":2},{"damage":0,"enemies":"Writhing Mass","floor":48,"turns":4},{"damage":0,"enemies":"Donu and Deca","floor":50,"turns":7},{"damage":0,"enemies":"Shield and Spear","floor":54,"turns":4},{"damage":71,"enemies":"The Heart","floor":55,"turns":6}],"seed_played":"-2375229336140787189","potions_obtained":[{"floor":1,"key":"Toxic Potion"},{"floor":5,"key":"EssenceOfSteel"},{"floor":6,"key":"REME_GoldPotion"},{"floor":7,"key":"SkillPotion"},{"floor":11,"key":"Venom Potion"},{"floor":18,"key":"SkillPotion"},{"floor":22,"key":"DistilledChaos"},{"floor":30,"key":"Fire Potion"},{"floor":36,"key":"SpeedPotion"},{"floor":40,"key":"DistilledChaos"},{"floor":44,"key":"PowerPotion"},{"floor":47,"key":"SkillPotion"},{"floor":54,"key":"Strength Potion"}],"is_trial":false,"path_per_floor":["M","?","M","M","M","E","M","?","T","E","M","$","?","?","R_BF","B",null,"M","AVR","?","$","M","NM","M","E","T","?","M","E","M","M","R_BF","B",null,"M","?","M","?","M","E","R","NM","T","?","E","T","?","M","R_BF","B",null,"R","$","E","B",null],"character_chosen":"DOCTOR_CLASS","items_purchased":["MerchantsRug","infinitespire:Golems Mask","conspire:Dentures","Anchor","ats:Thorns","infinitespire:EmpoweringShard","Medical Kit","Boot","ats:Part Time Job","REME_ProfessionalPlagiarism","ColorlessPotion","Dexterity Potion","Block Potion"],"campfire_rested":2,"item_purchase_floors":[12,12,21,21,21,53,53,53,53,53,53,53,53],"current_hp_per_floor":[72,72,72,72,72,72,71,71,71,72,72,72,53,42,42,42,72,72,72,72,72,72,72,72,72,72,72,72,72,72,72,72,72,72,74,76,76,76,78,78,78,80,80,80,82,82,82,82,11,27,82,82,82,84,31],"gold":2563,"neow_bonus":"THREE_ENEMY_KILL","is_daily":false,"chose_seed":false,"campfire_upgraded":0,"win_rate":0.0,"timestamp":1609830452,"path_taken":["M","?","?","M","M","E","M","?","T","E","M","$","?","?","R_BF","BOSS","M","AVR","?","$","M","NM","?","E","T","?","?","E","M","M","R_BF","BOSS","M","?","M","?","?","E","R","NM","T","?","E","?","?","M","R_BF","BOSS","R","$","E","BOSS"],"items_purchased_type":["Relic","Relic","Relic","Relic","Card","Relic","Relic","Relic","Card","Card","Potion","Potion","Potion"],"build_version":"2020-12-22","purchased_purges":0,"victory":true,"max_hp_per_floor":[72,72,72,72,72,72,72,72,72,72,72,72,72,72,72,72,72,72,72,72,72,72,72,72,72,72,72,72,72,72,72,72,72,72,74,76,76,76,78,78,78,80,80,80,82,82,82,82,82,82,82,82,82,84,84],"card_choices":[{"not_picked":["ats:Apocalypse","ats:Shell Defense","ats:Assault Order"],"picked":"SKIP","floor":1},{"not_picked":["ats:Powerful Strike","ats:Ignite"],"picked":"ats:Hook Shot","floor":3},{"not_picked":["ats:Cat Scratch","ats:Leaping Hammer"],"picked":"ats:Sword Rain","floor":4},{"not_picked":["ats:Directed Diagnosis","ats:Childhood Dance"],"picked":"ats:Flame Of Heaven","floor":5},{"not_picked":["ats:Childhood Dance","ats:Healing Strengthening"],"picked":"ats:Poison Spread","floor":6},{"not_picked":["ats:Shadow Raid","ats:Leaping Hammer","ats:Charging Defense"],"picked":"SKIP","floor":7},{"not_picked":["ats:Song Of Battle","ats:Rat Pack"],"picked":"ats:Red Shift","floor":10},{"not_picked":["ats:Assault Order","ats:Flexible Camouflage"],"picked":"ats:Consecutive Shot Auto","floor":11},{"not_picked":["infinitespire:FutureSight","infinitespire:UltimateForm"],"picked":"infinitespire:Menacing","floor":13},{"not_picked":["ats:Roar Of Ursus","ats:True Silver Slash"],"picked":"ats:Wolf Pack","floor":16},{"not_picked":["ats:Shell Defense","ats:Cat Scratch+1","Transmutation"],"picked":"ats:Powerful Strike","floor":18},{"not_picked":["ats:Explosion Area Strengthen","ats:Red Shift","Apotheosis"],"picked":"ats:Poison Spread","floor":22},{"not_picked":["ats:Shell Defense","ats:Flexible Camouflage+1","expansioncontent:DefensiveMode"],"picked":"ats:Sunburst","floor":23},{"not_picked":["ats:Revitalization","ats:Flexible Camouflage","ats:Powerful Strike","expansioncontent:LastStand"],"picked":"SKIP","floor":24},{"not_picked":["ats:Consecutive Shot Auto","ats:Fractured Body","ats:Flame Of Heaven","Apotheosis"],"picked":"SKIP","floor":25},{"not_picked":["ats:Collapsing Strike","ats:Consecutive Shot Auto","ats:Hammer On","Swift Strike"],"picked":"SKIP","floor":28},{"not_picked":["ats:Collapsing Strike","ats:Consecutive Shot Auto","ats:Hammer On","Swift Strike"],"picked":"SKIP","floor":28},{"not_picked":["ats:Charging Defense","ats:Poison Spread","ats:Hammer On","expansioncontent:DefensiveStance"],"picked":"SKIP","floor":29},{"not_picked":["ats:Curse Doll+1","ats:Hammer On","ats:Charging Defense","ReplayTheSpireMod:Trickstab"],"picked":"SKIP","floor":30},{"not_picked":["ats:Cat Scratch+1","ats:Composite Medical Shells+1","ats:Revitalization"],"picked":"Thinking Ahead","floor":31},{"not_picked":["ats:Calcification","ats:Ambush","expansioncontent:AwakenDeath+1"],"picked":"ats:Wolf Pack","floor":33},{"not_picked":["ats:Fractured Body","ats:Wolf Pack"],"picked":"ats:Roar Of Ursus","floor":34},{"not_picked":["Delirium","Parasite","AbeCurse"],"picked":"Sickly","floor":34},{"not_picked":["conspire:Blindness","Replay:Hysterical Blindness","Delirium"],"picked":"stsjorbsmod:Withering","floor":34},{"not_picked":["Replay:Hysterical Blindness","Normality","infinitespire:Pacifist"],"picked":"Spreading Infection","floor":34},{"not_picked":["ats:Very Hot Blade","ats:Revitalization","ats:Consecutive Shot Auto","Magnetism"],"picked":"Singing Bowl","floor":35},{"not_picked":["ats:Hammer On+1","ats:Leaping Hammer+1","ats:Rat Pack","expansioncontent:ChargeUp"],"picked":"Singing Bowl","floor":36},{"not_picked":["ats:Very Hot Blade+1","ats:Charging Defense","Specialist+1"],"picked":"ats:Ignite","floor":37},{"not_picked":["ats:Spore Proliferation","ats:Overload","ats:Powerful Strike+1","expansioncontent:Corrupt"],"picked":"Singing Bowl","floor":39},{"not_picked":["ats:Healing Strengthening","ats:Powerful Strike","expansioncontent:Collect+1"],"picked":"ats:Ignite+1","floor":40},{"not_picked":["infinitespire:Collect","infinitespire:FutureSight"],"picked":"infinitespire:Execution","floor":42},{"not_picked":["ats:Shell Defense+1","ats:Composite Medical Shells","ats:Thermite Blade+1","expansioncontent:Corrupt"],"picked":"Singing Bowl","floor":42},{"not_picked":["infinitespire:FutureSight","infinitespire:SevenWalls"],"picked":"infinitespire:UltimateForm","floor":44},{"not_picked":["ats:Chain Hook+1","ats:Spore Proliferation+1","ats:Sunburst"],"picked":"REME_MagicPocketWatch+1","floor":44},{"not_picked":["ats:Part Time Job","ats:Shadow Raid","ats:Volcano","Forethought"],"picked":"Singing Bowl","floor":45},{"not_picked":["ats:Curse Doll","ats:Apocalypse+1","REME_BattleFury"],"picked":"ats:Overload","floor":48},{"not_picked":["ats:Shell Defense","ats:Magnetic Hammer+1","ats:Childhood Dance+1"],"picked":"Singing Bowl","floor":54}],"player_experience":635650,"relics_obtained":[{"floor":6,"key":"ats:Originium"},{"floor":6,"key":"CeramicFish"},{"floor":9,"key":"Replay:WaspNest"},{"floor":10,"key":"ats:Originium"},{"floor":10,"key":"REME_ArchaeologicalTools"},{"floor":17,"key":"infinitespire:Beetle Shell"},{"floor":17,"key":"Simple Rune"},{"floor":23,"key":"ats:Originium"},{"floor":23,"key":"Grinning Jar"},{"floor":25,"key":"Regal Pillow"},{"floor":26,"key":"Orichalcum"},{"floor":29,"key":"War Paint"},{"floor":31,"key":"wanderingMiniBosses:LockLocket"},{"floor":32,"key":"PreservedInsect"},{"floor":36,"key":"FossilizedHelix"},{"floor":40,"key":"Golden Egg"},{"floor":42,"key":"infinitespire:Lucky Rock"},{"floor":43,"key":"Happy Flower"},{"floor":44,"key":"conspire:Boomerang"},{"floor":45,"key":"ats:Ability Aura"},{"floor":46,"key":"Replay:Bottled Snecko"},{"floor":54,"key":"ReplayTheSpireMod:Lightbulb"}],"event_choices":[{"damage_healed":0,"gold_gain":0,"player_choice":"Ignored","damage_taken":0,"max_hp_gain":0,"max_hp_loss":0,"event_name":"Upgrade Shrine","floor":2,"gold_loss":0},{"damage_healed":0,"gold_gain":75,"player_choice":"Gather Gold","damage_taken":11,"max_hp_gain":0,"max_hp_loss":0,"event_name":"World of Goop","floor":14,"gold_loss":0},{"damage_healed":0,"gold_gain":0,"player_choice":"Trade","damage_taken":0,"relics_obtained":["SsserpentHead"],"max_hp_gain":0,"max_hp_loss":0,"event_name":"FaceTrader","floor":20,"gold_loss":0},{"cards_removed":["ats:Powerful Strike"],"damage_healed":5,"gold_gain":0,"player_choice":"Offered Common","damage_taken":0,"max_hp_gain":0,"max_hp_loss":0,"event_name":"Bonfire Elementals","floor":27,"gold_loss":0},{"cards_removed":["ats:Powerful Strike"],"damage_healed":5,"gold_gain":0,"player_choice":"Offered Special","damage_taken":0,"max_hp_gain":0,"max_hp_loss":0,"event_name":"Bonfire Elementals","floor":27,"gold_loss":0},{"damage_healed":0,"gold_gain":0,"player_choice":"Fight","damage_taken":0,"max_hp_gain":0,"max_hp_loss":0,"event_name":"MindBloom","floor":36,"gold_loss":0},{"damage_healed":0,"gold_gain":0,"player_choice":"Bought 0 Potions","damage_taken":0,"max_hp_gain":0,"max_hp_loss":0,"event_name":"The Woman in Blue","floor":38,"gold_loss":0},{"damage_healed":0,"gold_gain":0,"player_choice":"Got Potions","damage_taken":0,"max_hp_gain":0,"max_hp_loss":0,"event_name":"Lab","floor":47,"gold_loss":0},{"damage_healed":0,"gold_gain":220,"player_choice":"RE RE RE GO GO ","damage_taken":79,"relics_obtained":["Pet Ghost","Toy Ornithopter","Oddly Smooth Stone"],"max_hp_gain":0,"max_hp_loss":0,"event_name":"betterSkull:BetterSkull","floor":49,"gold_loss":0,"cards_upgraded":[]}],"is_beta":false,"boss_relics":[{"not_picked":["ReplayTheSpireMod:DimensionalGlitch","Kintsugi"],"picked":"REME_LowDesire"},{"not_picked":["Abe\u0027s Treasure","Ring of Chaos"],"picked":"Replay:Ancient Bell"},{"not_picked":["Bronze Scales","Smiling Mask"],"picked":"Replay:Mystery Machine"},{"not_picked":["REME_LimitBreaker","Quantum Egg"],"picked":"Singing Bowl"},{"not_picked":["conspire:InfiniteJournal","infinitespire:Magic Flask"],"picked":"conspire:GiftBox"}],"items_purged_floors":[],"is_endless":false,"potions_floor_spawned":[1,5,6,7,11,18,22,28,30,31,36,39,40,44,45,54],"ascension_level":0}}