{"host":"j356dfgkwbkgh9zu","time":1609828864,"event":{"mods":["2.2 Compatiblity","ATMod(阿瑾Mod)","Act Like it!","BaseMod","Colored Map","Colored Powertips","Hermit","Lobotomy","Luminous","Minty Spire (QoL Compilation)","Quick Restart","RumiaBox-露米娅的神秘盒子","Shop Mod","Spicy Shops","StSLib","The Marked","The Mystic","【功能Mod】混沌之环修复补丁","篝火指南"],"gold_per_floor":[159,120,120,195,195,231,231,231,254,353,365,365],"floor_reached":11,"playtime":2475,"items_purged":[],"score":138,"play_id":"f2a45bfc-7839-49a1-979c-ee2a0002967a","local_time":"20210105144104","daily_mods":["Vintage","Heirloom","Time Dilation","Flight","DeadlyEvents","Elite Swarm","Midas"],"is_ascension_mode":true,"campfire_choices":[{"floor":7.0,"key":"REST"},{"floor":8.0,"key":"REST"}],"circlet_count":0,"master_deck":["AscendersBane","hermit:Strike_Hermit","hermit:Strike_Hermit","hermit:Strike_Hermit","hermit:Strike_Hermit","hermit:Defend_Hermit","hermit:Defend_Hermit","hermit:Defend_Hermit","hermit:Defend_Hermit","hermit:Snapshot","hermit:Covet","AT_CaressingTears","hermit:BigShot","hermit:Adapt"],"relics":["hermit:Momento","mysticmod:CrystalBall","AT_ATBox","AT_Kusabimaru","Smiling Mask","Toy Ornithopter","Anchor","Happy Flower","MawBank","ZombieArmy"],"acts_visited":["Exordium"],"potions_floor_usage":[],"damage_taken":[{"damage":7.0,"enemies":"Cultist","floor":1.0,"turns":4.0},{"damage":7.0,"enemies":"Jaw Worm","floor":6.0,"turns":4.0},{"damage":52.0,"enemies":"Gremlin Nob","floor":10.0,"turns":5.0},{"damage":0,"enemies":"Lagavulin","floor":11,"turns":2}],"seed_played":"4934601473267818582","potions_obtained":[{"floor":6.0,"key":"Dexterity Potion"}],"is_trial":true,"path_per_floor":["M","$","T","?","?","M","R","R","T","E","E"],"character_chosen":"HERMIT","items_purchased":["hermit:BigShot"],"campfire_rested":2,"item_purchase_floors":[2],"current_hp_per_floor":[57,57,57,46,28,21,42,63,63,16,16,16],"gold":365,"neow_bonus":"","is_daily":false,"chose_seed":false,"campfire_upgraded":0,"win_rate":0.0,"timestamp":1609828864,"path_taken":["M","?","?","?","?","M","R","R","T","E","?"],"items_purchased_type":["Card"],"build_version":"2020-12-22","purchased_purges":0,"victory":false,"max_hp_per_floor":[71,71,71,71,71,71,71,71,71,71,71,71],"card_choices":[{"not_picked":["hermit:Purgatory","hermit:BlackWind"],"picked":"hermit:Adapt","floor":10.0}],"player_experience":249585,"relics_obtained":[{"floor":1.0,"key":"Smiling Mask"},{"floor":3.0,"key":"Toy Ornithopter"},{"floor":6.0,"key":"Happy Flower"},{"floor":9.0,"key":"MawBank"},{"floor":10.0,"key":"ZombieArmy"}],"event_choices":[{"damage_healed":0.0,"max_hp_gain":0.0,"max_hp_loss":0.0,"gold_gain":75.0,"event_name":"World of Goop","player_choice":"Gather Gold","floor":4.0,"gold_loss":0.0,"damage_taken":11.0},{"damage_healed":0.0,"max_hp_gain":0.0,"max_hp_loss":0.0,"gold_gain":0.0,"event_name":"Scrap Ooze","player_choice":"Success","floor":5.0,"gold_loss":0.0,"damage_taken":18.0,"relics_obtained":["Anchor"]}],"is_beta":false,"boss_relics":[],"items_purged_floors":[],"is_endless":true,"potions_floor_spawned":[6],"killed_by":"Lagavulin","ascension_level":20}}