{"host":"vumwfieg2b2mnrfl","time":1609887605,"event":{"mods":["AchievementEnabler","BaseMod","Minty Spire (QoL Compilation)","Rare Cards Sparkle","Relic Stats"],"gold_per_floor":[113,132,149,149,3,3,3],"floor_reached":6,"playtime":99,"items_purged":[],"score":63,"play_id":"9e12c81d-52b2-4f70-a3a4-c1125be808fc","local_time":"20210105170005","is_ascension_mode":true,"campfire_choices":[],"circlet_count":0,"master_deck":["AscendersBane","Strike_R","Strike_R","Strike_R","Strike_R","Defend_R","Defend_R","Defend_R","Defend_R","Bash","Sentinel","Dual Wield","Ghostly Armor"],"relics":["Burning Blood","NeowsBlessing","OrangePellets"],"acts_visited":["Exordium"],"potions_floor_usage":[],"damage_taken":[{"damage":0,"enemies":"Small Slimes","floor":1,"turns":1},{"damage":0,"enemies":"Jaw Worm","floor":2,"turns":1},{"damage":0,"enemies":"2 Louse","floor":3,"turns":1},{"damage":88,"enemies":"Gremlin Nob","floor":6,"turns":6}],"seed_played":"5832100299485992302","potions_obtained":[{"floor":1,"key":"BlessingOfTheForge"},{"floor":2,"key":"PowerPotion"}],"is_trial":false,"path_per_floor":["M","M","M","?","$","E"],"character_chosen":"IRONCLAD","items_purchased":["OrangePellets"],"campfire_rested":0,"item_purchase_floors":[5],"current_hp_per_floor":[74,75,75,68,68,0,0],"gold":3,"neow_bonus":"THREE_ENEMY_KILL","is_daily":false,"chose_seed":false,"campfire_upgraded":0,"win_rate":0.0,"timestamp":1609887605,"path_taken":["M","M","M","?","$","E"],"items_purchased_type":["Relic"],"build_version":"2020-12-22","purchased_purges":0,"victory":false,"max_hp_per_floor":[75,75,75,75,75,75,75],"relic_stats":{"OrangePellets":[0],"counters":[4,9],"obtain_stats":[{"OrangePellets":5,"NeowsBlessing":0,"Burning Blood":0},{"OrangePellets":3,"NeowsBlessing":0,"Burning Blood":0},{"OrangePellets":3,"NeowsBlessing":0,"Burning Blood":0}],"Burning Blood":7},"card_choices":[{"not_picked":["Seeing Red","Wild Strike"],"picked":"Sentinel","floor":1},{"not_picked":["Bloodletting","Sword Boomerang"],"picked":"Dual Wield","floor":2},{"not_picked":["Sentinel","Twin Strike"],"picked":"Ghostly Armor","floor":3}],"player_experience":372195,"relics_obtained":[],"event_choices":[{"cards_removed":["Strike_R"],"damage_healed":0,"gold_gain":0,"player_choice":"Card Removal","damage_taken":7,"max_hp_gain":0,"max_hp_loss":0,"event_name":"Golden Wing","floor":4,"gold_loss":0}],"is_beta":false,"boss_relics":[],"items_purged_floors":[],"is_endless":false,"potions_floor_spawned":[1,2],"killed_by":"Gremlin Nob","ascension_level":15}}