{"host":"50qwps766cbz6ukm","time":1609838588,"event":{"mods":["BaseMod","Colored Map","Colored Powertips","DeckTracker","Highlight Path","Infinite Spire","Minty Spire (QoL Compilation)","Quick Restart","Remove Card Discount Mod","StSLib","SuperFastMode","Synergy Search"],"gold_per_floor":[114,125,125,125,48,81,81,81,81],"floor_reached":8,"playtime":229,"items_purged":["Regret","Strike_P","Strike_P","Strike_P","Strike_P","Eruption"],"score":68,"play_id":"10cdaf9d-a0b0-42a7-aac2-356d959ede70","local_time":"20210105112308","is_ascension_mode":true,"campfire_choices":[],"circlet_count":0,"master_deck":["Defend_P","Defend_P","Defend_P","Defend_P","Vigilance","The Bomb","EmptyBody","Prostrate","SignatureMove","SandsOfTime"],"relics":["PureWater","The Courier","Dream Catcher","Anchor"],"acts_visited":["Exordium"],"potions_floor_usage":[6],"damage_taken":[{"damage":0,"enemies":"Small Slimes","floor":1,"turns":3},{"damage":8,"enemies":"Jaw Worm","floor":2,"turns":4},{"damage":9,"enemies":"3 Sentries","floor":6,"turns":4},{"damage":0,"enemies":"Gremlin Nob","floor":8,"turns":1}],"seed_played":"853301612616923179","potions_obtained":[{"floor":1,"key":"Explosive Potion"}],"is_trial":false,"path_per_floor":["M","M","?","?","$","E","?","E"],"character_chosen":"WATCHER","items_purchased":["SignatureMove"],"campfire_rested":0,"item_purchase_floors":[5],"current_hp_per_floor":[65,57,57,57,57,48,48,48,48],"gold":81,"neow_bonus":"RANDOM_COLORLESS_2","is_daily":false,"chose_seed":false,"campfire_upgraded":0,"win_rate":0.0,"timestamp":1609838588,"path_taken":["M","M","?","?","$","E","?","E"],"items_purchased_type":["Card"],"build_version":"2020-12-22","purchased_purges":6,"victory":false,"max_hp_per_floor":[65,65,65,65,65,65,65,65,65],"card_choices":[{"not_picked":["Magnetism","Secret Weapon"],"picked":"The Bomb","floor":0},{"not_picked":["FlurryOfBlows","Protect"],"picked":"EmptyBody","floor":1},{"not_picked":["ClearTheMind","FollowUp"],"picked":"Prostrate","floor":2},{"not_picked":["FlyingSleeves","Worship"],"picked":"SandsOfTime","floor":6}],"player_experience":557671,"relics_obtained":[{"floor":4,"key":"Dream Catcher"},{"floor":6,"key":"Anchor"}],"event_choices":[{"damage_healed":0,"gold_gain":0,"player_choice":"Box","damage_taken":0,"relics_obtained":["The Courier"],"max_hp_gain":0,"max_hp_loss":0,"event_name":"Big Fish","floor":3,"gold_loss":0,"cards_obtained":["Regret"]},{"damage_healed":0,"gold_gain":0,"player_choice":"Leave","damage_taken":0,"max_hp_gain":0,"max_hp_loss":0,"event_name":"The Cleric","floor":7,"gold_loss":0}],"is_beta":false,"boss_relics":[],"items_purged_floors":[5,5,5,5,5,5],"is_endless":false,"potions_floor_spawned":[1],"killed_by":"Gremlin Nob","ascension_level":5}}