{"host":"qy1e0kd24tpj3i2m","time":1609887294,"event":{"mods":["Act Like it!","Alarm Clock","BaseMod","Better Skull","Better Vampires","Colored Map","Colored Powertips","Custom Start","Faster Ascension Climbing","Friendly Minions","GifTheSpireLib","Gremlin Skip","Highlight Path","Minty Spire (QoL Compilation)","Permanent Neow","Quick Restart","Red Circlet Mod","Relic Sorter","Reorder Act Four","SacredBarkPlus","Shop Mod","StSLib","SuperFastMode","Transform Curses","没有小屋子和绿帽子啦"],"gold_per_floor":[115,115,134,134,147,107,118,118,118,129,129,144,156,172,172,243,243,259,259,270,285,312,312,312,338,338,338,353,353,127,147,147,225,225,243,261,312,312,312],"floor_reached":38,"playtime":2933,"items_purged":[],"score":1030,"play_id":"ac2784f5-43b7-4d8f-b621-7b29da4fc8fd","local_time":"20210106075454","daily_mods":["SealedDeck"],"is_ascension_mode":true,"campfire_choices":[{"data":"Dark Embrace","floor":11.0,"key":"SMITH"},{"data":"Feel No Pain","floor":15.0,"key":"SMITH"},{"data":"Barricade","floor":23.0,"key":"SMITH"},{"data":"True Grit","floor":27.0,"key":"SMITH"},{"data":"True Grit","floor":29.0,"key":"SMITH"},{"data":"Body Slam","floor":32.0,"key":"SMITH"}],"circlet_count":0,"master_deck":["AscendersBane","Wild Strike","Wild Strike","Reckless Charge","Power Through","Uppercut","Reckless Charge","True Grit+1","Dark Embrace+1","Feel No Pain+1","True Grit+1","Pommel Strike","Juggernaut","Evolve","Body Slam+1","Seeing Red+1","Burning Pact+1","Flex+1","Barricade+1","Flame Barrier+1","Seeing Red+1","Entrench+1","Rage+1","Pommel Strike+1","Reaper+1","Reckless Charge+1"],"relics":["Burning Blood","FossilizedHelix","Toxic Egg 2","Coffee Dripper","Pen Nib","Molten Egg 2","Charon\u0027s Ashes","MerchantsRug","Philosopher\u0027s Stone","Shovel"],"acts_visited":["Exordium","TheCity","TheBeyond"],"potions_floor_usage":[],"damage_taken":[{"damage":0.0,"enemies":"2 Louse","floor":1.0,"turns":2.0},{"damage":0.0,"enemies":"Cultist","floor":3.0,"turns":3.0},{"damage":0.0,"enemies":"Jaw Worm","floor":5.0,"turns":2.0},{"damage":0.0,"enemies":"Large Slime","floor":7.0,"turns":6.0},{"damage":8.0,"enemies":"Exordium Thugs","floor":10.0,"turns":5.0},{"damage":7.0,"enemies":"3 Louse","floor":12.0,"turns":3.0},{"damage":0.0,"enemies":"2 Fungi Beasts","floor":13.0,"turns":2.0},{"damage":10.0,"enemies":"Blue Slaver","floor":14.0,"turns":3.0},{"damage":0.0,"enemies":"Slime Boss","floor":16.0,"turns":6.0},{"damage":0.0,"enemies":"Spheric Guardian","floor":18.0,"turns":4.0},{"damage":4.0,"enemies":"2 Thieves","floor":20.0,"turns":4.0},{"damage":0.0,"enemies":"3 Cultists","floor":21.0,"turns":5.0},{"damage":14.0,"enemies":"Slavers","floor":25.0,"turns":4.0},{"damage":16.0,"enemies":"Snake Plant","floor":28.0,"turns":3.0},{"damage":0.0,"enemies":"Snecko","floor":31.0,"turns":7.0},{"damage":0.0,"enemies":"Automaton","floor":33.0,"turns":6.0},{"damage":0.0,"enemies":"Orb Walker","floor":35.0,"turns":3.0},{"damage":34.0,"enemies":"3 Darklings","floor":36.0,"turns":4.0},{"damage":25,"enemies":"2 Orb Walkers","floor":37,"turns":4},{"damage":54,"enemies":"Jaw Worm Horde","floor":38,"turns":2}],"seed_played":"1859208537232405260","potions_obtained":[{"floor":1.0,"key":"PowerPotion"},{"floor":10.0,"key":"EntropicBrew"},{"floor":13.0,"key":"Swift Potion"},{"floor":18.0,"key":"Explosive Potion"},{"floor":19.0,"key":"Strength Potion"},{"floor":28.0,"key":"EntropicBrew"},{"floor":33.0,"key":"ElixirPotion"}],"is_trial":true,"path_per_floor":["M","?","M","$","M","$","M","?","T","M","R","M","M","M","R","B",null,"M","?","M","M","T","R","?","E","T","R","M","R","$","M","R","B",null,"M","M","?","M"],"character_chosen":"IRONCLAD","items_purchased":["Evolve","MerchantsRug","Rage+1"],"campfire_rested":0,"item_purchase_floors":[6,30,30],"current_hp_per_floor":[74,74,75,75,75,75,75,75,75,73,73,72,75,71,71,75,75,75,75,75,75,75,75,75,67,67,67,57,57,57,63,63,69,74,75,47,28,0,0],"gold":312,"neow_bonus":"","is_daily":false,"chose_seed":false,"campfire_upgraded":6,"win_rate":0.0,"timestamp":1609887294,"path_taken":["M","?","M","$","M","$","?","?","T","?","R","M","M","M","R","BOSS","M","?","?","M","?","R","?","E","T","R","M","R","$","M","R","BOSS","M","M","?","M"],"items_purchased_type":["Card","Relic","Card"],"build_version":"2020-12-22","purchased_purges":0,"victory":false,"max_hp_per_floor":[75,75,75,75,75,75,75,75,75,75,75,75,75,75,75,75,75,75,75,75,75,75,75,75,75,75,75,75,75,75,75,75,75,75,75,75,75,75,75],"card_choices":[{"not_picked":["Clash","Heavy Blade"],"picked":"True Grit","floor":1.0},{"not_picked":["Shrug It Off","Warcry"],"picked":"Pommel Strike","floor":3.0},{"not_picked":["Havoc","Flex"],"picked":"Juggernaut","floor":5.0},{"not_picked":["Iron Wave","Flex"],"picked":"Body Slam","floor":7.0},{"not_picked":["Sword Boomerang","Havoc+1"],"picked":"Seeing Red+1","floor":10.0},{"not_picked":["Limit Break+1","Headbutt"],"picked":"Burning Pact+1","floor":12.0},{"not_picked":["Heavy Blade","Cleave"],"picked":"Flex+1","floor":13.0},{"not_picked":["Intimidate+1","Infernal Blade+1","Sword Boomerang"],"picked":"SKIP","floor":14.0},{"not_picked":["Juggernaut","Demon Form"],"picked":"Barricade","floor":16.0},{"not_picked":["Twin Strike+1","Thunderclap"],"picked":"Flame Barrier+1","floor":18.0},{"not_picked":["Warcry+1","Heavy Blade","Dual Wield+1"],"picked":"SKIP","floor":20.0},{"not_picked":["Disarm+1","Bloodletting+1","Havoc+1"],"picked":"SKIP","floor":21.0},{"not_picked":["Havoc+1","Flex+1"],"picked":"Seeing Red+1","floor":25.0},{"not_picked":["Shrug It Off+1","Twin Strike+1"],"picked":"Entrench+1","floor":28.0},{"not_picked":["Clash+1","Hemokinesis+1"],"picked":"Pommel Strike+1","floor":31.0},{"not_picked":["Fiend Fire+1","Offering+1"],"picked":"Reaper+1","floor":33.0},{"not_picked":["Headbutt+1","Heavy Blade+1"],"picked":"Reckless Charge+1","floor":35.0},{"not_picked":["Havoc+1","Sword Boomerang+1","Spot Weakness+1"],"picked":"SKIP","floor":36.0}],"player_experience":888440,"relics_obtained":[{"floor":9.0,"key":"Toxic Egg 2"},{"floor":22.0,"key":"Pen Nib"},{"floor":25.0,"key":"Molten Egg 2"},{"floor":26.0,"key":"Charon\u0027s Ashes"},{"floor":37,"key":"Shovel"}],"event_choices":[{"damage_healed":0.0,"max_hp_gain":0.0,"max_hp_loss":0.0,"gold_gain":0.0,"event_name":"WeMeetAgain","player_choice":"Gave Potion","floor":2.0,"gold_loss":0.0,"damage_taken":0.0,"relics_obtained":["FossilizedHelix"]},{"cards_removed":["Sword Boomerang"],"damage_healed":5.0,"max_hp_gain":0.0,"max_hp_loss":0.0,"gold_gain":0.0,"event_name":"Bonfire Elementals","player_choice":"Offered Common","floor":8.0,"gold_loss":0.0,"damage_taken":0.0},{"cards_removed":["Sword Boomerang"],"damage_healed":5.0,"max_hp_gain":0.0,"max_hp_loss":0.0,"gold_gain":0.0,"event_name":"Bonfire Elementals","player_choice":"Offered Special","floor":8.0,"gold_loss":0.0,"damage_taken":0.0},{"damage_healed":0.0,"max_hp_gain":0.0,"max_hp_loss":0.0,"gold_gain":0.0,"event_name":"Lab","player_choice":"Got Potions","floor":19.0,"gold_loss":0.0,"damage_taken":0.0},{"damage_healed":0.0,"max_hp_gain":0.0,"max_hp_loss":0.0,"gold_gain":0.0,"event_name":"Vampires","player_choice":"Ignored","floor":24.0,"gold_loss":0.0,"damage_taken":0.0},{"damage_healed":0,"gold_gain":0,"player_choice":"Fight","damage_taken":0,"max_hp_gain":0,"max_hp_loss":0,"event_name":"Mysterious Sphere","floor":37,"gold_loss":0}],"is_beta":false,"boss_relics":[{"not_picked":["Runic Dome","Sozu"],"picked":"Coffee Dripper"},{"not_picked":["Black Star","SacredBark"],"picked":"Philosopher\u0027s Stone"}],"items_purged_floors":[],"is_endless":false,"potions_floor_spawned":[1,10,13,18,28,31,33,37],"killed_by":"Jaw Worm Horde","ascension_level":20}}