{"host":"qswkx8hggytna0kc","time":1609840511,"event":{"mods":["Aspiration","BaseMod","BetterRewards","Colored Map","Colored Powertips","Highlight Path","Hubris","Mimic Mod","Minty Spire (QoL Compilation)","Quick Restart","Replay The Spire","StSLib","SuperFastMode"],"gold_per_floor":[117,135,135,145,156,156,166,166,166,193,207,207,221,221,221,221,221],"floor_reached":16,"playtime":311,"items_purged":[],"score":122,"play_id":"26c44800-11bd-424c-9861-5d28c74cc6f0","local_time":"20210105175511","is_ascension_mode":true,"campfire_choices":[{"data":"Zap","floor":6,"key":"SMITH"},{"data":"Crystallizer","floor":12,"key":"SMITH"},{"floor":15,"key":"REST"}],"circlet_count":0,"master_deck":["Strike_B","Strike_B","Strike_B+1","Strike_B","Defend_B","Defend_B","Defend_B+1","Zap+1","Dualcast","Beam Cell","FTL","ReplaySort","Gash","Self Repair+1","Crystallizer+1","Fission","Auto Shields"],"relics":["Cracked Core","NeowsBlessing","hubris:Teleporter","Odd Mushroom"],"acts_visited":["Exordium"],"potions_floor_usage":[13],"damage_taken":[{"damage":0.0,"enemies":"Jaw Worm","floor":1.0,"turns":1.0},{"damage":0.0,"enemies":"Cultist","floor":2.0,"turns":1.0},{"damage":0.0,"enemies":"Small Slimes","floor":4.0,"turns":1.0},{"damage":2,"enemies":"3 Louse","floor":5,"turns":3},{"damage":8,"enemies":"Exordium Wildlife","floor":7,"turns":4},{"damage":26,"enemies":"The Mushroom Lair","floor":10,"turns":4},{"damage":6,"enemies":"Looter","floor":11,"turns":2},{"damage":26,"enemies":"Exordium Thugs","floor":13,"turns":3},{"damage":34,"enemies":"Hexaghost","floor":16,"turns":9}],"seed_played":"-4302183558028652040","potions_obtained":[{"floor":1.0,"key":"Fire Potion"},{"floor":10,"key":"Dexterity Potion"},{"floor":13,"key":"Strength Potion"}],"is_trial":false,"path_per_floor":["M","M","?","M","M","R","M","?","T","?","M","R","M","?","R","B"],"character_chosen":"DEFECT","items_purchased":[],"campfire_rested":1,"item_purchase_floors":[],"current_hp_per_floor":[68,68,75,75,73,73,65,65,65,49,43,43,27,12,34,0,0],"gold":221,"neow_bonus":"THREE_ENEMY_KILL","is_daily":false,"chose_seed":false,"campfire_upgraded":2,"win_rate":0.0,"timestamp":1609840511,"path_taken":["M","M","?","M","M","R","?","?","T","?","M","R","?","?","R","BOSS"],"items_purchased_type":[],"build_version":"2020-12-22","purchased_purges":0,"victory":false,"max_hp_per_floor":[75,75,75,75,75,75,75,75,75,75,75,75,75,75,75,75,75],"card_choices":[{"not_picked":["Rebound","Hologram"],"picked":"aspiration:Polymerization","floor":1.0},{"not_picked":["ReplayTheSpireMod:GoodbyeWorld","Undo"],"picked":"Beam Cell","floor":2.0},{"not_picked":["Storm","Ball Lightning"],"picked":"FTL","floor":4.0},{"not_picked":["Hologram","Compile Driver"],"picked":"ReplaySort","floor":5},{"not_picked":["Leap","Beam Cell"],"picked":"Gash","floor":7},{"not_picked":["Coolheaded","Rebound"],"picked":"Crystallizer","floor":10},{"not_picked":["Hello World","Coolheaded"],"picked":"Fission","floor":11},{"not_picked":["Hologram","Lockon"],"picked":"Auto Shields","floor":13}],"player_experience":227441,"relics_obtained":[{"floor":9,"key":"hubris:Teleporter"},{"floor":10,"key":"Odd Mushroom"}],"event_choices":[{"cards_removed":["aspiration:Polymerization"],"damage_healed":7.0,"max_hp_gain":0.0,"max_hp_loss":0.0,"gold_gain":0.0,"event_name":"Bonfire Elementals","player_choice":"Offered Uncommon","floor":3.0,"gold_loss":0.0,"damage_taken":0.0},{"damage_healed":0,"gold_gain":0,"player_choice":"Fought Mushrooms","damage_taken":0,"max_hp_gain":0,"max_hp_loss":0,"event_name":"Mushrooms","floor":10,"gold_loss":0},{"damage_healed":0,"gold_gain":0,"player_choice":"Entered Light","damage_taken":15,"max_hp_gain":0,"max_hp_loss":0,"event_name":"Shining Light","floor":14,"gold_loss":0,"cards_upgraded":["Strike_B","Defend_B"]}],"is_beta":false,"boss_relics":[],"items_purged_floors":[],"is_endless":false,"potions_floor_spawned":[1,10,13],"killed_by":"Hexaghost","ascension_level":6}}