{"host":"p4zclu0beiy6gkiq","time":1609858150,"event":{"mods":["AchievementEnabler","BaseMod","Bestiary","Colored Map","Colored Powertips","DeckTracker","Minty Spire (QoL Compilation)","Quick Restart","StSLib","SuperFastMode","The Cursed"],"gold_per_floor":[119,130,130,148,148,148,148,175,175,191,224,149,160,195,195,195,195],"floor_reached":16,"playtime":758,"items_purged":["Regret"],"score":144,"play_id":"4a7fc44a-37f4-4c82-918c-c4e43d302fa6","local_time":"20210105234910","is_ascension_mode":true,"campfire_choices":[{"data":"Anger","floor":6,"key":"SMITH"},{"data":"Immolate","floor":15,"key":"SMITH"}],"circlet_count":0,"master_deck":["Strike_R","Strike_R","Strike_R","Strike_R","Defend_R","Defend_R","Defend_R","Defend_R","Bash","Anger+1","Clash","Rampage","Disarm","Dual Wield","Immolate+1"],"relics":["Burning Blood","NeowsBlessing","Pear","PreservedInsect","Kunai","Singing Bowl","Omamori"],"acts_visited":["Exordium"],"potions_floor_usage":[11,13,16],"damage_taken":[{"damage":0,"enemies":"2 Louse","floor":1,"turns":1},{"damage":0,"enemies":"Cultist","floor":2,"turns":1},{"damage":0,"enemies":"Small Slimes","floor":4,"turns":1},{"damage":15,"enemies":"Gremlin Nob","floor":8,"turns":4},{"damage":27,"enemies":"Exordium Wildlife","floor":10,"turns":5},{"damage":23,"enemies":"Lagavulin","floor":11,"turns":3},{"damage":8,"enemies":"Large Slime","floor":13,"turns":5},{"damage":24,"enemies":"3 Sentries","floor":14,"turns":6},{"damage":34,"enemies":"The Guardian","floor":16,"turns":8}],"seed_played":"-9152234406491836444","potions_obtained":[{"floor":1,"key":"Regen Potion"},{"floor":8,"key":"Energy Potion"},{"floor":10,"key":"AttackPotion"},{"floor":11,"key":"ElixirPotion"}],"is_trial":false,"path_per_floor":["M","M","?","M","?","R","?","E","T","M","E","$","M","E","R","B"],"character_chosen":"IRONCLAD","items_purchased":[],"campfire_rested":0,"item_purchase_floors":[],"current_hp_per_floor":[80,80,80,80,73,73,83,74,74,53,36,36,50,32,32,0,0],"gold":195,"neow_bonus":"THREE_ENEMY_KILL","is_daily":false,"chose_seed":false,"campfire_upgraded":2,"win_rate":0.0,"timestamp":1609858150,"path_taken":["M","M","?","?","?","R","?","E","T","?","E","$","M","E","R","BOSS"],"items_purchased_type":[],"build_version":"2020-12-22","purchased_purges":1,"victory":false,"max_hp_per_floor":[80,80,80,80,80,80,90,90,90,90,90,90,92,92,92,92,92],"card_choices":[{"not_picked":["Wild Strike","Dark Embrace"],"picked":"Anger","floor":1},{"not_picked":["Combust","Havoc"],"picked":"Clash","floor":2},{"not_picked":["Headbutt","Perfected Strike"],"picked":"Rampage","floor":4},{"not_picked":["Heavy Blade","Pommel Strike"],"picked":"Disarm","floor":8},{"not_picked":["Clothesline","Flex","Wild Strike"],"picked":"SKIP","floor":10},{"not_picked":["Intimidate","Clash"],"picked":"Dual Wield","floor":11},{"not_picked":["Cleave","Iron Wave","Warcry"],"picked":"Singing Bowl","floor":13},{"not_picked":["Second Wind","Rampage"],"picked":"Immolate","floor":14}],"player_experience":248774,"relics_obtained":[{"floor":8,"key":"PreservedInsect"},{"floor":9,"key":"Kunai"},{"floor":11,"key":"Singing Bowl"},{"floor":14,"key":"Omamori"}],"event_choices":[{"damage_healed":0,"gold_gain":0,"player_choice":"Bought 0 Potions","damage_taken":0,"max_hp_gain":0,"max_hp_loss":0,"event_name":"The Woman in Blue","floor":3,"gold_loss":0},{"cards_removed":["Strike_R"],"damage_healed":0,"gold_gain":0,"player_choice":"Card Removal","damage_taken":7,"max_hp_gain":0,"max_hp_loss":0,"event_name":"Golden Wing","floor":5,"gold_loss":0},{"damage_healed":0,"gold_gain":0,"player_choice":"Box","damage_taken":0,"relics_obtained":["Pear"],"max_hp_gain":0,"max_hp_loss":0,"event_name":"Big Fish","floor":7,"gold_loss":0,"cards_obtained":["Regret"]}],"is_beta":false,"boss_relics":[],"items_purged_floors":[12],"is_endless":false,"potions_floor_spawned":[1,8,10,11],"killed_by":"The Guardian","ascension_level":4}}