{"host":"hgkb2zpbo2dcws21","time":1609852270,"event":{"mods":["AchievementEnabler","BaseMod","Colored Map","Colored Powertips","Custom Start","DeckTracker","KOR Keyword Fix","Minty Spire (QoL Compilation)","Relic Stats","StSLib","SuperFastMode"],"gold_per_floor":[109,123,123,138,213,213,236,236,236,236,236],"floor_reached":10,"playtime":156,"items_purged":[],"score":109,"play_id":"1b4a26be-bc02-4990-bb1d-1d9d059a48cc","local_time":"20210105221110","is_ascension_mode":true,"campfire_choices":[{"data":"Neutralize","floor":6,"key":"SMITH"},{"floor":8,"key":"REST"}],"circlet_count":0,"master_deck":["AscendersBane","Strike_G","Strike_G","Strike_G","Strike_G","Strike_G","Defend_G","Defend_G","Defend_G","Defend_G","Defend_G","Survivor","Neutralize+1","Quick Slash","Predator","PiercingWail"],"relics":["Ring of the Snake","NeowsBlessing","Frozen Egg 2","Odd Mushroom","Shuriken"],"acts_visited":["Exordium"],"potions_floor_usage":[7,10],"damage_taken":[{"damage":0,"enemies":"Small Slimes","floor":1,"turns":1},{"damage":0,"enemies":"2 Louse","floor":2,"turns":1},{"damage":0,"enemies":"Cultist","floor":4,"turns":1},{"damage":15,"enemies":"The Mushroom Lair","floor":7,"turns":4},{"damage":38,"enemies":"Lagavulin","floor":10,"turns":7}],"seed_played":"1647821562447608218","potions_obtained":[{"floor":1,"key":"LiquidMemories"},{"floor":7,"key":"PowerPotion"}],"is_trial":false,"path_per_floor":["M","M","?","M","?","R","?","R","T","E"],"character_chosen":"THE_SILENT","items_purchased":[],"campfire_rested":1,"item_purchase_floors":[],"current_hp_per_floor":[59,59,33,33,22,22,7,26,26,0,0],"gold":236,"neow_bonus":"THREE_ENEMY_KILL","is_daily":false,"chose_seed":false,"campfire_upgraded":1,"win_rate":0.0,"timestamp":1609852270,"path_taken":["M","M","?","M","?","R","?","R","T","E"],"items_purchased_type":[],"build_version":"2020-12-22","purchased_purges":0,"victory":false,"max_hp_per_floor":[66,66,66,66,66,66,66,66,66,66,66],"relic_stats":{"counters":[5,14],"Shuriken":[2],"obtain_stats":[{"NeowsBlessing":0,"Shuriken":9,"Frozen Egg 2":3,"Odd Mushroom":7,"Ring of the Snake":0},{"NeowsBlessing":0,"Shuriken":4,"Frozen Egg 2":2,"Odd Mushroom":4,"Ring of the Snake":0},{"NeowsBlessing":0,"Shuriken":7,"Frozen Egg 2":2,"Odd Mushroom":7,"Ring of the Snake":0}],"Ring of the Snake":[10]},"card_choices":[{"not_picked":["Expertise","Outmaneuver"],"picked":"Quick Slash","floor":1},{"not_picked":["Outmaneuver","Underhanded Strike"],"picked":"Predator","floor":2},{"not_picked":["Quick Slash","Dagger Spray","Deflect"],"picked":"SKIP","floor":4},{"not_picked":["Outmaneuver","Dagger Throw"],"picked":"PiercingWail","floor":7}],"player_experience":1130372,"relics_obtained":[{"floor":7,"key":"Odd Mushroom"},{"floor":9,"key":"Shuriken"}],"event_choices":[{"damage_healed":0,"gold_gain":0,"player_choice":"Success","damage_taken":26,"relics_obtained":["Frozen Egg 2"],"max_hp_gain":0,"max_hp_loss":0,"event_name":"Scrap Ooze","floor":3,"gold_loss":0},{"damage_healed":0,"gold_gain":75,"player_choice":"Gather Gold","damage_taken":11,"max_hp_gain":0,"max_hp_loss":0,"event_name":"World of Goop","floor":5,"gold_loss":0},{"damage_healed":0,"gold_gain":0,"player_choice":"Fought Mushrooms","damage_taken":0,"max_hp_gain":0,"max_hp_loss":0,"event_name":"Mushrooms","floor":7,"gold_loss":0}],"is_beta":false,"boss_relics":[],"items_purged_floors":[],"is_endless":false,"potions_floor_spawned":[1,7],"killed_by":"Lagavulin","ascension_level":19}}