{"host":"zcz0awyw9el3eccp","time":1609887163,"event":{"mods":["AchievementEnabler","BaseMod","Colored Powertips","Minty Spire (QoL Compilation)","Quick Restart"],"gold_per_floor":[117,117,117,117,42,71,90,90,90,40,53,53,53],"floor_reached":12,"playtime":306,"items_purged":["Strike_R"],"score":84,"play_id":"ee048783-296e-416b-a3f1-3904f013e5df","local_time":"20210105235243","is_ascension_mode":true,"campfire_choices":[{"floor":8,"key":"RECALL"}],"circlet_count":0,"master_deck":["Strike_R+1","Strike_R","Defend_R","Defend_R","Defend_R","Defend_R","Bash","Shrug It Off+1","Limit Break","Headbutt","Thunderclap"],"relics":["Burning Blood","Gremlin Horn"],"acts_visited":["Exordium"],"potions_floor_usage":[11],"damage_taken":[{"damage":14,"enemies":"Cultist","floor":1,"turns":5},{"damage":53,"enemies":"Gremlin Nob","floor":6,"turns":6},{"damage":1,"enemies":"Jaw Worm","floor":7,"turns":6},{"damage":0,"enemies":"Small Slimes","floor":11,"turns":3},{"damage":11,"enemies":"Lagavulin","floor":12,"turns":4}],"seed_played":"-7637999044036695619","potions_obtained":[{"floor":1,"key":"BlessingOfTheForge"},{"floor":11,"key":"FearPotion"}],"is_trial":false,"path_per_floor":["M","?","?","?","$","E","M","R","T","?","M","E"],"character_chosen":"IRONCLAD","items_purchased":[],"campfire_rested":0,"item_purchase_floors":[],"current_hp_per_floor":[80,62,55,60,60,13,18,18,18,18,24,13,13],"gold":53,"neow_bonus":"TEN_PERCENT_HP_BONUS","is_daily":false,"chose_seed":false,"campfire_upgraded":0,"win_rate":0.0,"timestamp":1609887163,"path_taken":["M","?","?","?","$","E","?","R","T","?","M","E"],"items_purchased_type":[],"build_version":"2020-12-22","purchased_purges":1,"victory":false,"max_hp_per_floor":[88,88,88,93,93,93,93,93,93,93,93,93,93],"card_choices":[{"not_picked":["Bloodletting","Headbutt"],"picked":"Shrug It Off","floor":1},{"not_picked":["Infernal Blade","Uppercut"],"picked":"Limit Break","floor":6},{"not_picked":["Warcry","Sentinel"],"picked":"Headbutt","floor":7},{"not_picked":["Bloodletting","Body Slam"],"picked":"Thunderclap","floor":11}],"player_experience":86789,"relics_obtained":[{"floor":6,"key":"Gremlin Horn"}],"event_choices":[{"damage_healed":0,"gold_gain":0,"player_choice":"Entered Light","damage_taken":18,"max_hp_gain":0,"max_hp_loss":0,"event_name":"Shining Light","floor":2,"gold_loss":0,"cards_upgraded":["Strike_R","Shrug It Off"]},{"cards_removed":["Strike_R"],"damage_healed":0,"gold_gain":0,"player_choice":"Card Removal","damage_taken":7,"max_hp_gain":0,"max_hp_loss":0,"event_name":"Golden Wing","floor":3,"gold_loss":0},{"damage_healed":0,"gold_gain":0,"player_choice":"Donut","damage_taken":0,"max_hp_gain":5,"max_hp_loss":0,"event_name":"Big Fish","floor":4,"gold_loss":0},{"cards_removed":["Strike_R"],"damage_healed":0,"gold_gain":0,"player_choice":"Card Removal","damage_taken":0,"max_hp_gain":0,"max_hp_loss":0,"event_name":"The Cleric","floor":10,"gold_loss":50}],"is_beta":false,"boss_relics":[],"items_purged_floors":[5],"is_endless":false,"potions_floor_spawned":[1,11],"killed_by":"Lagavulin","ascension_level":2}}