{"host":"xtgfl0e7r8rfgbei","time":1609835658,"event":{"mods":["Arknights The Spire","BaseMod","Colored Map","Colored Powertips","Downfall","Infinite Spire","Marisa£®ÏF”Í°°ƒß¿Ì…≥£©","Minty Spire (QoL Compilation)","READ ME - Guardian Mod","Rare Cards Sparkle","Replay The Spire","StSLib","The Bug Knight","The Cursed","The Servant 0.9.4","≤–¡Ù÷ÆŒÔ"],"gold_per_floor":[119,119,139,157,137,171,187,187,235,294,25,41,41,56,56,161,161,181,195,0,0,12,24,24],"floor_reached":23,"playtime":2142,"items_purged":[],"score":191,"play_id":"6436a376-12c6-471a-8bb9-4fcacce4e5fe","local_time":"20210105163418","is_ascension_mode":false,"campfire_choices":[{"data":"ats:Composite Medical Shells","floor":8,"key":"SMITH"},{"data":"ats:Part Time Job","floor":13,"key":"SMITH"},{"data":"expansioncontent:DashGenerateEvil","floor":15,"key":"SMITH"}],"circlet_count":0,"master_deck":["ats:Strike C+1","ats:Strike G","ats:Strike S","ats:Strike V","ats:Armor Crushing Shot","ats:Defend","ats:Defend","ats:Defend","ats:Defend","ats:Emotion Absorption","ats:Red Shift","ats:Poison Spread","ats:Apocalypse","ats:Composite Medical Shells+1","ats:Apocalypse","ReplayTheSpireMod:Splinters","ats:Magnetic Hammer","expansioncontent:DashGenerateEvil+1","ats:Part Time Job+1","ats:Revitalization","ats:Calcification","ats:Revitalization","ats:Ignite"],"relics":["ats:Sanity","ats:Originium","Ornamental Fan","Honey Jar","MawBank"],"acts_visited":["Exordium","TheCity"],"potions_floor_usage":[7,12,14,14,14,16,16],"damage_taken":[{"damage":5,"enemies":"Small Slimes","floor":1,"turns":5},{"damage":1,"enemies":"2 Louse","floor":3,"turns":3},{"damage":0,"enemies":"Cultist","floor":4,"turns":2},{"damage":45,"enemies":"Lagavulin","floor":6,"turns":7},{"damage":3,"enemies":"Large Slime","floor":7,"turns":6},{"damage":17,"enemies":"Looter","floor":12,"turns":4},{"damage":21,"enemies":"Exordium Thugs","floor":14,"turns":5},{"damage":74,"enemies":"The Guardian","floor":16,"turns":14},{"damage":45,"enemies":"Spheric Guardian","floor":18,"turns":6},{"damage":61,"enemies":"Snake Plant","floor":19,"turns":7},{"damage":89,"enemies":"Gremlin Leader","floor":23,"turns":3}],"seed_played":"-5147968152257180725","potions_obtained":[{"floor":4,"key":"ColorlessPotion"},{"floor":5,"key":"infinitespire:BlackPotion"},{"floor":7,"key":"Strength Potion"},{"floor":10,"key":"Flashbang"},{"floor":10,"key":"EntropicBrew"},{"floor":12,"key":"SkillPotion"},{"floor":14,"key":"DistilledChaos"},{"floor":18,"key":"Strength Potion"}],"is_trial":false,"path_per_floor":["M","?","M","M","?","E","M","R","T","?","$","M","R","M","R","B",null,"M","M","?","?","?","E"],"character_chosen":"DOCTOR_CLASS","items_purchased":["expansioncontent:DashGenerateEvil","ats:Part Time Job"],"campfire_rested":0,"item_purchase_floors":[11,11],"current_hp_per_floor":[74,74,73,73,73,36,41,41,41,41,41,32,32,31,31,19,79,54,22,22,22,79,0,0],"gold":24,"neow_bonus":"TEN_PERCENT_HP_BONUS","is_daily":false,"chose_seed":false,"campfire_upgraded":3,"win_rate":0.0,"timestamp":1609835658,"path_taken":["M","?","M","M","?","E","?","R","T","?","?","M","R","?","R","BOSS","M","M","?","?","?","E"],"items_purchased_type":["Card","Card"],"build_version":"2020-12-22","purchased_purges":0,"victory":false,"max_hp_per_floor":[79,79,79,79,79,79,79,79,79,79,79,79,79,79,79,79,79,79,79,79,79,79,79,79],"card_choices":[{"not_picked":["ats:Thermite Blade","ats:Leaping Hammer"],"picked":"ats:Red Shift","floor":1},{"not_picked":["ats:Curse Doll","ats:Charging Defense"],"picked":"ats:Poison Spread","floor":3},{"not_picked":["ats:Powerful Strike","ats:Soul Absorption"],"picked":"ats:Apocalypse","floor":4},{"not_picked":["ats:Hammer On","ats:Childhood Dance"],"picked":"ats:Composite Medical Shells","floor":6},{"not_picked":["ats:Magnetic Hammer","ats:Assault Order"],"picked":"ats:Apocalypse","floor":7},{"not_picked":["ats:Hammer On","ats:Shadow Raid"],"picked":"ats:Magnetic Hammer","floor":10},{"not_picked":["ats:Cat Scratch","ats:Explosion Area Strengthen"],"picked":"ats:Counter Healing Mode","floor":12},{"not_picked":["ats:Directed Diagnosis","ats:Powerful Strike"],"picked":"ats:Revitalization","floor":14},{"not_picked":["ats:Ambush","ats:Fractured Body"],"picked":"ats:Calcification","floor":16},{"not_picked":["ats:Poison Spread","ats:Powerful Strike","ats:Ignite"],"picked":"ats:Revitalization","floor":18},{"not_picked":["ats:Leaping Hammer","ats:Hammer On","ats:Cat Scratch+1"],"picked":"ats:Ignite","floor":19}],"player_experience":324398,"relics_obtained":[{"floor":6,"key":"ats:Originium"},{"floor":6,"key":"Ornamental Fan"}],"event_choices":[{"damage_healed":0,"gold_gain":0,"player_choice":"Bought 1 Potion","damage_taken":0,"max_hp_gain":0,"max_hp_loss":0,"event_name":"The Woman in Blue","floor":5,"gold_loss":0},{"damage_healed":0,"gold_gain":0,"player_choice":"Paid Fearfully","damage_taken":0,"max_hp_gain":0,"max_hp_loss":0,"event_name":"Masked Bandits","floor":20,"gold_loss":195},{"cards_removed":["ats:Counter Healing Mode"],"damage_healed":57,"gold_gain":0,"player_choice":"Offered Uncommon","damage_taken":0,"max_hp_gain":0,"max_hp_loss":0,"event_name":"Bonfire Elementals","floor":22,"gold_loss":0}],"is_beta":false,"boss_relics":[{"not_picked":["Tiny House","Ectoplasm"],"picked":"Honey Jar"}],"items_purged_floors":[],"is_endless":false,"potions_floor_spawned":[4,7,12,14,18],"killed_by":"Gremlin Leader","ascension_level":0}}