{"host":"wha9hktbkslqvblg","time":1609827398,"event":{"mods":["BaseMod","Colored Map","Minty Spire (QoL Compilation)","Relic Stats","SuperFastMode","everything is the same but u backflip on backflip"],"gold_per_floor":[109,34,109,109,127,127,177,188,188,201,201,23,41,57,57,128,128,146,146,146,146,164,164,179,179,179,191,191],"floor_reached":27,"playtime":654,"items_purged":["Strike_R"],"score":510,"play_id":"c758c4ce-0d0f-4319-876d-aa70ae40bfa8","local_time":"20210105151638","is_ascension_mode":true,"campfire_choices":[{"data":"Evolve","floor":6.0,"key":"SMITH"},{"floor":11.0,"key":"REST"},{"data":"Fire Breathing","floor":15.0,"key":"SMITH"},{"floor":23,"key":"REST"}],"circlet_count":0,"master_deck":["AscendersBane","Strike_R","Strike_R","Strike_R","Strike_R","Defend_R","Defend_R","Defend_R","Bash","Evolve+1","Shrug It Off","Wild Strike","Dark Embrace","Power Through","Fire Breathing+1","Barricade","Warcry+1","Second Wind"],"relics":["Burning Blood","Calipers","Matryoshka","SlaversCollar","MawBank"],"acts_visited":["Exordium","TheCity"],"potions_floor_usage":[21],"damage_taken":[{"damage":7.0,"enemies":"Small Slimes","floor":1.0,"turns":5.0},{"damage":7.0,"enemies":"Cultist","floor":5.0,"turns":4.0},{"damage":13.0,"enemies":"Jaw Worm","floor":8.0,"turns":5.0},{"damage":15.0,"enemies":"2 Fungi Beasts","floor":10.0,"turns":5.0},{"damage":6.0,"enemies":"Looter","floor":13.0,"turns":4.0},{"damage":14.0,"enemies":"Exordium Thugs","floor":14.0,"turns":5.0},{"damage":0.0,"enemies":"Slime Boss","floor":16.0,"turns":5.0},{"damage":30.0,"enemies":"Chosen","floor":18.0,"turns":6.0},{"damage":0,"enemies":"Spheric Guardian","floor":21,"turns":1},{"damage":5,"enemies":"Cultist and Chosen","floor":22,"turns":3},{"damage":31,"enemies":"Sentry and Sphere","floor":24,"turns":5},{"damage":0,"enemies":"Centurion and Healer","floor":27,"turns":4}],"seed_played":"-9124193959577883598","potions_obtained":[{"floor":1.0,"key":"SmokeBomb"},{"floor":13.0,"key":"SpeedPotion"},{"floor":24,"key":"Strength Potion"}],"is_trial":false,"path_per_floor":["M","$","?","?","M","R","?","M","T","M","R","$","M","M","R","B",null,"M","?","?","M","M","R","M","?","T","M"],"character_chosen":"IRONCLAD","items_purchased":["Wild Strike","Dark Embrace","Power Through"],"campfire_rested":2,"item_purchase_floors":[12,12,12],"current_hp_per_floor":[49,49,38,31,30,30,30,23,23,14,36,36,36,28,28,34,65,41,20,20,26,27,51,26,26,26,26,26],"gold":191,"neow_bonus":"ONE_RARE_RELIC","is_daily":false,"chose_seed":false,"campfire_upgraded":2,"win_rate":0.0,"timestamp":1609827398,"path_taken":["M","$","?","?","M","R","?","?","T","M","R","$","?","M","R","BOSS","M","?","?","M","M","R","M","?","T","M"],"items_purchased_type":["Card","Card","Card"],"build_version":"2020-12-22","purchased_purges":1,"victory":false,"max_hp_per_floor":[75,75,75,75,75,75,75,75,75,75,75,75,75,75,75,75,75,75,80,80,80,80,80,80,80,80,80,80],"relic_stats":{"counters":[12,52],"MawBank":12,"obtain_stats":[{"SlaversCollar":17,"Calipers":0,"Matryoshka":9,"MawBank":26,"Burning Blood":0},{"SlaversCollar":7,"Calipers":0,"Matryoshka":3,"MawBank":11,"Burning Blood":0},{"SlaversCollar":33,"Calipers":0,"Matryoshka":14,"MawBank":48,"Burning Blood":0}],"Burning Blood":66},"card_choices":[{"not_picked":["Sever Soul","Twin Strike","Iron Wave"],"picked":"SKIP","floor":1.0},{"not_picked":["Warcry","Fire Breathing"],"picked":"Evolve","floor":5.0},{"not_picked":["Wild Strike","Flex"],"picked":"Shrug It Off","floor":8.0},{"not_picked":["Flex","Cleave","Disarm"],"picked":"SKIP","floor":10.0},{"not_picked":["Dark Embrace","Seeing Red"],"picked":"Fire Breathing","floor":13.0},{"not_picked":["Sword Boomerang","Wild Strike","Exhume"],"picked":"SKIP","floor":14.0},{"not_picked":["Corruption","Brutality"],"picked":"Barricade","floor":16.0},{"not_picked":["Dark Embrace","Clash"],"picked":"Warcry+1","floor":18.0},{"not_picked":["True Grit","Wild Strike","Iron Wave"],"picked":"SKIP","floor":22},{"not_picked":["Shrug It Off","Rampage","Armaments"],"picked":"SKIP","floor":24}],"player_experience":936896,"relics_obtained":[{"floor":9.0,"key":"Matryoshka"},{"floor":26,"key":"MawBank"}],"event_choices":[{"damage_healed":0.0,"max_hp_gain":0.0,"max_hp_loss":0.0,"gold_gain":75.0,"event_name":"World of Goop","player_choice":"Gather Gold","floor":3.0,"gold_loss":0.0,"damage_taken":11.0},{"cards_removed":["Defend_R"],"damage_healed":0.0,"max_hp_gain":0.0,"max_hp_loss":0.0,"gold_gain":0.0,"event_name":"Golden Wing","player_choice":"Card Removal","floor":4.0,"gold_loss":0.0,"damage_taken":7.0},{"damage_healed":0.0,"max_hp_gain":0.0,"max_hp_loss":0.0,"gold_gain":50.0,"event_name":"Golden Shrine","player_choice":"Pray","floor":7.0,"gold_loss":0.0,"damage_taken":0.0},{"damage_healed":0.0,"max_hp_gain":5.0,"max_hp_loss":0.0,"gold_gain":0.0,"event_name":"Forgotten Altar","player_choice":"Shed Blood","floor":19.0,"gold_loss":0.0,"damage_taken":26.0},{"damage_healed":0.0,"max_hp_gain":0.0,"max_hp_loss":0.0,"gold_gain":0.0,"event_name":"The Library","player_choice":"Read","floor":20.0,"gold_loss":0.0,"damage_taken":0.0,"cards_obtained":["Second Wind"]},{"damage_healed":0,"gold_gain":0,"player_choice":"Ignored","damage_taken":0,"max_hp_gain":0,"max_hp_loss":0,"event_name":"Vampires","floor":25,"gold_loss":0}],"is_beta":false,"boss_relics":[{"not_picked":["Black Blood","SacredBark"],"picked":"SlaversCollar"}],"items_purged_floors":[2],"is_endless":false,"potions_floor_spawned":[1,13,21,24],"killed_by":"Centurion and Healer","ascension_level":20}}