{"host":"91blwi3hgehj6ch9","time":1609818686,"event":{"mods":["2.2 Compatiblity","AchievementEnabler","BaseMod","Colored Map","DeckTracker","Keyboard Shortcuts","Minty Spire (QoL Compilation)","Permanent Neow","Quick Restart","StSLib","SuperFastMode"],"gold_per_floor":[112,11,11,86,36,36,48,62,62,73,73,83,45,55,55,55,55],"floor_reached":16,"playtime":743,"items_purged":["Strike_G"],"score":138,"play_id":"5f7d61a8-ef42-4c46-a02f-e40b91b959e8","local_time":"20210105125126","is_ascension_mode":true,"campfire_choices":[{"data":"Acrobatics","floor":6.0,"key":"SMITH"},{"data":"Prepared","floor":11,"key":"SMITH"},{"floor":15,"key":"REST"}],"circlet_count":0,"master_deck":["AscendersBane","Strike_G","Strike_G","Strike_G","Defend_G","Defend_G","Defend_G","Survivor","Neutralize","Dagger Spray","Acrobatics+1","Blur","Prepared+1","Underhanded Strike","Flechettes"],"relics":["Ring of the Snake","Centennial Puzzle"],"acts_visited":["Exordium"],"potions_floor_usage":[10],"damage_taken":[{"damage":8.0,"enemies":"2 Louse","floor":1.0,"turns":3.0},{"damage":7.0,"enemies":"Small Slimes","floor":7.0,"turns":3.0},{"damage":4.0,"enemies":"Jaw Worm","floor":8.0,"turns":6.0},{"damage":0,"enemies":"Gremlin Gang","floor":10,"turns":1},{"damage":6,"enemies":"Exordium Wildlife","floor":12,"turns":5},{"damage":0,"enemies":"Exordium Thugs","floor":14,"turns":4},{"damage":31,"enemies":"Slime Boss","floor":16,"turns":8}],"seed_played":"-7377020086701485318","potions_obtained":[{"floor":7.0,"key":"SteroidPotion"},{"floor":10,"key":"FearPotion"},{"floor":14,"key":"Ancient Potion"}],"is_trial":false,"path_per_floor":["M","$","?","?","?","R","M","M","T","M","R","M","$","M","R","B"],"character_chosen":"THE_SILENT","items_purchased":["Acrobatics","Flechettes"],"campfire_rested":1,"item_purchase_floors":[2,13],"current_hp_per_floor":[55,55,48,37,37,37,30,26,26,26,26,20,20,20,41,10,10],"gold":55,"neow_bonus":"REMOVE_CARD","is_daily":false,"chose_seed":false,"campfire_upgraded":2,"win_rate":0.0,"timestamp":1609818686,"path_taken":["M","$","?","?","?","R","M","M","T","M","R","M","?","M","R","BOSS"],"items_purchased_type":["Card","Card"],"build_version":"2020-12-22","purchased_purges":1,"victory":false,"max_hp_per_floor":[70,70,70,70,70,70,70,70,70,70,70,70,70,70,70,70,70],"card_choices":[{"not_picked":["Poisoned Stab","Sucker Punch"],"picked":"Dagger Spray","floor":1.0},{"not_picked":["Leg Sweep","Eviscerate"],"picked":"Blur","floor":7.0},{"not_picked":["Noxious Fumes","Poisoned Stab","Bane"],"picked":"SKIP","floor":8.0},{"not_picked":["Bouncing Flask","Cloak And Dagger"],"picked":"Prepared","floor":10},{"not_picked":["Dagger Spray","Masterful Stab"],"picked":"Underhanded Strike","floor":12},{"not_picked":["Deadly Poison","Blade Dance","Poisoned Stab"],"picked":"SKIP","floor":14}],"player_experience":163580,"relics_obtained":[{"floor":9.0,"key":"Centennial Puzzle"}],"event_choices":[{"cards_removed":["Defend_G"],"damage_healed":0.0,"max_hp_gain":0.0,"max_hp_loss":0.0,"gold_gain":0.0,"event_name":"Golden Wing","player_choice":"Card Removal","floor":3.0,"gold_loss":0.0,"damage_taken":7.0},{"damage_healed":0.0,"max_hp_gain":0.0,"max_hp_loss":0.0,"gold_gain":75.0,"event_name":"World of Goop","player_choice":"Gather Gold","floor":4.0,"gold_loss":0.0,"damage_taken":11.0},{"cards_removed":["Strike_G"],"damage_healed":0.0,"max_hp_gain":0.0,"max_hp_loss":0.0,"gold_gain":0.0,"event_name":"The Cleric","player_choice":"Card Removal","floor":5.0,"gold_loss":50.0,"damage_taken":0.0}],"is_beta":false,"boss_relics":[],"items_purged_floors":[2],"is_endless":false,"potions_floor_spawned":[7,10,14],"killed_by":"Slime Boss","ascension_level":10}}