{"host":"nqsrckqog5ia9mbo","time":1609865297,"event":{"mods":["AchievementEnabler","BaseMod","Colored Map","Highlight Path","Minty Spire (QoL Compilation)"],"gold_per_floor":[118,132,207,6,6,35,35,68,68,85,104,104,104,50,50,155,155,168,180,191,191,191],"floor_reached":21,"playtime":1052,"items_purged":[],"score":304,"play_id":"3f16c869-e799-41fc-bbc3-11c5c52d19ef","local_time":"20210105174817","is_ascension_mode":true,"campfire_choices":[{"data":"Loop","floor":7.0,"key":"SMITH"},{"floor":13.0,"key":"REST"},{"floor":15.0,"key":"REST"}],"circlet_count":0,"master_deck":["Strike_B","Strike_B","Strike_B","Defend_B","Defend_B","Defend_B","Defend_B","Zap","Dualcast","Gash","Go for the Eyes","Gash","Gash","Loop+1","Amplify","Genetic Algorithm","Go for the Eyes","Sweeping Beam","Echo Form","Fusion+1","Ball Lightning","Auto Shields"],"relics":["Cracked Core","NeowsBlessing","DollysMirror","Letter Opener","Blood Vial","InkBottle","SlaversCollar"],"acts_visited":["Exordium","TheCity"],"potions_floor_usage":[20,20,21],"damage_taken":[{"damage":0.0,"enemies":"Small Slimes","floor":1.0,"turns":1.0},{"damage":0.0,"enemies":"Jaw Worm","floor":2.0,"turns":1.0},{"damage":0.0,"enemies":"3 Sentries","floor":6.0,"turns":1.0},{"damage":45.0,"enemies":"Gremlin Nob","floor":8.0,"turns":5.0},{"damage":0.0,"enemies":"2 Louse","floor":10.0,"turns":2.0},{"damage":11.0,"enemies":"Blue Slaver","floor":11.0,"turns":3.0},{"damage":0.0,"enemies":"Slime Boss","floor":16.0,"turns":5.0},{"damage":6.0,"enemies":"3 Byrds","floor":18.0,"turns":4.0},{"damage":44.0,"enemies":"2 Thieves","floor":19.0,"turns":4.0},{"damage":23,"enemies":"Shelled Parasite and Fungi","floor":20,"turns":8},{"damage":16,"enemies":"Snake Plant","floor":21,"turns":2}],"seed_played":"561245983842503765","potions_obtained":[{"floor":1.0,"key":"Dexterity Potion"},{"floor":8.0,"key":"DuplicationPotion"},{"floor":10.0,"key":"FocusPotion"},{"floor":11.0,"key":"SkillPotion"},{"floor":18.0,"key":"SkillPotion"},{"floor":20,"key":"Regen Potion"}],"is_trial":false,"path_per_floor":["M","M","?","$","?","E","R","E","T","M","M","?","R","$","R","B",null,"M","M","M","M"],"character_chosen":"DEFECT","items_purchased":["Gash","DollysMirror","Sweeping Beam"],"campfire_rested":2,"item_purchase_floors":[4,4,14],"current_hp_per_floor":[75,75,64,64,64,64,64,19,19,21,12,5,27,27,49,51,75,69,27,6,0,0],"gold":191,"neow_bonus":"THREE_ENEMY_KILL","is_daily":false,"chose_seed":false,"campfire_upgraded":1,"win_rate":0.0,"timestamp":1609865297,"path_taken":["M","M","?","$","?","E","R","E","T","M","M","?","R","?","R","BOSS","M","M","?","?"],"items_purchased_type":["Card","Relic","Card"],"build_version":"2020-12-22","purchased_purges":0,"victory":false,"max_hp_per_floor":[75,75,75,75,75,75,75,75,75,75,75,75,75,75,75,75,75,75,75,75,75,75],"card_choices":[{"not_picked":["Barrage","Aggregate"],"picked":"Gash","floor":1.0},{"not_picked":["Ball Lightning","Fusion"],"picked":"Go for the Eyes","floor":2.0},{"not_picked":["Turbo","Lockon"],"picked":"Loop","floor":6.0},{"not_picked":["Streamline","Steam Power"],"picked":"Amplify","floor":8.0},{"not_picked":["Sweeping Beam","Stack"],"picked":"Genetic Algorithm","floor":10.0},{"not_picked":["Darkness","FTL"],"picked":"Go for the Eyes","floor":11.0},{"not_picked":["Reboot","Hyperbeam"],"picked":"Echo Form","floor":16.0},{"not_picked":["Sunder","Conserve Battery"],"picked":"Fusion+1","floor":18.0},{"not_picked":["Redo","Skim"],"picked":"Ball Lightning","floor":19.0},{"not_picked":["Cold Snap","All For One"],"picked":"Auto Shields","floor":20}],"player_experience":140122,"relics_obtained":[{"floor":6.0,"key":"Letter Opener"},{"floor":8.0,"key":"Blood Vial"},{"floor":9.0,"key":"InkBottle"}],"event_choices":[{"damage_healed":0.0,"max_hp_gain":0.0,"max_hp_loss":0.0,"gold_gain":75.0,"event_name":"World of Goop","player_choice":"Gather Gold","floor":3.0,"gold_loss":0.0,"damage_taken":11.0},{"damage_healed":0.0,"max_hp_gain":0.0,"max_hp_loss":0.0,"gold_gain":0.0,"event_name":"Liars Game","player_choice":"Ignored","floor":5.0,"gold_loss":0.0,"damage_taken":0.0},{"cards_removed":["Strike_B"],"damage_healed":0.0,"max_hp_gain":0.0,"max_hp_loss":0.0,"gold_gain":0.0,"event_name":"Golden Wing","player_choice":"Card Removal","floor":12.0,"gold_loss":0.0,"damage_taken":7.0}],"is_beta":false,"boss_relics":[{"not_picked":["SacredBark","FrozenCore"],"picked":"SlaversCollar"}],"items_purged_floors":[],"is_endless":false,"potions_floor_spawned":[1,8,10,11,18,20],"killed_by":"Snake Plant","ascension_level":3}}