{"host":"mc4amcm0108w7k6t","time":1609889395,"event":{"mods":["BaseMod","Hermit","Minty Spire (QoL Compilation)","StSLib"],"gold_per_floor":[111,130,160,187,212,212,279,279,279,312,372,372,404,436,436,607,607,632,646,646,671,704,704,704],"floor_reached":23,"playtime":1799,"items_purged":[],"score":209,"play_id":"4ad7dd36-adea-4672-9484-65c6c18d016d","local_time":"20210105182955","is_ascension_mode":false,"campfire_choices":[{"data":"hermit:Malice","floor":6,"key":"SMITH"},{"floor":8,"key":"REST"},{"data":"hermit:DeadOrAlive","floor":12,"key":"SMITH"},{"data":"hermit:Quickdraw","floor":15,"key":"SMITH"}],"circlet_count":0,"master_deck":["hermit:Strike_Hermit","hermit:Strike_Hermit","hermit:Strike_Hermit","hermit:Defend_Hermit","hermit:Defend_Hermit","hermit:Defend_Hermit","hermit:Defend_Hermit","hermit:Snapshot","hermit:Covet","hermit:Malice+1","hermit:DeadOrAlive+1","hermit:GhostlyPresence","hermit:PistolWhip","hermit:Misfire","hermit:CalledShot","hermit:Feint","hermit:Quickdraw+1","hermit:RoundhouseKick","hermit:HoleUp","hermit:Roulette"],"relics":["hermit:Momento","Orichalcum","Incense Burner","Blue Candle","Busted Crown"],"acts_visited":["Exordium","TheCity"],"potions_floor_usage":[7,11,16,16,16,22],"damage_taken":[{"damage":6,"enemies":"Cultist","floor":1,"turns":4},{"damage":2,"enemies":"2 Louse","floor":2,"turns":3},{"damage":5,"enemies":"Small Slimes","floor":3,"turns":3},{"damage":3,"enemies":"2 Fungi Beasts","floor":4,"turns":4},{"damage":14,"enemies":"3 Louse","floor":5,"turns":3},{"damage":16,"enemies":"3 Sentries","floor":7,"turns":7},{"damage":0,"enemies":"Large Slime","floor":10,"turns":5},{"damage":8,"enemies":"Gremlin Nob","floor":11,"turns":4},{"damage":5,"enemies":"Lots of Slimes","floor":13,"turns":3},{"damage":5,"enemies":"Exordium Thugs","floor":14,"turns":4},{"damage":38,"enemies":"The Guardian","floor":16,"turns":20},{"damage":2,"enemies":"Shell Parasite","floor":18,"turns":4},{"damage":0,"enemies":"3 Byrds","floor":19,"turns":7},{"damage":30,"enemies":"Sentry and Sphere","floor":21,"turns":7},{"damage":21,"enemies":"Snake Plant","floor":22,"turns":7},{"damage":29,"enemies":"Gremlin Leader","floor":23,"turns":6}],"seed_played":"-8746694090647423085","potions_obtained":[{"floor":2,"key":"SteroidPotion"},{"floor":3,"key":"Block Potion"},{"floor":5,"key":"Block Potion"},{"floor":7,"key":"Weak Potion"},{"floor":14,"key":"LiquidMemories"},{"floor":18,"key":"Strength Potion"},{"floor":19,"key":"Ancient Potion"}],"is_trial":false,"path_per_floor":["M","M","M","M","M","R","E","R","T","M","E","R","M","M","R","B",null,"M","M","?","M","M","E"],"character_chosen":"HERMIT","items_purchased":[],"campfire_rested":1,"item_purchase_floors":[],"current_hp_per_floor":[76,74,69,66,52,52,36,60,60,60,52,52,47,42,42,4,82,80,80,80,50,29,0,0],"gold":704,"neow_bonus":"TEN_PERCENT_HP_BONUS","is_daily":false,"chose_seed":false,"campfire_upgraded":3,"win_rate":0.0,"timestamp":1609889395,"path_taken":["M","M","M","M","?","R","E","R","T","M","E","R","M","M","R","BOSS","M","M","?","M","M","E"],"items_purchased_type":[],"build_version":"2020-12-22","purchased_purges":0,"victory":false,"max_hp_per_floor":[82,82,82,82,82,82,82,82,82,82,82,82,82,82,82,82,82,82,82,82,82,82,82,82],"card_choices":[{"not_picked":["hermit:ItchyTrigger","hermit:Vantage"],"picked":"hermit:Malice","floor":1},{"not_picked":["hermit:CalledShot","hermit:Manifest"],"picked":"hermit:DeadOrAlive","floor":2},{"not_picked":["hermit:Maintenance","hermit:BodyArmor"],"picked":"hermit:GhostlyPresence","floor":3},{"not_picked":["hermit:Manifest","hermit:TakeAim"],"picked":"hermit:PistolWhip","floor":4},{"not_picked":["hermit:ShadowCloak","hermit:LoneWolf"],"picked":"hermit:Misfire","floor":5},{"not_picked":["hermit:BigShot","hermit:Combo"],"picked":"hermit:CalledShot","floor":7},{"not_picked":["hermit:ShadowCloak","hermit:Misfire"],"picked":"hermit:Feint","floor":10},{"not_picked":["hermit:Desperado","hermit:Misfire"],"picked":"hermit:Quickdraw","floor":11},{"not_picked":["hermit:Desperado","hermit:Glare","hermit:Coalescence"],"picked":"SKIP","floor":13},{"not_picked":["hermit:WideOpen","hermit:TakeAim","hermit:TrackingShot"],"picked":"SKIP","floor":14},{"not_picked":["hermit:FatalDesire","hermit:FromBeyond"],"picked":"hermit:RoundhouseKick","floor":16},{"not_picked":["hermit:LowProfile"],"picked":"SKIP","floor":18},{"not_picked":[],"picked":"hermit:HoleUp","floor":19},{"not_picked":["hermit:LowProfile"],"picked":"SKIP","floor":21},{"not_picked":[],"picked":"hermit:Roulette","floor":22}],"player_experience":350685,"relics_obtained":[{"floor":7,"key":"Orichalcum"},{"floor":9,"key":"Incense Burner"},{"floor":11,"key":"Blue Candle"}],"event_choices":[{"cards_removed":["hermit:Strike_Hermit"],"damage_healed":0,"gold_gain":0,"player_choice":"Elegance","damage_taken":0,"max_hp_gain":0,"max_hp_loss":0,"event_name":"Back to Basics","floor":20,"gold_loss":0}],"is_beta":false,"boss_relics":[{"not_picked":["Calling Bell","hermit:DentedPlate"],"picked":"Busted Crown"}],"items_purged_floors":[],"is_endless":false,"potions_floor_spawned":[2,3,5,7,14,18,19],"killed_by":"Gremlin Leader","ascension_level":0}}