{"host":"vhvm1b4sel61ztfv","time":1609820381,"event":{"mods":["BaseMod","BetterRewards","Displayed Cursed Tome","Minty Spire (QoL Compilation)","Replay The Spire","StSLib"],"gold_per_floor":[117,137,150,169,4,4,18,193,269,269,282,9,28,45,45,142,142,160,15,31,31,31],"floor_reached":21,"playtime":1327,"items_purged":["Overencumbered","Doubt"],"score":300,"play_id":"d7277671-aca9-4fc1-a890-9cba3cce8f59","local_time":"20210104231941","is_ascension_mode":false,"campfire_choices":[{"data":"Dramatic Entrance","floor":6,"key":"SMITH"},{"floor":10,"key":"REST"},{"floor":15,"key":"REST"}],"circlet_count":0,"master_deck":["Strike_G","Strike_G","Strike_G","Strike_G","Strike_G","Defend_G","Defend_G","Defend_G","Defend_G","Defend_G","Survivor","Neutralize","Poisoned Stab","Bane","Blade Dance","Blade Dance","Slice","Dramatic Entrance+1","Venomology+1","Dash","Cloak And Dagger","Endless Agony+1","Storm of Steel+1","Sickly","Hallucinations","Regret"],"relics":["Ring of the Snake","HandDrill","Replay:Multitool","Singing Bowl","Replay:Ancient Bell","Juzu Bracelet","Divine Protection","The Specimen","Guide Book"],"acts_visited":["Exordium","TheCity"],"potions_floor_usage":[7,11,11,16,16,16,16,18],"damage_taken":[{"damage":0,"enemies":"Small Slimes","floor":1,"turns":3},{"damage":1,"enemies":"Cultist","floor":2,"turns":4},{"damage":0,"enemies":"2 Louse","floor":3,"turns":1},{"damage":10,"enemies":"Looter","floor":4,"turns":2},{"damage":12,"enemies":"Exordium Thugs","floor":7,"turns":3},{"damage":3,"enemies":"Exordium Wildlife","floor":11,"turns":3},{"damage":0,"enemies":"Large Slime","floor":13,"turns":4},{"damage":0,"enemies":"3 Louse","floor":14,"turns":1},{"damage":28,"enemies":"Fading Forest","floor":16,"turns":11},{"damage":0,"enemies":"Chosen","floor":18,"turns":4},{"damage":16,"enemies":"Shell Parasite","floor":20,"turns":3},{"damage":29,"enemies":"Centurion and Healer","floor":21,"turns":6}],"seed_played":"6051664358507140426","potions_obtained":[{"floor":2,"key":"BlessingOfTheForge"},{"floor":4,"key":"LiquidMemories"},{"floor":7,"key":"Explosive Potion"},{"floor":11,"key":"PowerPotion"},{"floor":13,"key":"EssenceOfSteel"}],"is_trial":false,"path_per_floor":["M","M","M","M","$","R","M","?","T","R","M","$","M","M","R","B",null,"M","$","M","M"],"character_chosen":"THE_SILENT","items_purchased":["HandDrill","Poisoned Stab","Dramatic Entrance","Dash","Cloak And Dagger","Endless Agony+1","Guide Book"],"campfire_rested":2,"item_purchase_floors":[0,0,5,12,12,12,19],"current_hp_per_floor":[51,50,50,40,40,40,28,28,28,49,48,48,50,52,74,68,82,84,84,70,41,41],"gold":31,"neow_bonus":"","is_daily":false,"chose_seed":false,"campfire_upgraded":1,"win_rate":0.0,"timestamp":1609820381,"path_taken":["M","M","M","M","$","R","M","?","T","R","M","$","M","M","R","BOSS","M","$","M","M"],"items_purchased_type":["Relic","Card","Card","Card","Card","Card","Relic"],"build_version":"2020-12-22","purchased_purges":2,"victory":false,"max_hp_per_floor":[70,70,70,70,70,70,70,70,70,70,72,72,74,76,76,76,82,84,84,86,86,86],"card_choices":[{"not_picked":["Reflex","Quick Slash"],"picked":"Bane","floor":1},{"not_picked":["Deflect","Hidden Blade"],"picked":"Blade Dance","floor":2},{"not_picked":["Hidden Blade","Noxious Fumes"],"picked":"Blade Dance","floor":3},{"not_picked":["ReplayTheSpireMod:Scrap Shanks","Hidden Blade"],"picked":"Slice","floor":4},{"not_picked":["Prepared","Dagger Throw"],"picked":"Venomology","floor":7},{"not_picked":["Dagger Spray","Flying Knee","Catalyst"],"picked":"Singing Bowl","floor":11},{"not_picked":["Deflect","ReplayTheSpireMod:The Works","ReplayTheSpireMod:Exploit Weakness"],"picked":"Singing Bowl","floor":13},{"not_picked":["Bane","Quick Slash","Deflect"],"picked":"Singing Bowl","floor":14},{"not_picked":["Envenom","Burst"],"picked":"Storm of Steel","floor":16},{"not_picked":["Sickly","Doubt","Normality"],"picked":"Singing Bowl","floor":17},{"not_picked":["ReplayTheSpireMod:Faulty Equipment","Hallucinations","Pain"],"picked":"Singing Bowl","floor":17},{"not_picked":["Regret","ReplayTheSpireMod:Faulty Equipment","Normality"],"picked":"Singing Bowl","floor":17},{"not_picked":["Slice+1","Outmaneuver","PiercingWail+1"],"picked":"Singing Bowl","floor":18},{"not_picked":["Deflect","Bane+1","Hidden Blade"],"picked":"Singing Bowl","floor":20}],"player_experience":111621,"relics_obtained":[{"floor":9,"key":"Singing Bowl"}],"event_choices":[{"damage_healed":0,"gold_gain":175,"player_choice":"AGREE","damage_taken":0,"max_hp_gain":0,"max_hp_loss":0,"event_name":"Liars Game","floor":8,"gold_loss":0,"cards_obtained":["Doubt"]}],"is_beta":false,"boss_relics":[{"not_picked":["Replay:Drink Me","Kintsugi"],"picked":"Replay:Ancient Bell"},{"not_picked":["Vajra","Regal Pillow"],"picked":"Juzu Bracelet"},{"not_picked":["Question Card","Kunai"],"picked":"Divine Protection"},{"not_picked":["Replay:Kaleidoscope","Calipers"],"picked":"The Specimen"}],"items_purged_floors":[5,12],"is_endless":false,"potions_floor_spawned":[2,4,7,11,13,14],"killed_by":"Centurion and Healer","ascension_level":0}}