{"host":"Timothy","time":1609849944,"event":{"mods":["AchievementEnabler","BaseMod","Bestiary","Highlight Path","Minty Spire (QoL Compilation)","Quick Restart","Slay-I"],"gold_per_floor":[117,127,127,127,77,106,106,135,135,152,152,152,17,34,34,136,136,154,229,249,189,189,189,222,222,245,277,295,295,312,324,324,425,425,444,444,454,503,380,380,412,425,425,436,436,462,480,19,19,19,19,19,19,58,58,58],"floor_reached":55,"playtime":4655,"items_purged":["Strike_P+1","Eruption","Vigilance+1"],"score":773,"play_id":"74cd6137-8735-4ae8-ac90-6fc1093f852f","local_time":"20210105043224","is_ascension_mode":false,"campfire_choices":[{"data":"PathToVictory","floor":7.0,"key":"SMITH"},{"data":"Vigilance","floor":11.0,"key":"SMITH"},{"data":"WindmillStrike","floor":15.0,"key":"SMITH"},{"data":"RitualDagger","floor":23.0,"key":"SMITH"},{"data":"PathToVictory","floor":25.0,"key":"SMITH"},{"data":"ThirdEye","floor":29.0,"key":"SMITH"},{"data":"Defend_P","floor":32.0,"key":"SMITH"},{"floor":40.0,"key":"REST"},{"data":"ThirdEye","floor":45.0,"key":"SMITH"},{"floor":49.0,"key":"RECALL"},{"data":"Madness","floor":52.0,"key":"SMITH"}],"circlet_count":0,"master_deck":["Defend_P+1","Defend_P+1","Collect+1","Consecrate+1","Devotion+1","PathToVictory+1","WindmillStrike+1","Flash of Steel","ThirdEye+1","Alpha","PathToVictory+1","RitualDagger+1","ThirdEye+1","PathToVictory+1","Madness+1","Madness","ThirdEye+1","Prostrate+1"],"relics":["Astrolabe","GoldenEye","Mango","The Courier","Runic Pyramid","Gremlin Horn","Boot","Omamori","Busted Crown","Unceasing Top","Bag of Marbles","CeramicFish","Chemical X","Happy Flower","Ancient Tea Set","Damaru"],"acts_visited":["Exordium","TheCity","TheBeyond","TheEnding"],"potions_floor_usage":[55,55,55],"damage_taken":[{"damage":2.0,"enemies":"Small Slimes","floor":1.0,"turns":3.0},{"damage":2.0,"enemies":"2 Louse","floor":2.0,"turns":3.0},{"damage":5.0,"enemies":"Lagavulin","floor":6.0,"turns":6.0},{"damage":28.0,"enemies":"3 Sentries","floor":8.0,"turns":7.0},{"damage":1.0,"enemies":"Jaw Worm","floor":10.0,"turns":3.0},{"damage":2.0,"enemies":"Blue Slaver","floor":14.0,"turns":3.0},{"damage":19.0,"enemies":"The Guardian","floor":16.0,"turns":6.0},{"damage":0.0,"enemies":"Chosen","floor":18.0,"turns":4.0},{"damage":5.0,"enemies":"3 Byrds","floor":20.0,"turns":4.0},{"damage":11.0,"enemies":"Book of Stabbing","floor":24.0,"turns":3.0},{"damage":6.0,"enemies":"Gremlin Leader","floor":27.0,"turns":4.0},{"damage":0.0,"enemies":"Snake Plant","floor":28.0,"turns":3.0},{"damage":0.0,"enemies":"Snecko","floor":30.0,"turns":3.0},{"damage":0.0,"enemies":"Centurion and Healer","floor":31.0,"turns":4.0},{"damage":20.0,"enemies":"Automaton","floor":33.0,"turns":9.0},{"damage":10.0,"enemies":"Orb Walker","floor":35.0,"turns":3.0},{"damage":0.0,"enemies":"3 Shapes","floor":37.0,"turns":4.0},{"damage":26.0,"enemies":"2 Orb Walkers","floor":38.0,"turns":6.0},{"damage":0.0,"enemies":"Giant Head","floor":41.0,"turns":6.0},{"damage":6.0,"enemies":"Jaw Worm Horde","floor":42.0,"turns":4.0},{"damage":0.0,"enemies":"Sphere and 2 Shapes","floor":44.0,"turns":5.0},{"damage":26.0,"enemies":"Nemesis","floor":46.0,"turns":7.0},{"damage":0.0,"enemies":"Transient","floor":47.0,"turns":5.0},{"damage":29.0,"enemies":"Donu and Deca","floor":50.0,"turns":6.0},{"damage":38.0,"enemies":"Shield and Spear","floor":54.0,"turns":6.0},{"damage":72,"enemies":"The Heart","floor":55,"turns":5}],"seed_played":"3284287759388893292","potions_obtained":[{"floor":1.0,"key":"EntropicBrew"},{"floor":2.0,"key":"Swift Potion"},{"floor":16.0,"key":"Block Potion"},{"floor":18.0,"key":"Ancient Potion"},{"floor":27.0,"key":"SpeedPotion"},{"floor":31.0,"key":"SpeedPotion"},{"floor":33.0,"key":"PowerPotion"},{"floor":41.0,"key":"LiquidBronze"},{"floor":47.0,"key":"Explosive Potion"}],"is_trial":false,"path_per_floor":["M","M","$","?","?","E","R","E","T","M","R","?","$","M","R","B",null,"M","?","M","$","?","R","E","R","T","E","M","R","M","M","R","B",null,"M","?","M","?","$","R","E","M","T","M","R","E","M","$","R","B",null,"R","$","E","B"],"character_chosen":"WATCHER","items_purchased":["WindmillStrike","Flash of Steel","ThirdEye","Chemical X","Happy Flower","Ancient Tea Set"],"campfire_rested":1,"item_purchase_floors":[13,13,39,48,48,48],"current_hp_per_floor":[70,68,68,61,61,56,56,42,42,41,41,24,24,22,22,18,86,86,78,73,73,67,67,56,56,56,50,50,50,50,50,50,30,86,76,65,65,39,39,64,64,58,58,58,58,32,32,32,32,3,86,86,86,48,0,0],"gold":58,"neow_bonus":"BOSS_RELIC","is_daily":false,"chose_seed":false,"campfire_upgraded":9,"win_rate":0.0,"timestamp":1609849944,"path_taken":["M","M","$","?","?","E","R","E","T","M","R","?","?","?","R","BOSS","M","?","?","$","?","R","E","R","T","E","M","R","M","M","R","BOSS","M","?","M","?","$","R","E","M","T","?","R","E","M","$","R","BOSS","R","$","E","BOSS"],"items_purchased_type":["Card","Card","Card","Relic","Relic","Relic"],"build_version":"2020-12-18","purchased_purges":3,"victory":false,"max_hp_per_floor":[72,72,72,72,72,72,72,86,86,86,86,86,86,86,86,86,86,86,86,86,86,86,86,86,86,86,86,86,86,86,86,86,86,86,86,86,86,86,86,86,86,86,86,86,86,86,86,86,86,86,86,86,86,86,86,86],"card_choices":[{"not_picked":["Nirvana","EmptyFist","Prostrate"],"picked":"SKIP","floor":1.0},{"not_picked":["BowlingBash","EmptyMind","EmptyFist"],"picked":"SKIP","floor":2.0},{"not_picked":["BowlingBash","DevaForm"],"picked":"PathToVictory","floor":6.0},{"not_picked":["FlurryOfBlows","Prostrate","TalkToTheHand"],"picked":"SKIP","floor":8.0},{"not_picked":["Prostrate","Indignation","JustLucky"],"picked":"SKIP","floor":10.0},{"not_picked":["Protect","ClearTheMind"],"picked":"ThirdEye","floor":14.0},{"not_picked":["MasterReality","LessonLearned"],"picked":"Alpha","floor":16.0},{"not_picked":["BowlingBash+1","Protect","Halt"],"picked":"SKIP","floor":18.0},{"not_picked":["Consecrate","Prostrate"],"picked":"PathToVictory","floor":20.0},{"not_picked":["DevaForm","Consecrate"],"picked":"ThirdEye+1","floor":24.0},{"not_picked":["SignatureMove","CarveReality+1","Crescendo"],"picked":"SKIP","floor":27.0},{"not_picked":["Halt","CrushJoints","InnerPeace+1"],"picked":"SKIP","floor":28.0},{"not_picked":["Perseverance+1","CarveReality+1"],"picked":"PathToVictory+1","floor":30.0},{"not_picked":["BattleHymn","TalkToTheHand","FollowUp"],"picked":"SKIP","floor":31.0},{"not_picked":["Indignation"],"picked":"SKIP","floor":35.0},{"not_picked":["Vengeance"],"picked":"SKIP","floor":37.0},{"not_picked":["Meditate"],"picked":"SKIP","floor":41.0},{"not_picked":["JustLucky"],"picked":"SKIP","floor":42.0},{"not_picked":["ClearTheMind+1"],"picked":"SKIP","floor":44.0},{"not_picked":["ThirdEye+1"],"picked":"SKIP","floor":46.0},{"not_picked":["ThirdEye+1"],"picked":"SKIP","floor":46.0},{"not_picked":["FlyingSleeves"],"picked":"SKIP","floor":47.0},{"not_picked":[],"picked":"Prostrate+1","floor":54.0}],"player_experience":746702,"relics_obtained":[{"floor":6.0,"key":"GoldenEye"},{"floor":8.0,"key":"Mango"},{"floor":9.0,"key":"The Courier"},{"floor":24.0,"key":"Gremlin Horn"},{"floor":26.0,"key":"Boot"},{"floor":27.0,"key":"Omamori"},{"floor":38.0,"key":"Unceasing Top"},{"floor":41.0,"key":"Bag of Marbles"},{"floor":46.0,"key":"CeramicFish"},{"floor":54.0,"key":"Damaru"}],"event_choices":[{"cards_removed":["Defend_P"],"damage_healed":0.0,"max_hp_gain":0.0,"max_hp_loss":0.0,"gold_gain":0.0,"event_name":"Golden Wing","player_choice":"Card Removal","floor":4.0,"gold_loss":0.0,"damage_taken":7.0},{"cards_removed":["Defend_P"],"damage_healed":0.0,"max_hp_gain":0.0,"max_hp_loss":0.0,"gold_gain":0.0,"event_name":"The Cleric","player_choice":"Card Removal","floor":5.0,"gold_loss":50.0,"damage_taken":0.0},{"damage_healed":0.0,"max_hp_gain":0.0,"max_hp_loss":0.0,"gold_gain":0.0,"event_name":"Shining Light","player_choice":"Entered Light","floor":12.0,"gold_loss":0.0,"damage_taken":17.0,"cards_upgraded":["Defend_P","Strike_P"]},{"damage_healed":0.0,"max_hp_gain":0.0,"max_hp_loss":0.0,"gold_gain":75.0,"event_name":"FaceTrader","player_choice":"Touch","floor":19.0,"gold_loss":0.0,"damage_taken":8.0},{"damage_healed":0.0,"max_hp_gain":0.0,"max_hp_loss":0.0,"gold_gain":0.0,"event_name":"Nest","player_choice":"Joined the Cult","floor":22.0,"gold_loss":0.0,"damage_taken":6.0,"cards_obtained":["RitualDagger"]},{"damage_healed":0.0,"max_hp_gain":0.0,"max_hp_loss":0.0,"gold_gain":0.0,"event_name":"Winding Halls","player_choice":"Embrace Madness","floor":36.0,"gold_loss":0.0,"damage_taken":11.0,"cards_obtained":["Madness","Madness"]},{"damage_healed":0.0,"max_hp_gain":0.0,"max_hp_loss":0.0,"gold_gain":0.0,"event_name":"Mysterious Sphere","player_choice":"Fight","floor":38.0,"gold_loss":0.0,"damage_taken":0.0}],"is_beta":true,"boss_relics":[{"not_picked":["Sozu","VioletLotus"],"picked":"Runic Pyramid"},{"not_picked":["Tiny House","Calling Bell"],"picked":"Busted Crown"}],"items_purged_floors":[21,39,48],"is_endless":false,"potions_floor_spawned":[1,2,10,16,18,27,31,33,41,47],"killed_by":"The Heart","ascension_level":0}}