{"host":"1u4zr9vl8my47i07","time":1609819168,"event":{"mods":["AchievementEnabler","BaseMod","DeckTracker","Highlight Path","Keyboard Shortcuts","Minty Spire (QoL Compilation)","Relic Stats","StSLib","SuperFastMode","The Animator","Uncapped","Waifu the Spire","everything is the same but u backflip on backflip"],"gold_per_floor":[114,131,5,24,42,77,77,77,77,90,105,5,5,18,18,121,171,188,188,288,305,305,305,317,317,317,330,342,342,422,432,432,432,432],"floor_reached":33,"playtime":1861,"items_purged":["Strike_G","Strike_G"],"score":389,"play_id":"e922f08b-4d57-490d-bb23-5d3929df5d82","local_time":"20210105125928","is_ascension_mode":true,"campfire_choices":[{"floor":7.0,"key":"REST"},{"floor":13.0,"key":"REST"},{"data":"Tactician","floor":15.0,"key":"SMITH"},{"data":"Calculated Gamble","floor":23.0,"key":"SMITH"},{"data":"Acrobatics","floor":25.0,"key":"SMITH"},{"floor":32.0,"key":"REST"}],"circlet_count":0,"master_deck":["AscendersBane","Strike_G","Strike_G","Defend_G","Defend_G","Defend_G","Defend_G","Defend_G","Survivor","Neutralize","Backflip","Flying Knee","Cloak And Dagger+1","Blade Dance","Dagger Throw","Bouncing Flask+1","Reflex","Tactician+1","Grand Finale","Acrobatics+1","Backflip","Calculated Gamble+1","PiercingWail","Concentrate+1","Adrenaline","Acrobatics","Decay","Calculated Gamble"],"relics":["Ring of the Snake","Orichalcum","Singing Bowl","Tiny House","Pocketwatch","Paper Crane"],"acts_visited":["Exordium","TheCity"],"potions_floor_usage":[],"damage_taken":[{"damage":3.0,"enemies":"2 Louse","floor":1.0,"turns":3.0},{"damage":9.0,"enemies":"Cultist","floor":2.0,"turns":6.0},{"damage":3.0,"enemies":"Jaw Worm","floor":4.0,"turns":6.0},{"damage":3.0,"enemies":"Exordium Thugs","floor":5.0,"turns":6.0},{"damage":32.0,"enemies":"Gremlin Nob","floor":6.0,"turns":4.0},{"damage":3.0,"enemies":"2 Fungi Beasts","floor":10.0,"turns":3.0},{"damage":4.0,"enemies":"Red Slaver","floor":11.0,"turns":3.0},{"damage":5.0,"enemies":"Blue Slaver","floor":14.0,"turns":3.0},{"damage":9.0,"enemies":"The Guardian","floor":16.0,"turns":8.0},{"damage":1.0,"enemies":"Chosen","floor":18.0,"turns":4.0},{"damage":9.0,"enemies":"Spheric Guardian","floor":21.0,"turns":5.0},{"damage":24.0,"enemies":"Snake Plant","floor":24.0,"turns":5.0},{"damage":30.0,"enemies":"Snecko","floor":27.0,"turns":6.0},{"damage":0.0,"enemies":"Centurion and Healer","floor":28.0,"turns":3.0},{"damage":15.0,"enemies":"Sentry and Sphere","floor":31.0,"turns":4.0},{"damage":3,"enemies":"Automaton","floor":33,"turns":6}],"seed_played":"-7956182224123390786","potions_obtained":[{"floor":6.0,"key":"EssenceOfSteel"},{"floor":10.0,"key":"DuplicationPotion"},{"floor":11.0,"key":"GamblersBrew"},{"floor":17.0,"key":"Regen Potion"},{"floor":27.0,"key":"AttackPotion"}],"is_trial":false,"path_per_floor":["M","M","$","M","M","E","R","?","T","M","M","$","R","M","R","B",null,"M","?","?","M","?","R","M","R","T","M","M","?","T","M","R","B"],"character_chosen":"THE_SILENT","items_purchased":["Cloak And Dagger"],"campfire_rested":3,"item_purchase_floors":[3],"current_hp_per_floor":[60,51,51,48,45,13,34,34,34,33,29,29,50,45,45,36,68,67,67,67,58,58,58,48,48,48,18,18,18,18,3,26,23,23],"gold":432,"neow_bonus":"REMOVE_CARD","is_daily":false,"chose_seed":false,"campfire_upgraded":3,"win_rate":0.0,"timestamp":1609819168,"path_taken":["M","M","$","M","M","E","R","?","T","?","M","$","R","M","R","BOSS","M","?","?","?","?","R","M","R","T","M","M","?","?","M","R","BOSS"],"items_purchased_type":["Card"],"build_version":"2020-12-22","purchased_purges":2,"victory":false,"max_hp_per_floor":[70,70,70,70,70,70,70,70,70,72,72,72,72,72,72,72,77,77,77,77,77,77,77,77,77,77,77,77,77,77,77,77,77,77],"relic_stats":{"Singing Bowl":2,"counters":[16,75],"Orichalcum":[48],"obtain_stats":[{"Tiny House":17,"Singing Bowl":9,"Orichalcum":6,"Paper Crane":30,"Ring of the Snake":0,"Pocketwatch":26},{"Tiny House":9,"Singing Bowl":5,"Orichalcum":5,"Paper Crane":14,"Ring of the Snake":0,"Pocketwatch":12},{"Tiny House":42,"Singing Bowl":25,"Orichalcum":25,"Paper Crane":65,"Ring of the Snake":0,"Pocketwatch":56}],"Ring of the Snake":[32],"Pocketwatch":[9]},"card_choices":[{"not_picked":["Bane","Caltrops"],"picked":"Backflip","floor":1.0},{"not_picked":["Slice","Sucker Punch"],"picked":"Flying Knee","floor":2.0},{"not_picked":["Dagger Throw","Cloak And Dagger"],"picked":"Blade Dance","floor":4.0},{"not_picked":["Bane","Prepared"],"picked":"Dagger Throw","floor":5.0},{"not_picked":["Dash","Distraction"],"picked":"Bouncing Flask","floor":6.0},{"not_picked":["Bane","Glass Knife","Prepared"],"picked":"Singing Bowl","floor":10.0},{"not_picked":["Infinite Blades","Choke"],"picked":"Reflex","floor":11.0},{"not_picked":["Deadly Poison","Backstab"],"picked":"Tactician","floor":14.0},{"not_picked":["After Image","Envenom"],"picked":"Grand Finale","floor":16.0},{"not_picked":["Quick Slash","Blade Dance"],"picked":"Acrobatics","floor":17.0},{"not_picked":["Outmaneuver","Underhanded Strike+1"],"picked":"Backflip","floor":18.0},{"not_picked":["Acrobatics","Cloak And Dagger"],"picked":"PiercingWail","floor":21.0},{"not_picked":["Terror","Prepared"],"picked":"Concentrate+1","floor":24.0},{"not_picked":["Prepared","Calculated Gamble"],"picked":"Adrenaline","floor":27.0},{"not_picked":["Backflip","Quick Slash+1"],"picked":"Acrobatics","floor":28.0},{"not_picked":["Bane","Footwork"],"picked":"Calculated Gamble","floor":31.0}],"player_experience":287113,"relics_obtained":[{"floor":6.0,"key":"Orichalcum"},{"floor":9.0,"key":"Singing Bowl"},{"floor":26.0,"key":"Pocketwatch"},{"floor":30.0,"key":"Paper Crane"}],"event_choices":[{"damage_healed":0.0,"max_hp_gain":0.0,"max_hp_loss":0.0,"gold_gain":0.0,"event_name":"Upgrade Shrine","player_choice":"Upgraded","floor":8.0,"gold_loss":0.0,"damage_taken":0.0,"cards_upgraded":["Bouncing Flask"]},{"damage_healed":0.0,"max_hp_gain":0.0,"max_hp_loss":0.0,"gold_gain":0.0,"event_name":"The Library","player_choice":"Read","floor":19.0,"gold_loss":0.0,"damage_taken":0.0,"cards_obtained":["Calculated Gamble"]},{"damage_healed":0.0,"max_hp_gain":0.0,"max_hp_loss":0.0,"gold_gain":100.0,"event_name":"Golden Shrine","player_choice":"Pray","floor":20.0,"gold_loss":0.0,"damage_taken":0.0},{"damage_healed":0.0,"max_hp_gain":0.0,"max_hp_loss":0.0,"gold_gain":0.0,"event_name":"Cursed Tome","player_choice":"Ignored","floor":22.0,"gold_loss":0.0,"damage_taken":0.0},{"damage_healed":0.0,"max_hp_gain":0.0,"max_hp_loss":0.0,"gold_gain":0.0,"event_name":"Forgotten Altar","player_choice":"Smashed Altar","floor":29.0,"gold_loss":0.0,"damage_taken":0.0,"cards_obtained":["Decay"]}],"is_beta":false,"boss_relics":[{"not_picked":["Velvet Choker","Ectoplasm"],"picked":"Tiny House"}],"items_purged_floors":[3,12],"is_endless":false,"potions_floor_spawned":[6,10,11,21,27],"killed_by":"Automaton","ascension_level":11}}