{"host":"ct28ocsd8g8yr2ah","time":1609849182,"event":{"mods":["BaseMod","Better Third Choice","Hermit","Marisa????????","Minty Spire (QoL Compilation)","StSLib","The Animator","The Gatherer","The Servant 0.9.4","Waifu the Spire"],"gold_per_floor":[115,115,131,31,106,140,159,172,172,172,198,212,0,0,0,0,0],"floor_reached":16,"playtime":453,"items_purged":["Burn","hermit:Strike_Hermit"],"score":135,"play_id":"c9f3515b-6e60-47a3-86a4-7b0e39ae32f2","local_time":"20210105171942","is_ascension_mode":false,"campfire_choices":[{"data":"hermit:CursedWeapon","floor":10,"key":"SMITH"},{"floor":15,"key":"REST"}],"circlet_count":0,"master_deck":["hermit:Strike_Hermit","hermit:Strike_Hermit","hermit:Strike_Hermit","hermit:Defend_Hermit","hermit:Defend_Hermit","hermit:Defend_Hermit","hermit:Defend_Hermit","hermit:Snapshot","hermit:Covet","hermit:Horror","hermit:Midnight","hermit:SprayPray","hermit:Quickdraw","hermit:CursedWeapon+1","hermit:Manifest","hermit:Roughhouse","hermit:Misfire","hermit:Brawl","hermit:GhostlyPresence","hermit:Virtue"],"relics":["hermit:Momento","NeowsBlessing","Dream Catcher","Tiny Chest","Blue Candle","hermit:RyeStalk","Frozen Egg 2"],"acts_visited":["Exordium"],"potions_floor_usage":[8,8,11],"damage_taken":[{"damage":0,"enemies":"2 Louse","floor":1,"turns":1},{"damage":0,"enemies":"Small Slimes","floor":3,"turns":1},{"damage":0,"enemies":"Gremlin Nob","floor":6,"turns":1},{"damage":0,"enemies":"Jaw Worm","floor":7,"turns":2},{"damage":2,"enemies":"Gremlin Gang","floor":8,"turns":3},{"damage":13,"enemies":"3 Sentries","floor":11,"turns":5},{"damage":2,"enemies":"Exordium Thugs","floor":12,"turns":3},{"damage":47,"enemies":"The Guardian","floor":16,"turns":4}],"seed_played":"8550408779014208741","potions_obtained":[{"floor":1,"key":"EssenceOfSteel"},{"floor":3,"key":"SteroidPotion"},{"floor":8,"key":"DistilledChaos"}],"is_trial":false,"path_per_floor":["M","?","M","$","?","E","M","M","T","R","E","M","$","?","R","B"],"character_chosen":"HERMIT","items_purchased":["hermit:SprayPray","hermit:Brawl","hermit:GhostlyPresence"],"campfire_rested":1,"item_purchase_floors":[4,13,13],"current_hp_per_floor":[75,75,75,75,64,64,64,62,62,62,49,47,47,24,46,0,0],"gold":0,"neow_bonus":"THREE_ENEMY_KILL","is_daily":false,"chose_seed":false,"campfire_upgraded":1,"win_rate":0.0,"timestamp":1609849182,"path_taken":["M","?","M","$","?","E","M","M","T","R","E","M","$","?","R","BOSS"],"items_purchased_type":["Card","Card","Card"],"build_version":"2020-12-22","purchased_purges":2,"victory":false,"max_hp_per_floor":[75,75,75,75,75,75,75,75,75,75,75,75,75,75,75,75,75],"card_choices":[{"not_picked":["hermit:LuckOfTheDraw","hermit:HighCaliber"],"picked":"hermit:Horror","floor":1},{"not_picked":["hermit:Coalescence","hermit:GoldenBullet"],"picked":"hermit:Midnight","floor":3},{"not_picked":["hermit:HighCaliber","hermit:HoleUp"],"picked":"hermit:Quickdraw","floor":6},{"not_picked":["hermit:Brawl","hermit:HighCaliber"],"picked":"hermit:CursedWeapon","floor":7},{"not_picked":["hermit:ItchyTrigger","hermit:SprayPray"],"picked":"hermit:Manifest","floor":8},{"not_picked":["hermit:Quickdraw","hermit:Manifest"],"picked":"hermit:Roughhouse","floor":11},{"not_picked":["hermit:CalledShot","hermit:Snipe"],"picked":"hermit:Misfire","floor":12},{"not_picked":["hermit:Vantage","hermit:HoleUp"],"picked":"hermit:Virtue","floor":15}],"player_experience":467759,"relics_obtained":[{"floor":6,"key":"Dream Catcher"},{"floor":9,"key":"Tiny Chest"},{"floor":11,"key":"Blue Candle"}],"event_choices":[{"damage_healed":75,"gold_gain":0,"player_choice":"Embrace Burn","damage_taken":0,"max_hp_gain":0,"max_hp_loss":75,"event_name":"betterThird:BetterShining","floor":2,"gold_loss":0},{"damage_healed":0,"gold_gain":75,"player_choice":"Gold","damage_taken":11,"max_hp_gain":0,"max_hp_loss":0,"event_name":"betterThird:BetterGoop","floor":5,"gold_loss":0},{"damage_healed":0,"gold_gain":1,"player_choice":"Relic Relic ","damage_taken":23,"max_hp_gain":0,"max_hp_loss":0,"event_name":"betterThird:BetterScrap","floor":14,"gold_loss":0,"cards_obtained":["Static Discharge"]}],"is_beta":false,"boss_relics":[],"items_purged_floors":[4,13],"is_endless":false,"potions_floor_spawned":[1,3,8],"killed_by":"The Guardian","ascension_level":0}}