{"host":"37dk0reb6x0du8wx","time":1609835580,"event":{"mods":["BaseMod","Colored Map","DeckTracker","Minty Spire (QoL Compilation)","Quick Restart","StSLib"],"gold_per_floor":[210,210,210,227,244,244,273,273,273,284,284,314,17,28,28,123,123,140,156,2,2,2,2,15,15,60,88,108,108,160,17,17,119,119,138,148,148,148,48,76,76,90,116,116,148,148,173,183,183,183],"floor_reached":51,"playtime":1346,"items_purged":["Strike_B","Fission"],"score":879,"play_id":"7fd4a3bb-ce54-4dcb-8891-0f5ac05bb8c8","local_time":"20210105173300","is_ascension_mode":true,"campfire_choices":[{"data":"Darkness","floor":6,"key":"SMITH"},{"floor":8,"key":"REST"},{"data":"Strike_B","floor":11,"key":"PURGE"},{"floor":15,"key":"REST"},{"data":"Defend_B","floor":23,"key":"PURGE"},{"data":"Multi-Cast","floor":25,"key":"SMITH"},{"floor":32,"key":"REST"},{"data":"Recycle","floor":41,"key":"SMITH"},{"floor":44,"key":"REST"},{"floor":49,"key":"REST"}],"circlet_count":0,"master_deck":["Defend_B","Defend_B","Defend_B","Zap","Dualcast","BootSequence+1","Darkness+1","Lockon","Loop+1","Multi-Cast+1","Leap+1","Auto Shields+1","Redo","Conserve Battery","Core Surge","Auto Shields+1","Recycle+1","Conserve Battery+1"],"relics":["Cracked Core","Peace Pipe","Calipers","Pear","Chemical X","Velvet Choker","Tiny Chest","PreservedInsect","Pantograph","DataDisk","DollysMirror","Philosopher\u0027s Stone","Orichalcum","Strawberry","War Paint","Meat on the Bone","Lantern"],"acts_visited":["Exordium","TheCity","TheBeyond"],"potions_floor_usage":[7,33,33,50,50],"damage_taken":[{"damage":7,"enemies":"Jaw Worm","floor":1,"turns":3},{"damage":0,"enemies":"2 Louse","floor":4,"turns":2},{"damage":0,"enemies":"Cultist","floor":5,"turns":4},{"damage":32,"enemies":"3 Sentries","floor":7,"turns":8},{"damage":3,"enemies":"Blue Slaver","floor":10,"turns":4},{"damage":12,"enemies":"Exordium Wildlife","floor":14,"turns":4},{"damage":43,"enemies":"Hexaghost","floor":16,"turns":8},{"damage":7,"enemies":"2 Thieves","floor":18,"turns":2},{"damage":0,"enemies":"Chosen","floor":19,"turns":4},{"damage":0,"enemies":"Centurion and Healer","floor":24,"turns":3},{"damage":19,"enemies":"Slavers","floor":27,"turns":3},{"damage":46,"enemies":"3 Cultists","floor":28,"turns":5},{"damage":51,"enemies":"Automaton","floor":33,"turns":9},{"damage":15,"enemies":"Orb Walker","floor":35,"turns":3},{"damage":69,"enemies":"3 Darklings","floor":36,"turns":7},{"damage":6,"enemies":"Nemesis","floor":40,"turns":5},{"damage":20,"enemies":"Maw","floor":42,"turns":5},{"damage":0,"enemies":"Giant Head","floor":45,"turns":4},{"damage":7,"enemies":"Sphere and 2 Shapes","floor":48,"turns":3},{"damage":65,"enemies":"Time Eater","floor":50,"turns":8}],"seed_played":"2662296703727524156","potions_obtained":[{"floor":1,"key":"LiquidMemories"},{"floor":14,"key":"FearPotion"},{"floor":16,"key":"Block Potion"},{"floor":24,"key":"SteroidPotion"},{"floor":33,"key":"Swift Potion"},{"floor":40,"key":"Fire Potion"}],"is_trial":false,"path_per_floor":["M","?","?","M","M","R","E","R","T","M","R","?","$","M","R","B",null,"M","M","$","?","$","R","M","R","T","E","M","?","T","$","R","B",null,"M","M","?","?","$","E","R","M","T","R","E","T","T","M","R","B",null],"character_chosen":"DEFECT","items_purchased":["Loop","Chemical X","Tiny Chest","DollysMirror"],"campfire_rested":5,"item_purchase_floors":[13,13,20,31],"current_hp_per_floor":[68,68,68,68,68,68,36,58,58,55,55,65,65,53,78,35,85,78,78,78,78,78,78,78,78,78,59,13,4,4,4,29,3,85,70,1,74,70,70,64,64,44,51,74,74,74,74,67,77,24],"gold":183,"neow_bonus":"HUNDRED_GOLD","is_daily":false,"chose_seed":false,"campfire_upgraded":3,"win_rate":0.0,"timestamp":1609835580,"path_taken":["M","?","?","?","M","R","E","R","T","M","R","?","$","M","R","BOSS","M","M","$","?","$","R","M","R","T","E","?","?","?","$","R","BOSS","M","M","?","?","$","E","R","M","T","R","E","?","?","?","R","BOSS"],"items_purchased_type":["Card","Relic","Relic","Relic"],"build_version":"2020-12-22","purchased_purges":2,"victory":true,"max_hp_per_floor":[75,75,75,75,75,75,75,75,75,75,75,85,85,85,85,85,85,85,85,85,85,85,85,85,85,85,85,85,85,85,85,85,85,85,85,85,74,70,70,70,70,70,77,77,77,77,77,77,77,77],"card_choices":[{"not_picked":["Glacier","Gash","Turbo"],"picked":"SKIP","floor":1},{"not_picked":["Redo","Compile Driver"],"picked":"BootSequence","floor":4},{"not_picked":["Gash","Streamline"],"picked":"Darkness","floor":5},{"not_picked":["Stack","Sunder"],"picked":"Lockon","floor":7},{"not_picked":["Go for the Eyes","Tempest","White Noise"],"picked":"SKIP","floor":10},{"not_picked":["Static Discharge","Reprogram","Barrage"],"picked":"SKIP","floor":14},{"not_picked":["Meteor Strike","Echo Form"],"picked":"Multi-Cast","floor":16},{"not_picked":["Ball Lightning","Gash"],"picked":"Leap","floor":18},{"not_picked":["Barrage","Streamline"],"picked":"Auto Shields+1","floor":19},{"not_picked":["Rebound","FTL+1"],"picked":"Redo","floor":24},{"not_picked":["Scrape+1","Chaos"],"picked":"Conserve Battery","floor":27},{"not_picked":["FTL+1","Turbo"],"picked":"Core Surge","floor":28},{"not_picked":["Steam Power+1","Cold Snap","Melter"],"picked":"SKIP","floor":35},{"not_picked":["Turbo+1","Beam Cell"],"picked":"Recycle","floor":36},{"not_picked":["Tempest+1","Steam","Reprogram"],"picked":"SKIP","floor":40},{"not_picked":["Rebound","Coolheaded+1","Turbo"],"picked":"SKIP","floor":42},{"not_picked":["Barrage","Recycle","Chill+1"],"picked":"SKIP","floor":45},{"not_picked":["Hologram+1","Coolheaded"],"picked":"Conserve Battery+1","floor":48}],"player_experience":148016,"relics_obtained":[{"floor":7,"key":"Peace Pipe"},{"floor":9,"key":"Calipers"},{"floor":26,"key":"PreservedInsect"},{"floor":27,"key":"Pantograph"},{"floor":30,"key":"DataDisk"},{"floor":40,"key":"Orichalcum"},{"floor":43,"key":"Strawberry"},{"floor":45,"key":"War Paint"},{"floor":46,"key":"Meat on the Bone"},{"floor":47,"key":"Lantern"}],"event_choices":[{"cards_removed":["Strike_B"],"damage_healed":0,"gold_gain":0,"player_choice":"Forget","damage_taken":0,"max_hp_gain":0,"max_hp_loss":0,"event_name":"Living Wall","floor":2,"gold_loss":0},{"damage_healed":0,"gold_gain":0,"cards_transformed":["Strike_B"],"player_choice":"Transformed","damage_taken":0,"max_hp_gain":0,"max_hp_loss":0,"event_name":"Transmorgrifier","floor":3,"gold_loss":0,"cards_obtained":["Fission"]},{"damage_healed":0,"gold_gain":30,"player_choice":"Searched \u00272\u0027 times","damage_taken":0,"relics_obtained":["Pear"],"max_hp_gain":0,"max_hp_loss":0,"event_name":"Dead Adventurer","floor":12,"gold_loss":0},{"damage_healed":0,"gold_gain":0,"player_choice":"Upgraded","damage_taken":0,"max_hp_gain":0,"max_hp_loss":0,"event_name":"Upgrade Shrine","floor":21,"gold_loss":0,"cards_upgraded":["Loop"]},{"damage_healed":0,"gold_gain":0,"player_choice":"Stopped","damage_taken":9,"max_hp_gain":0,"max_hp_loss":0,"event_name":"Cursed Tome","floor":29,"gold_loss":0},{"damage_healed":74,"gold_gain":0,"player_choice":"Heal","damage_taken":0,"max_hp_gain":0,"max_hp_loss":11,"event_name":"The Moai Head","floor":37,"gold_loss":0},{"damage_healed":0,"gold_gain":0,"player_choice":"Max HP","damage_taken":0,"max_hp_gain":0,"max_hp_loss":4,"event_name":"Winding Halls","floor":38,"gold_loss":0}],"is_beta":false,"boss_relics":[{"not_picked":["Pandora\u0027s Box","Inserter"],"picked":"Velvet Choker"},{"not_picked":["Fusion Hammer","Coffee Dripper"],"picked":"Philosopher\u0027s Stone"}],"items_purged_floors":[13,39],"is_endless":false,"potions_floor_spawned":[1,14,16,24,27,28,33,40,42,48],"ascension_level":3}}