{"host":"3twtdwjpiqhvvn5s","time":1609818149,"event":{"mods":["AchievementEnabler","Act Like it!","BaseMod","BetterRewards","Colored Map","Colored Powertips","Downfall","Duelist Mod","Friendly Minions","GifTheSpireLib","Hallownest","Hermit","Hubris","Infinite Spire","Jorbs\u0027s Wanderer Trilogy","KinomotoSakuraMod(????)","Koishi","KomeijiMod","Marisa????????","Minty Spire (QoL Compilation)","Random Character Mod","Rare Cards Sparkle","Replay The Spire","Shop Mod","StSLib","Td1madao Mod","The Administrix","The Animator","The Bug Knight","The Caster","The Cursed","The Disciple","The Hierophant","The Necromancer","The Poker Player","The Runesmith","The Servant 0.9.4","TheFirefly"],"gold_per_floor":[112,129,139,155,117,117,117],"floor_reached":6,"playtime":931,"items_purged":[],"score":38,"play_id":"1bea2266-4dbd-4de8-8049-2c3a7980acc9","local_time":"20210104214229","daily_mods":["downfall:Hexed"],"is_ascension_mode":false,"campfire_choices":[],"circlet_count":0,"master_deck":["ClowCardTheSword","ClowCardTheSword","ClowCardTheSword","ClowCardTheSword","ClowCardTheShield","ClowCardTheShield","ClowCardTheShield","ClowCardTheShield","SpellCardSeal","SpellCardRelease","HandsUpC","Cuckoo","ClowCardTheMaze","Stagnate"],"relics":["Snecko Eye","Velvet Choker"],"acts_visited":["Exordium"],"potions_floor_usage":[6],"damage_taken":[{"damage":0,"enemies":"Cultist","floor":1,"turns":3},{"damage":0,"enemies":"Jaw Worm","floor":2,"turns":3},{"damage":0,"enemies":"Small Slimes","floor":3,"turns":3},{"damage":5,"enemies":"Looter","floor":4,"turns":3},{"damage":2,"enemies":"Lagavulin","floor":6,"turns":6}],"seed_played":"3782633420740208266","potions_obtained":[{"floor":2,"key":"Regen Potion"},{"floor":4,"key":"Toxic Potion"}],"is_trial":true,"path_per_floor":["M","M","M","M","$","E"],"character_chosen":"KINOMOTOSAKURA","items_purchased":["Stagnate"],"campfire_rested":0,"item_purchase_floors":[5],"current_hp_per_floor":[70,70,70,65,65,63,63],"gold":117,"neow_bonus":"","is_daily":false,"chose_seed":false,"campfire_upgraded":0,"win_rate":0.0,"timestamp":1609818149,"path_taken":["M","M","M","M","?","E"],"items_purchased_type":["Card"],"build_version":"2020-12-22","purchased_purges":0,"victory":false,"max_hp_per_floor":[70,70,70,70,70,70,70],"card_choices":[{"not_picked":["ClowCardTheVoice","LockedBlood"],"picked":"HandsUpC","floor":1},{"not_picked":["ClowCardTheDream","ClowCardTheMaze"],"picked":"Cuckoo","floor":2},{"not_picked":["HandsUpC","ExoVibe","LockedScales"],"picked":"SKIP","floor":3},{"not_picked":["ClowCardTheSand","ClowCardTheFlower"],"picked":"ClowCardTheMaze","floor":4}],"player_experience":1142702,"relics_obtained":[],"event_choices":[],"is_beta":false,"boss_relics":[],"items_purged_floors":[],"is_endless":false,"potions_floor_spawned":[2,4],"killed_by":"Lagavulin","ascension_level":0}}