{"host":"isy2gwbfe91wqj1j","time":1609810012,"event":{"mods":["AchievementEnabler","BaseMod","Better Altar","Better Match","Better Note","Better Sensory Stone","Better Skull","Better Third Choice","BetterRewards","Minty Spire (QoL Compilation)","StSLib"],"gold_per_floor":[113,188,7,17,17,17,43,56,56,56,56,69,83,83,83,83,83],"floor_reached":16,"playtime":945,"items_purged":["Strike_R","Strike_R"],"score":165,"play_id":"51b49689-d88d-439f-adbc-2ab77f3724ea","local_time":"20210104182652","is_ascension_mode":true,"campfire_choices":[{"data":"Bash","floor":6,"key":"SMITH"},{"floor":11,"key":"REST"},{"data":"Armaments","floor":15,"key":"SMITH"}],"circlet_count":0,"master_deck":["Strike_R","Strike_R","Strike_R","Defend_R","Defend_R","Defend_R","Defend_R","Bash+1","Cleave","Seeing Red","Flame Barrier","Shrug It Off","Armaments+1","Disarm"],"relics":["Burning Blood","Magic Flower","Art of War","Dream Catcher","Sundial","Gremlin Horn","Red Skull"],"acts_visited":["Exordium"],"potions_floor_usage":[],"damage_taken":[{"damage":7,"enemies":"Jaw Worm","floor":1,"turns":5},{"damage":6,"enemies":"Cultist","floor":4,"turns":3},{"damage":55,"enemies":"3 Sentries","floor":7,"turns":12},{"damage":0,"enemies":"2 Louse","floor":8,"turns":3},{"damage":5,"enemies":"Blue Slaver","floor":12,"turns":5},{"damage":3,"enemies":"Red Slaver","floor":13,"turns":7},{"damage":18,"enemies":"Hexaghost","floor":16,"turns":3}],"seed_played":"-3373276596080187061","potions_obtained":[{"floor":1,"key":"SpeedPotion"},{"floor":8,"key":"ColorlessPotion"},{"floor":12,"key":"DuplicationPotion"}],"is_trial":false,"path_per_floor":["M","?","$","M","?","R","E","M","T","?","R","M","M","$","R","B"],"character_chosen":"IRONCLAD","items_purchased":["Cleave","Art of War","Dream Catcher","Seeing Red"],"campfire_rested":1,"item_purchase_floors":[0,0,0,3],"current_hp_per_floor":[80,72,72,75,80,80,34,43,43,31,56,60,66,66,66,48,48],"gold":83,"neow_bonus":"","is_daily":false,"chose_seed":false,"campfire_upgraded":2,"win_rate":0.0,"timestamp":1609810012,"path_taken":["M","?","$","?","?","R","E","M","T","?","R","M","M","$","R","BOSS"],"items_purchased_type":["Card","Relic","Relic","Card"],"build_version":"2020-12-22","purchased_purges":2,"victory":false,"max_hp_per_floor":[80,80,80,80,85,85,85,85,85,85,85,85,85,85,85,85,85],"card_choices":[{"not_picked":["Ghostly Armor","Rupture","Perfected Strike"],"picked":"SKIP","floor":1},{"not_picked":["Anger","Intimidate","Thunderclap"],"picked":"SKIP","floor":4},{"not_picked":["Headbutt","Heavy Blade"],"picked":"Flame Barrier","floor":7},{"not_picked":["Rage","Thunderclap","Pommel Strike"],"picked":"SKIP","floor":8},{"not_picked":["Armaments","Battle Trance"],"picked":"Shrug It Off","floor":11},{"not_picked":["Flame Barrier","Pummel"],"picked":"Armaments","floor":12},{"not_picked":["Twin Strike","Bludgeon"],"picked":"Disarm","floor":13}],"player_experience":141646,"relics_obtained":[{"floor":7,"key":"Sundial"},{"floor":9,"key":"Gremlin Horn"}],"event_choices":[{"damage_healed":0,"gold_gain":75,"player_choice":"Touch","damage_taken":8,"max_hp_gain":0,"max_hp_loss":0,"event_name":"FaceTrader","floor":2,"gold_loss":0},{"damage_healed":0,"gold_gain":0,"player_choice":"Donut","damage_taken":0,"max_hp_gain":5,"max_hp_loss":0,"event_name":"Big Fish","floor":5,"gold_loss":0},{"damage_healed":0,"gold_gain":1,"player_choice":"Relic ","damage_taken":12,"max_hp_gain":0,"max_hp_loss":0,"event_name":"betterThird:BetterScrap","floor":10,"gold_loss":0,"cards_obtained":["Chill"]}],"is_beta":false,"boss_relics":[],"items_purged_floors":[0,3],"is_endless":false,"potions_floor_spawned":[1,8,12,13],"killed_by":"Hexaghost","ascension_level":2}}