{"host":"7xbu8gt067z192g2","time":1609846204,"event":{"mods":["BaseMod","Better Note","Colored Map","Colored Powertips","Googly Eyes","Highlight Path","Minty Spire (QoL Compilation)","Rare Cards Sparkle","Replay The Spire","StSLib","The Bladedancer","The Cursed","The Hierophant","The Valiant","The Wild Card"],"gold_per_floor":[111,41,41,41,66,97,116,116,116,147,161,184,46,62,62,182,182,182,198,51,51,0,35,35,35,35],"floor_reached":25,"playtime":1414,"items_purged":["Defend_B"],"score":282,"play_id":"36ca5ebe-548f-4d2c-ab2b-50723b666a43","local_time":"20210105063004","is_ascension_mode":true,"campfire_choices":[{"data":"Defragment","floor":8.0,"key":"SMITH"},{"floor":15.0,"key":"REST"},{"data":"Crystallizer","floor":24.0,"key":"SMITH"}],"circlet_count":0,"master_deck":["Strike_B","Strike_B","Defend_B","Defend_B","Zap+1","Dualcast","Cold Snap","Defragment+1","Melter","Sweeping Beam","Redo","Core Surge","Conserve Battery","Blizzard","ReplayTheSpireMod:Reroute Power","Mirror Shield","Tempest+1","Reprogram+1","ReplayRNGCard+1","Crystallizer+1","Capacitor"],"relics":["Cracked Core","NeowsBlessing","Golden Idol","Chameleon Ring","Ornamental Fan","Art of War","Astrolabe","Replay:Antivirus Software"],"acts_visited":["Exordium","TheCity"],"potions_floor_usage":[],"damage_taken":[{"damage":0.0,"enemies":"Cultist","floor":1.0,"turns":1.0},{"damage":0.0,"enemies":"Small Slimes","floor":5.0,"turns":1.0},{"damage":0.0,"enemies":"Gremlin Nob","floor":6.0,"turns":1.0},{"damage":12.0,"enemies":"Jaw Worm","floor":7.0,"turns":3.0},{"damage":5.0,"enemies":"3 Sentries","floor":10.0,"turns":4.0},{"damage":11.0,"enemies":"Exordium Thugs","floor":11.0,"turns":4.0},{"damage":6.0,"enemies":"Looter","floor":12.0,"turns":2.0},{"damage":6.0,"enemies":"Exordium Wildlife","floor":14.0,"turns":3.0},{"damage":35.0,"enemies":"Slime Boss","floor":16.0,"turns":9.0},{"damage":0.0,"enemies":"2 Thieves","floor":18.0,"turns":1.0},{"damage":0.0,"enemies":"Spheric Guardian","floor":19.0,"turns":3.0},{"damage":28.0,"enemies":"Book of Stabbing","floor":23.0,"turns":4.0},{"damage":20,"enemies":"Gremlin Leader","floor":25,"turns":2}],"seed_played":"-3973716902319976958","potions_obtained":[{"floor":5.0,"key":"SteroidPotion"},{"floor":11.0,"key":"SmokeBomb"},{"floor":12.0,"key":"SteroidPotion"},{"floor":19.0,"key":"AttackPotion"}],"is_trial":false,"path_per_floor":["M","$","?","?","M","E","M","R","T","E","M","M","$","M","R","B",null,"M","M","$","?","?","E","R","E"],"character_chosen":"DEFECT","items_purchased":["Defragment","Blizzard","ReplayTheSpireMod:Reroute Power","Crystallizer"],"campfire_rested":1,"item_purchase_floors":[2,13,13,20],"current_hp_per_floor":[75,75,57,57,57,57,45,45,45,40,29,23,23,17,39,4,75,75,75,75,75,75,47,47,27,27],"gold":35,"neow_bonus":"THREE_ENEMY_KILL","is_daily":false,"chose_seed":false,"campfire_upgraded":2,"win_rate":0.0,"timestamp":1609846204,"path_taken":["M","?","?","?","M","E","M","R","T","E","?","M","$","M","R","BOSS","M","M","$","?","?","E","R","E"],"items_purchased_type":["Card","Card","Card","Card"],"build_version":"2020-12-22","purchased_purges":1,"victory":false,"max_hp_per_floor":[75,75,75,75,75,75,75,75,75,75,75,75,75,75,75,75,75,75,75,75,75,75,75,75,75,75],"card_choices":[{"not_picked":["Ball Lightning","Barrage"],"picked":"Cold Snap","floor":1.0},{"not_picked":["Leap","Force Field"],"picked":"Melter","floor":5.0},{"not_picked":["Lockon","ReplayTheSpireMod:System Scan"],"picked":"Sweeping Beam","floor":6.0},{"not_picked":["FIFO Queue","Ball Lightning"],"picked":"Redo","floor":7.0},{"not_picked":["Sunder","Gash"],"picked":"Core Surge","floor":10.0},{"not_picked":["Panic Button","Turbo"],"picked":"Conserve Battery","floor":11.0},{"not_picked":["Static Discharge","Rebound"],"picked":"Doom and Gloom","floor":12.0},{"not_picked":["Recycle","Conserve Battery","Ball Lightning"],"picked":"SKIP","floor":14.0},{"not_picked":["Machine Learning","Rainbow"],"picked":"Mirror Shield","floor":16.0},{"not_picked":["Aggregate","Rebound","BasicCrystalCard"],"picked":"SKIP","floor":19.0},{"not_picked":["Steam","Coolheaded"],"picked":"Capacitor","floor":23.0}],"player_experience":142696,"relics_obtained":[{"floor":6.0,"key":"Chameleon Ring"},{"floor":9.0,"key":"Ornamental Fan"},{"floor":10.0,"key":"Art of War"},{"floor":23.0,"key":"Replay:Antivirus Software"}],"event_choices":[{"damage_healed":0.0,"max_hp_gain":0.0,"max_hp_loss":0.0,"gold_gain":0.0,"event_name":"Golden Idol","player_choice":"Take Damage","floor":3.0,"gold_loss":0.0,"damage_taken":18.0,"relics_obtained":["Golden Idol"]},{"cards_removed":["Defend_B"],"damage_healed":0.0,"max_hp_gain":0.0,"max_hp_loss":0.0,"gold_gain":0.0,"event_name":"Back to Basics","player_choice":"Elegance","floor":21.0,"gold_loss":0.0,"damage_taken":0.0},{"damage_healed":0.0,"max_hp_gain":0.0,"max_hp_loss":0.0,"gold_gain":0.0,"event_name":"Masked Bandits","player_choice":"Paid Fearfully","floor":22.0,"gold_loss":51.0,"damage_taken":0.0}],"is_beta":false,"boss_relics":[{"not_picked":["Tiny House","ChewingGum"],"picked":"Astrolabe"}],"items_purged_floors":[20],"is_endless":false,"potions_floor_spawned":[5,11,12,19],"killed_by":"Gremlin Leader","ascension_level":2}}