{"host":"hbwa3kjetxrogfq8","time":1609811059,"event":{"mods":["AchievementEnabler","BaseMod","Block Reminder","Colored Map","Colored Powertips","Highlight Path","Minty Spire (QoL Compilation)","Rare Cards Sparkle","Relic Stats","StSLib"],"gold_per_floor":[210,223,53,69,85,85,100,100,127,137,137,151,108,119,119,222,222,242,242,242],"floor_reached":19,"playtime":1275,"items_purged":["Strike_G"],"score":220,"play_id":"37b9abd3-96e1-4a06-89bc-bd422adb3e45","local_time":"20210105024419","is_ascension_mode":true,"campfire_choices":[{"floor":6.0,"key":"REST"},{"data":"Neutralize","floor":8.0,"key":"SMITH"},{"floor":15.0,"key":"REST"}],"circlet_count":0,"master_deck":["Defend_G","Defend_G","Defend_G","Defend_G","Defend_G","Survivor","Neutralize+1","All Out Attack","Leg Sweep","Sucker Punch","Prepared","Deadly Poison","Cloak And Dagger","Predator","Underhanded Strike","Underhanded Strike","Malaise","Dodge and Roll+1","Bullet Time+1","Sucker Punch+1","Blur"],"relics":["Ring of the Snake","Happy Flower","Astrolabe"],"acts_visited":["Exordium","TheCity"],"potions_floor_usage":[19],"damage_taken":[{"damage":0.0,"enemies":"Cultist","floor":1.0,"turns":5.0},{"damage":0.0,"enemies":"Jaw Worm","floor":2.0,"turns":4.0},{"damage":0.0,"enemies":"Small Slimes","floor":4.0,"turns":4.0},{"damage":31.0,"enemies":"Exordium Thugs","floor":5.0,"turns":7.0},{"damage":3.0,"enemies":"3 Louse","floor":7.0,"turns":2.0},{"damage":4.0,"enemies":"2 Fungi Beasts","floor":10.0,"turns":3.0},{"damage":0.0,"enemies":"Red Slaver","floor":12.0,"turns":4.0},{"damage":15.0,"enemies":"Exordium Thugs","floor":14.0,"turns":5.0},{"damage":27.0,"enemies":"Hexaghost","floor":16.0,"turns":11.0},{"damage":4,"enemies":"Chosen","floor":18,"turns":8},{"damage":56,"enemies":"Masked Bandits","floor":19,"turns":4}],"seed_played":"2094877851000968210","potions_obtained":[{"floor":2.0,"key":"Explosive Potion"},{"floor":12.0,"key":"Poison Potion"},{"floor":16.0,"key":"Poison Potion"}],"is_trial":false,"path_per_floor":["M","M","$","M","M","R","M","R","T","M","?","M","?","M","R","B",null,"M","?"],"character_chosen":"THE_SILENT","items_purchased":["Sucker Punch","Prepared"],"campfire_rested":2,"item_purchase_floors":[3,3],"current_hp_per_floor":[63,63,63,63,32,53,50,50,50,46,46,46,46,31,52,25,59,55,0,0],"gold":242,"neow_bonus":"HUNDRED_GOLD","is_daily":false,"chose_seed":false,"campfire_upgraded":1,"win_rate":0.0,"timestamp":1609811059,"path_taken":["M","M","$","M","M","R","M","R","T","M","?","?","?","M","R","BOSS","M","?"],"items_purchased_type":["Card","Card"],"build_version":"2020-12-22","purchased_purges":1,"victory":false,"max_hp_per_floor":[70,70,70,70,70,70,70,70,70,70,70,70,70,70,70,70,70,70,70,70],"relic_stats":{"Happy Flower":[11],"counters":[11,57],"Astrolabe":["Dodge and Roll","Bullet Time","Sucker Punch"],"obtain_stats":[{"Happy Flower":9,"Astrolabe":17,"Ring of the Snake":0},{"Happy Flower":5,"Astrolabe":9,"Ring of the Snake":0},{"Happy Flower":22,"Astrolabe":45,"Ring of the Snake":0}],"Ring of the Snake":[22]},"card_choices":[{"not_picked":["Backflip","Caltrops"],"picked":"All Out Attack","floor":1.0},{"not_picked":["Backstab","Noxious Fumes"],"picked":"Leg Sweep","floor":2.0},{"not_picked":["Sucker Punch","Quick Slash"],"picked":"Deadly Poison","floor":4.0},{"not_picked":["Setup","Accuracy"],"picked":"Cloak And Dagger","floor":5.0},{"not_picked":["Acrobatics","Accuracy","Choke"],"picked":"SKIP","floor":7.0},{"not_picked":["Accuracy","Cloak And Dagger"],"picked":"Predator","floor":10.0},{"not_picked":["Deadly Poison","Finisher"],"picked":"Underhanded Strike","floor":12.0},{"not_picked":["Dagger Throw","Bane"],"picked":"Underhanded Strike","floor":14.0},{"not_picked":["Storm of Steel","Venomology"],"picked":"Malaise","floor":16.0},{"not_picked":["Endless Agony","Deflect"],"picked":"Blur","floor":18}],"player_experience":608598,"relics_obtained":[{"floor":9.0,"key":"Happy Flower"}],"event_choices":[{"cards_removed":["Strike_G"],"damage_healed":0.0,"max_hp_gain":0.0,"max_hp_loss":0.0,"gold_gain":0.0,"event_name":"Bonfire Elementals","player_choice":"Offered Basic","floor":11.0,"gold_loss":0.0,"damage_taken":0.0},{"damage_healed":0.0,"max_hp_gain":0.0,"max_hp_loss":0.0,"gold_gain":0.0,"event_name":"World of Goop","player_choice":"Left Gold","floor":13.0,"gold_loss":43.0,"damage_taken":0.0},{"damage_healed":0,"gold_gain":0,"player_choice":"Fought Bandits","damage_taken":0,"max_hp_gain":0,"max_hp_loss":0,"event_name":"Masked Bandits","floor":19,"gold_loss":0}],"is_beta":false,"boss_relics":[{"not_picked":["Black Star","Runic Dome"],"picked":"Astrolabe"}],"items_purged_floors":[3],"is_endless":false,"potions_floor_spawned":[2,12,16],"killed_by":"Masked Bandits","ascension_level":7}}