{"host":"37dk0reb6x0du8wx","time":1609828840,"event":{"mods":["BaseMod","Colored Map","DeckTracker","Minty Spire (QoL Compilation)","Quick Restart","StSLib"],"gold_per_floor":[114,65,140,157,173,173,197,209,300,312,337,449,472,22,22,22,22],"floor_reached":16,"playtime":308,"items_purged":["Strike_B"],"score":104,"play_id":"908c7f2f-f6a5-40b1-88ae-d1b9869b5b93","local_time":"20210105154040","is_ascension_mode":true,"campfire_choices":[{"data":"Zap","floor":6,"key":"SMITH"},{"data":"Redo","floor":8,"key":"SMITH"},{"data":"Loop","floor":10,"key":"SMITH"},{"floor":15,"key":"REST"}],"circlet_count":0,"master_deck":["Strike_B","Strike_B","Strike_B","Defend_B","Defend_B","Defend_B","Defend_B","Zap+1","Dualcast","Redo+1","Conserve Battery","Loop+1","Capacitor","Conserve Battery"],"relics":["Cracked Core","Omamori","MawBank","Shuriken","Pantograph","ClockworkSouvenir"],"acts_visited":["Exordium"],"potions_floor_usage":[16],"damage_taken":[{"damage":2,"enemies":"2 Louse","floor":1,"turns":2},{"damage":2,"enemies":"Jaw Worm","floor":4,"turns":3},{"damage":0,"enemies":"Cultist","floor":5,"turns":2},{"damage":35,"enemies":"Gremlin Gang","floor":11,"turns":5},{"damage":9,"enemies":"Exordium Thugs","floor":13,"turns":4},{"damage":54,"enemies":"Slime Boss","floor":16,"turns":8}],"seed_played":"9193435161710682350","potions_obtained":[{"floor":4,"key":"FearPotion"},{"floor":11,"key":"Ancient Potion"}],"is_trial":false,"path_per_floor":["M","$","?","M","M","R","T","R","T","R","M","?","M","$","R","B"],"character_chosen":"DEFECT","items_purchased":["Conserve Battery","Pantograph","ClockworkSouvenir"],"campfire_rested":1,"item_purchase_floors":[2,14,14],"current_hp_per_floor":[73,73,62,60,60,60,60,60,60,60,25,25,16,16,38,9,9],"gold":22,"neow_bonus":"RANDOM_COMMON_RELIC","is_daily":false,"chose_seed":false,"campfire_upgraded":3,"win_rate":0.0,"timestamp":1609828840,"path_taken":["M","$","?","M","M","R","?","R","T","R","M","?","M","$","R","BOSS"],"items_purchased_type":["Card","Relic","Relic"],"build_version":"2020-12-22","purchased_purges":1,"victory":false,"max_hp_per_floor":[75,75,75,75,75,75,75,75,75,75,75,75,75,75,75,75,75],"card_choices":[{"not_picked":["Gash","Steam"],"picked":"Redo","floor":1},{"not_picked":["Hologram","Coolheaded"],"picked":"Loop","floor":4},{"not_picked":["Sweeping Beam","Hyperbeam"],"picked":"Capacitor","floor":5},{"not_picked":["Rebound","Steam Power"],"picked":"Conserve Battery","floor":11},{"not_picked":["Streamline","Capacitor","Barrage"],"picked":"SKIP","floor":13}],"player_experience":148016,"relics_obtained":[{"floor":7,"key":"MawBank"},{"floor":9,"key":"Shuriken"}],"event_choices":[{"damage_healed":0,"gold_gain":75,"player_choice":"Gather Gold","damage_taken":11,"max_hp_gain":0,"max_hp_loss":0,"event_name":"World of Goop","floor":3,"gold_loss":0},{"damage_healed":0,"gold_gain":100,"player_choice":"Pray","damage_taken":0,"max_hp_gain":0,"max_hp_loss":0,"event_name":"Golden Shrine","floor":12,"gold_loss":0}],"is_beta":false,"boss_relics":[],"items_purged_floors":[14],"is_endless":false,"potions_floor_spawned":[4,11],"killed_by":"Slime Boss","ascension_level":3}}