{"host":"359hz4210ybch7ku","time":1609811121,"event":{"mods":["BaseMod","Block Reminder","Colored Map","Colored Powertips","Highlight Path","Minty Spire (QoL Compilation)","Slay the Relics Exporter","StSLib"],"gold_per_floor":[110,41,52,227,227,227,241,241,241],"floor_reached":8,"playtime":592,"items_purged":[],"score":53,"play_id":"ea3b2ef6-9a3e-472c-b6a2-6f3f6e542e43","local_time":"20210104174521","is_ascension_mode":true,"campfire_choices":[{"data":"PathToVictory","floor":6,"key":"SMITH"}],"circlet_count":0,"master_deck":["Strike_P","Strike_P","Strike_P","Defend_P","Defend_P","Defend_P","Defend_P","Eruption","Vigilance","WreathOfFlame","Prostrate","WreathOfFlame","PathToVictory+1","Doubt"],"relics":["PureWater"],"acts_visited":["Exordium"],"potions_floor_usage":[8,8],"damage_taken":[{"damage":0,"enemies":"2 Louse","floor":1,"turns":5},{"damage":12,"enemies":"Jaw Worm","floor":3,"turns":5},{"damage":11,"enemies":"Small Slimes","floor":7,"turns":4},{"damage":85,"enemies":"Gremlin Nob","floor":8,"turns":5}],"seed_played":"7693303618861976438","potions_obtained":[{"floor":3,"key":"EssenceOfSteel"},{"floor":7,"key":"SpeedPotion"}],"is_trial":false,"path_per_floor":["M","$","M","?","?","R","M","E"],"character_chosen":"WATCHER","items_purchased":["WreathOfFlame"],"campfire_rested":0,"item_purchase_floors":[2],"current_hp_per_floor":[72,72,60,60,65,65,54,0,0],"gold":241,"neow_bonus":"TRANSFORM_CARD","is_daily":false,"chose_seed":false,"campfire_upgraded":1,"win_rate":0.0,"timestamp":1609811121,"path_taken":["M","$","M","?","?","R","M","E"],"items_purchased_type":["Card"],"build_version":"2020-12-22","purchased_purges":0,"victory":false,"max_hp_per_floor":[72,72,72,72,77,77,77,77,77],"card_choices":[{"not_picked":["CutThroughFate","PathToVictory"],"picked":"Prostrate","floor":1},{"not_picked":["Worship","Halt"],"picked":"PathToVictory","floor":3},{"not_picked":["SashWhip","Fasting2","BattleHymn"],"picked":"SKIP","floor":7}],"player_experience":139360,"relics_obtained":[],"event_choices":[{"damage_healed":0,"gold_gain":175,"player_choice":"AGREE","damage_taken":0,"max_hp_gain":0,"max_hp_loss":0,"event_name":"Liars Game","floor":4,"gold_loss":0,"cards_obtained":["Doubt"]},{"damage_healed":0,"gold_gain":0,"player_choice":"Donut","damage_taken":0,"max_hp_gain":5,"max_hp_loss":0,"event_name":"Big Fish","floor":5,"gold_loss":0}],"is_beta":false,"boss_relics":[],"items_purged_floors":[],"is_endless":false,"potions_floor_spawned":[3,7],"killed_by":"Gremlin Nob","ascension_level":3}}