{"host":"0azimyi6n3ugndj4","time":1609809529,"event":{"mods":["2.2 Compatiblity","BaseMod","Bestiary","Conspire","Curses Come First","Defuse TimeMaze Blight","Hermit","Hubris","Hyrulean Relics","Infinite Spire","Jorbs\u0027s Wanderer Trilogy","Minty Spire (QoL Compilation)","Relic Stats","Replay The Spire","StSLib","SuperFastMode","The Cursed","The Hierophant","Uncapped","¡¼?Úª?ø«¡½REMEMod"],"gold_per_floor":[34,34,34,34,34,34,34],"floor_reached":6,"playtime":82,"items_purged":[],"score":189,"play_id":"f6f8ecc6-cf9b-4271-b3ae-2b29d553fe33","local_time":"20210105101849","daily_mods":["SealedDeck","Hoarder","Insanity","Chimera","Specialized","ControlledChaos","Allstar","Diverse","Colorless Cards","Heirloom","Time Dilation","Flight","Elite Swarm","Diverse","Colorless Cards","Binary"],"is_ascension_mode":true,"campfire_choices":[],"circlet_count":0,"master_deck":["Strike_R","Strike_G","Strike_B","hubris:Strike_Merchant","Defend_R","Defend_G","Defend_B","hubris:Defend_Merchant","hubris:MerchantsHand","hubris:MerchantsHand","Demon Form","Wraith Form v2","Echo Form","DevaForm","stsjorbsmod:ArcaneForm","stsjorbsmod:WastingForm","AscendersBane","Bash","Survivor","Zap","Strike_R","Strike_G","Strike_B","Defend_R","Defend_G","Defend_P","stsjorbsmod:Prepare","hermit:BodyArmor","hermit:BodyArmor","hermit:Manifest","hubris:SharpeningStone","Go for the Eyes","hierophant:FieryStrike","EmptyFist","hierophant:RustyCrate","Sanctity","TheCursedMod:VitalStrike","Perfected Strike","stsjorbsmod:Materialize","Crippling Poison","Expertise","hierophant:Refuge","hierophant:Prophecy","Bandage Up","Sever Soul","hermit:WideOpen","Jack Of All Trades","hierophant:MirrorShield","Doom and Gloom","Cloak And Dagger","stsjorbsmod:Message","TheCursedMod:VitalStrike","Cloak And Dagger","TheCursedMod:CursedAmulet","hermit:Glare","Conserve Battery","hermit:Misfire","Panic Button","Sneak Up","Loop","Armaments","Slice","Cleave","hierophant:TollTheBells","Replay:ManipulateFuture","hermit:TrackingShot","Gash","Panacea","Clothesline","hierophant:HammerAndAnvil","PiercingWail","Prepared","hermit:Feint","Ghostly Armor","BasicCrystalCard","FlurryOfBlows","FlyingSleeves","FlyingSleeves","FlyingSleeves","FlyingSleeves","FlyingSleeves","FlyingSleeves","FlyingSleeves","FlyingSleeves","FlyingSleeves","FlyingSleeves","FlyingSleeves","FlyingSleeves","FlyingSleeves","FlyingSleeves","hermit:Midnight","hermit:Midnight","hermit:Midnight","PiercingWail","PiercingWail","PiercingWail","hierophant:OrnateBuckler","hierophant:OrnateBuckler","hierophant:OrnateBuckler","TheCursedMod:HellfireBreathing","TheCursedMod:HellfireBreathing","TheCursedMod:HellfireBreathing","Heavy Blade","Heavy Blade","Heavy Blade","ForeignInfluence","ForeignInfluence","ForeignInfluence","Bane","Bane","Bane","Bane","Bane","Bane","Tactician","Tactician","Tactician","hermit:Ricochet","hermit:Ricochet","hermit:Ricochet+1","Glass Knife","Glass Knife","Glass Knife"],"relics":["Smiling Mask","hubris:NiceRug","Busted Crown","REME_ComplimentaryCards","infinitespire:Lychee Nut","hubris:Towel","hubris:Potato"],"acts_visited":["Exordium"],"potions_floor_usage":[],"damage_taken":[{"damage":0,"enemies":"Jaw Worm","floor":1,"turns":4},{"damage":56,"enemies":"Gremlin Nob","floor":6,"turns":4}],"seed_played":"-1945548266406924041","potions_obtained":[],"is_trial":true,"path_per_floor":["M","?","?","?","?","E"],"character_chosen":"THE_SILENT","items_purchased":[],"campfire_rested":0,"item_purchase_floors":[],"current_hp_per_floor":[53,53,46,46,46,0,0],"gold":34,"neow_bonus":"","is_daily":false,"chose_seed":false,"campfire_upgraded":0,"win_rate":0.0,"timestamp":1609809529,"path_taken":["M","?","?","?","?","E"],"items_purchased_type":[],"build_version":"2020-12-22","purchased_purges":0,"victory":false,"max_hp_per_floor":[53,53,53,53,53,53,53],"relic_stats":{"Busted Crown":4,"counters":[2,8],"Smiling Mask":0,"obtain_stats":[{"Busted Crown":0,"infinitespire:Lychee Nut":0,"hubris:Towel":4,"Smiling Mask":0,"hubris:Potato":5,"hubris:NiceRug":0,"REME_ComplimentaryCards":0},{"Busted Crown":0,"infinitespire:Lychee Nut":0,"hubris:Towel":1,"Smiling Mask":0,"hubris:Potato":1,"hubris:NiceRug":0,"REME_ComplimentaryCards":0},{"Busted Crown":0,"infinitespire:Lychee Nut":0,"hubris:Towel":4,"Smiling Mask":0,"hubris:Potato":4,"hubris:NiceRug":0,"REME_ComplimentaryCards":0}]},"card_choices":[],"player_experience":1540982,"relics_obtained":[],"event_choices":[{"cards_removed":["Eruption"],"damage_healed":0,"gold_gain":0,"player_choice":"Card Removal","damage_taken":7,"max_hp_gain":0,"max_hp_loss":0,"event_name":"Golden Wing","floor":3,"gold_loss":0},{"cards_removed":["FlyingSleeves"],"damage_healed":0,"gold_gain":0,"player_choice":"Gave Card","damage_taken":0,"relics_obtained":["hubris:Potato"],"max_hp_gain":0,"max_hp_loss":0,"event_name":"WeMeetAgain","floor":5,"gold_loss":0}],"is_beta":false,"boss_relics":[],"items_purged_floors":[],"is_endless":false,"potions_floor_spawned":[],"killed_by":"Gremlin Nob","ascension_level":20}}