{"host":"8zg25aa619vmqq54","time":1609827501,"event":{"mods":["ATMod(∞¢Ë™Mod)","BaseMod","Downfall","Marisa£®ÏF”Í°°ƒß¿Ì…≥£©","Minty Spire (QoL Compilation)","Remilia£®¿Ÿ√◊¿Ú—«£©","Replay The Spire","Shop Mod","Spicy Shops","StSLib","The Alterego","The Animator","The Servant 0.9.4","°æ“≈ŒÔø®≈∆°øREMEMod"],"gold_per_floor":[113,113,113,133,408,438,453,20,20,30,30,45,57,12,12,117,117,133,133,148,161,5,5,20,34,34,34,63,63,63,82,82,183,183,195,214,11,11,11,11,11,66,93,93,110,173,173,193,193,193,193,193,17,50,50],"floor_reached":56,"playtime":5650,"items_purged":["Regret"],"score":1092,"play_id":"8ead354f-b417-4c8c-b306-70d4f40929a6","local_time":"20210105141821","is_ascension_mode":false,"campfire_choices":[{"floor":15.0,"key":"RECALL"},{"data":"alterego_mod:Impale","floor":23.0,"key":"SMITH"},{"floor":27.0,"key":"REST"},{"data":"alterego_mod:DustData","floor":30.0,"key":"SMITH"},{"data":"alterego_mod:Punishment","floor":32.0,"key":"SMITH"},{"data":"Enlightenment","floor":40.0,"key":"SMITH"},{"data":"alterego_mod:Mirror","floor":44.0,"key":"SMITH"},{"data":"alterego_mod:TrickOrTreatment","floor":47.0,"key":"SMITH"},{"data":"Amnesia","floor":49.0,"key":"PURGE"},{"data":"AT_FamilyPortrait","floor":52,"key":"SMITH"}],"circlet_count":0,"master_deck":["alterego_mod:Strike","alterego_mod:Strike","alterego_mod:Strike","alterego_mod:Strike+1","alterego_mod:Defend+1","alterego_mod:Defend","alterego_mod:Defend","alterego_mod:Defend","alterego_mod:Impale+1","alterego_mod:BigMeatyClaws","alterego_mod:BrynhildrsRune","alterego_mod:Vow","AT_FamilyPortrait+1","alterego_mod:Punishment+1","alterego_mod:HighServant","alterego_mod:TrashNCrash","alterego_mod:Jiggle","alterego_mod:MaintainEyeContact","alterego_mod:MaintainEyeContact","alterego_mod:1TonWallop","alterego_mod:Cycle","alterego_mod:Birthday","alterego_mod:Bounce","alterego_mod:Skirt","alterego_mod:TrickOrTreatment+1","alterego_mod:Undulate","alterego_mod:MaintainEyeContact","alterego_mod:Bounce+1","alterego_mod:MagicResistance","alterego_mod:Birthday","alterego_mod:BeGentle+1","alterego_mod:Cushion+1","alterego_mod:Birthday","alterego_mod:Jiggle+1","alterego_mod:STier","alterego_mod:Punishment+1","alterego_mod:Rip","alterego_mod:Mirror+1","alterego_mod:Skirt+1","alterego_mod:PurpleHair","alterego_mod:Table+1","Wraith","Enlightenment+1","alterego_mod:Undulate+1","alterego_mod:MaintainEyeContact","alterego_mod:Rip+1","ReplayTheSpireMod:Splinters","alterego_mod:Complex+1","alterego_mod:1TonWallop+1","alterego_mod:Cycle+1","alterego_mod:1TonWallop+1","alterego_mod:BiFurious+1"],"relics":["alterego_mod:MasochisticConstitution","AT_ATBox","REME_ComplimentaryCards","NeowsBlessing","AT_TimeSand","AT_ImmortalShieldbow","ChewingGum","REME_HandOfSuture","Centennial Puzzle","Ornamental Fan","Prayer Wheel","Prayer Wheel","Calipers","Ring of Chaos","REME_CardOfGreed","ReplayTheSpireMod:Ring of Challenge","Bag of Preparation","Orichalcum","AT_RedNoBalance","Blue Doll","Simple Rune","Chameleon Ring"],"acts_visited":["Exordium","TheCity","TheBeyond","TheEnding"],"potions_floor_usage":[50,50,55,55],"damage_taken":[{"damage":2.0,"enemies":"Cultist","floor":1.0,"turns":1.0},{"damage":1.0,"enemies":"Small Slimes","floor":4.0,"turns":2.0},{"damage":0.0,"enemies":"3 Sentries","floor":6.0,"turns":1.0},{"damage":7.0,"enemies":"2 Louse","floor":7.0,"turns":3.0},{"damage":15.0,"enemies":"Large Slime","floor":10.0,"turns":4.0},{"damage":14.0,"enemies":"2 Fungi Beasts","floor":12.0,"turns":3.0},{"damage":9.0,"enemies":"Looter","floor":13.0,"turns":5.0},{"damage":24.0,"enemies":"Slime Boss","floor":16.0,"turns":7.0},{"damage":42.0,"enemies":"Spheric Guardian","floor":18.0,"turns":6.0},{"damage":4.0,"enemies":"Shell Parasite","floor":20.0,"turns":5.0},{"damage":47.0,"enemies":"Centurion and Healer","floor":21.0,"turns":11.0},{"damage":24.0,"enemies":"3 Cultists","floor":24.0,"turns":6.0},{"damage":14.0,"enemies":"Snake Plant","floor":25.0,"turns":7.0},{"damage":19.0,"enemies":"Replay:Snechameleon","floor":28.0,"turns":8.0},{"damage":2.0,"enemies":"Shelled Parasite and Fungi","floor":31.0,"turns":4.0},{"damage":30.0,"enemies":"Collector","floor":33.0,"turns":12.0},{"damage":77.0,"enemies":"3 Shapes","floor":35.0,"turns":7.0},{"damage":10.0,"enemies":"Orb Walker","floor":36.0,"turns":5.0},{"damage":3.0,"enemies":"Maw","floor":45.0,"turns":4.0},{"damage":34.0,"enemies":"3 Darklings","floor":48.0,"turns":7.0},{"damage":32,"enemies":"Replay:Hell Engine","floor":50,"turns":10},{"damage":4,"enemies":"Shield and Spear","floor":54,"turns":4},{"damage":67,"enemies":"The Heart","floor":55,"turns":8}],"seed_played":"7791556827324181119","potions_obtained":[{"floor":7.0,"key":"PowerPotion"},{"floor":10.0,"key":"Strength Potion"},{"floor":16.0,"key":"SpeedPotion"},{"floor":18.0,"key":"Energy Potion"},{"floor":24.0,"key":"BlessingOfTheForge"},{"floor":31.0,"key":"Ancient Potion"},{"floor":33.0,"key":"Elixir"},{"floor":46.0,"key":"Doom Potion"}],"is_trial":false,"path_per_floor":["M","?","?","M","?","E","M","$","T","M","$","M","M","$","R","B",null,"M","?","M","M","$","R","M","M","T","R","E","?","R","M","R","B",null,"M","M","$","?","?","R","?","T","T","R","M","?","R","M","R","B",null,"R","$","E","B",null],"character_chosen":"The_Alterego","items_purchased":["AT_ImmortalShieldbow","alterego_mod:MaintainEyeContact","alterego_mod:1TonWallop","alterego_mod:Skirt","Centennial Puzzle","REME_CardOfGreed","alterego_mod:Table+1","Adrenaline Potion","Simple Rune","alterego_mod:1TonWallop+1"],"campfire_rested":1,"item_purchase_floors":[8,8,8,14,22,37,37,53,53,53],"current_hp_per_floor":[71,71,71,71,71,71,65,65,65,58,58,45,52,52,52,33,79,45,45,44,31,31,31,44,33,33,58,46,46,46,56,56,70,87,27,53,53,53,53,53,53,53,53,53,64,64,64,51,51,35,92,92,92,58,35],"gold":50,"neow_bonus":"THREE_ENEMY_KILL","is_daily":false,"chose_seed":false,"campfire_upgraded":7,"win_rate":0.0,"timestamp":1609827501,"path_taken":["M","?","?","M","?","E","M","$","T","?","$","M","M","$","R","BOSS","M","?","M","?","$","R","M","M","T","R","E","?","R","M","R","BOSS","M","M","$","?","?","R","?","?","T","R","M","?","R","?","R","BOSS","R","$","E","BOSS"],"items_purchased_type":["Relic","Card","Card","Card","Relic","Relic","Card","Potion","Relic","Card"],"build_version":"2020-12-22","purchased_purges":1,"victory":true,"max_hp_per_floor":[73,73,73,74,74,74,75,75,75,76,76,77,78,78,78,79,79,80,80,81,82,82,82,83,84,84,84,85,85,85,86,86,87,87,88,89,89,89,89,89,89,89,89,89,90,90,90,91,91,92,92,92,92,93,94],"card_choices":[{"not_picked":["alterego_mod:Crossover","alterego_mod:Clap"],"picked":"alterego_mod:Punishment","floor":1.0},{"not_picked":["alterego_mod:Undulate","alterego_mod:Complex"],"picked":"alterego_mod:HighServant","floor":4.0},{"not_picked":["alterego_mod:SakuraLabyrinth","alterego_mod:HighServant"],"picked":"alterego_mod:TrashNCrash","floor":6.0},{"not_picked":["alterego_mod:DestructionOfProperty","alterego_mod:Complex"],"picked":"alterego_mod:Jiggle","floor":7.0},{"not_picked":["alterego_mod:BiFurious","alterego_mod:HighServant"],"picked":"alterego_mod:Cycle","floor":10.0},{"not_picked":["alterego_mod:Clap","alterego_mod:Cooking"],"picked":"alterego_mod:Birthday","floor":12.0},{"not_picked":["alterego_mod:Skirt","alterego_mod:Nekomimi"],"picked":"alterego_mod:Bounce","floor":13.0},{"not_picked":["alterego_mod:Lift","alterego_mod:Valkyrie"],"picked":"alterego_mod:TrickOrTreatment","floor":16.0},{"not_picked":["alterego_mod:Skirt","alterego_mod:1TonWallop"],"picked":"alterego_mod:Undulate","floor":18.0},{"not_picked":["alterego_mod:PerceptionDisorder+1","alterego_mod:Nekomimi"],"picked":"alterego_mod:MaintainEyeContact","floor":20.0},{"not_picked":["alterego_mod:RocketPunch","alterego_mod:BeGentle"],"picked":"alterego_mod:Bounce+1","floor":21.0},{"not_picked":["alterego_mod:SakuraFive","alterego_mod:GachaTicket"],"picked":"alterego_mod:MagicResistance","floor":24.0},{"not_picked":["alterego_mod:DeftHands","alterego_mod:Punishment"],"picked":"alterego_mod:Birthday","floor":25.0},{"not_picked":["alterego_mod:Rip","alterego_mod:Rake"],"picked":"alterego_mod:BeGentle+1","floor":28.0},{"not_picked":["alterego_mod:Complex+1","alterego_mod:Table"],"picked":"alterego_mod:Cushion+1","floor":31.0},{"not_picked":["alterego_mod:SakuraPetals","alterego_mod:BiFurious"],"picked":"alterego_mod:Birthday","floor":31.0},{"not_picked":["alterego_mod:ChallengeComplete","alterego_mod:Valentines"],"picked":"alterego_mod:Jiggle+1","floor":31.0},{"not_picked":["alterego_mod:IdEs","alterego_mod:VirginLaserPalladion"],"picked":"alterego_mod:STier","floor":33.0},{"not_picked":["alterego_mod:GoddessCore","alterego_mod:Rip+1"],"picked":"alterego_mod:Punishment+1","floor":35.0},{"not_picked":["alterego_mod:DeftHands","alterego_mod:Jiggle"],"picked":"alterego_mod:Rip","floor":35.0},{"not_picked":["alterego_mod:Cooking+1","alterego_mod:MagicResistance+1"],"picked":"alterego_mod:Mirror","floor":35.0},{"not_picked":["alterego_mod:ChallengeComplete","alterego_mod:Punishment"],"picked":"alterego_mod:Skirt+1","floor":36.0},{"not_picked":["alterego_mod:Support","alterego_mod:Complex"],"picked":"alterego_mod:PurpleHair","floor":36.0},{"not_picked":["alterego_mod:Maid","alterego_mod:Skirt"],"picked":"alterego_mod:DustData+1","floor":36.0},{"not_picked":["REME_BuildACard","Replay:SS_fish_3"],"picked":"Enlightenment","floor":39.0},{"not_picked":["alterego_mod:PerceptionDisorder","alterego_mod:Mirror"],"picked":"alterego_mod:Undulate+1","floor":45.0},{"not_picked":["alterego_mod:Skirt+1","alterego_mod:1TonWallop"],"picked":"alterego_mod:MaintainEyeContact","floor":45.0},{"not_picked":["alterego_mod:PainIsPleasure","alterego_mod:Cooking"],"picked":"alterego_mod:Rip+1","floor":45.0},{"not_picked":["alterego_mod:RocketPunch","alterego_mod:Jiggle+1"],"picked":"alterego_mod:DustData+1","floor":46.0},{"not_picked":["alterego_mod:1TonWallop","alterego_mod:Cooking"],"picked":"alterego_mod:Complex+1","floor":48.0},{"not_picked":["alterego_mod:MagicResistance+1","alterego_mod:Crossover+1"],"picked":"alterego_mod:1TonWallop+1","floor":48.0},{"not_picked":["alterego_mod:Skirt","alterego_mod:Clones"],"picked":"alterego_mod:Cycle+1","floor":48.0},{"not_picked":["alterego_mod:DeftHands","alterego_mod:Belle"],"picked":"alterego_mod:BiFurious+1","floor":54}],"player_experience":47690,"relics_obtained":[{"floor":6.0,"key":"AT_TimeSand"},{"floor":26.0,"key":"Ornamental Fan"},{"floor":28.0,"key":"Calipers"},{"floor":41.0,"key":"ReplayTheSpireMod:Ring of Challenge"},{"floor":42.0,"key":"Bag of Preparation"},{"floor":43.0,"key":"Orichalcum"},{"floor":46.0,"key":"AT_SilverBalance"},{"floor":54,"key":"Chameleon Ring"}],"event_choices":[{"damage_healed":0.0,"max_hp_gain":0.0,"max_hp_loss":0.0,"gold_gain":0.0,"event_name":"Golden Wing","player_choice":"Ignored","floor":2.0,"gold_loss":0.0,"damage_taken":0.0},{"damage_healed":0.0,"max_hp_gain":0.0,"max_hp_loss":0.0,"gold_gain":0.0,"event_name":"The Cleric","player_choice":"Leave","floor":3.0,"gold_loss":0.0,"damage_taken":0.0},{"damage_healed":0.0,"max_hp_gain":0.0,"max_hp_loss":0.0,"gold_gain":275.0,"event_name":"Golden Shrine","player_choice":"Desecrate","floor":5.0,"gold_loss":0.0,"damage_taken":0.0,"cards_obtained":["Regret"]},{"damage_healed":0.0,"max_hp_gain":0.0,"max_hp_loss":0.0,"gold_gain":0.0,"event_name":"WeMeetAgain","player_choice":"Gave Potion","floor":19.0,"gold_loss":0.0,"damage_taken":0.0,"relics_obtained":["REME_HandOfSuture"]},{"damage_healed":0.0,"max_hp_gain":0.0,"max_hp_loss":0.0,"gold_gain":0.0,"event_name":"The Library","player_choice":"Read","floor":29.0,"gold_loss":0.0,"damage_taken":0.0,"cards_obtained":["alterego_mod:DustData"]},{"damage_healed":0.0,"max_hp_gain":0.0,"max_hp_loss":0.0,"gold_gain":0.0,"event_name":"OrinTheCat","player_choice":"Ignored","floor":38.0,"gold_loss":0.0,"damage_taken":0.0},{"damage_healed":0.0,"max_hp_gain":0.0,"max_hp_loss":0.0,"gold_gain":0.0,"event_name":"SensoryStone","player_choice":"Memory 1","floor":39.0,"gold_loss":0.0,"damage_taken":0.0}],"is_beta":false,"boss_relics":[{"not_picked":["Astrolabe","Runic Pyramid"],"picked":"ChewingGum"},{"not_picked":["Philosopher\u0027s Stone","Busted Crown"],"picked":"Ring of Chaos"}],"items_purged_floors":[8],"is_endless":false,"potions_floor_spawned":[7,10,16,18,24,31,33],"ascension_level":0}}