{"host":"kw4o7b3ro2ktmmbe","time":1609823418,"event":{"mods":["BaseMod","Evolution","Fireblade Mod","Minty Spire (QoL Compilation)","StSLib"],"gold_per_floor":[116,131,97,172,172,172,347,17,17,17,85,135,158,91,91,211,211,226,276,345,395,445,445,508,508,508,2,23,23,46,71,71,191,191,204,254,304,322,372,405,109,129,129,129,6,6,50,66,66,66],"floor_reached":51,"playtime":3152,"items_purged":["Doubt","Pain","Decay"],"score":832,"play_id":"db2fa23d-5c84-412c-9f6b-b1ad18bf5721","local_time":"20210105181018","is_ascension_mode":true,"campfire_choices":[{"data":"FireBladeMod:ThirstForBlood","floor":6.0,"key":"SMITH"},{"data":"FireBladeMod:FireBarrier","floor":15.0,"key":"SMITH"},{"data":"FireBladeMod:BattleMage","floor":23,"key":"SMITH"},{"data":"FireBladeMod:SpiritEndurance","floor":25,"key":"SMITH"},{"data":"FireBladeMod:ScorchingCleave","floor":29,"key":"SMITH"},{"data":"FireBladeMod:HealthyEndurance","floor":32,"key":"SMITH"},{"data":"FireBladeMod:HealthyEndurance","floor":44,"key":"SMITH"},{"data":"FireBladeMod:RapidHits","floor":46,"key":"SMITH"},{"floor":49,"key":"REST"}],"circlet_count":0,"master_deck":["FireBladeMod:ScorchingStrike","FireBladeMod:StrikeFireBlade","FireBladeMod:StrikeFireBlade","FireBladeMod:StrikeFireBlade","FireBladeMod:DefendFireBlade","FireBladeMod:DefendFireBlade","FireBladeMod:DefendFireBlade","FireBladeMod:DefendFireBlade","FireBladeMod:FlamingSword","FireBladeMod:FireBarrier+1","FireBladeMod:ThirstForBlood+1","FireBladeMod:RollWithTheBlow","FireBladeMod:SpiritEndurance+1","FireBladeMod:ScorchingCleave+1","FireBladeMod:BattleMage+1","FireBladeMod:ThirstForBlood+1","FireBladeMod:ScorchingStrike+1","FireBladeMod:HealthyEndurance+1","FireBladeMod:RapidHits+1","FireBladeMod:HealthyEndurance+1","FireBladeMod:ThirstForBlood+1","FireBladeMod:SoulStrike+1"],"relics":["FireBladeMod:DuelistLocket","EVO:Axolotl","Golden Idol","Matryoshka","Eternal Feather","The Courier","SsserpentHead","Singing Bowl","Happy Flower","SlaversCollar","WarpedTongs","Nunchaku","Bottled Flame","Oddly Smooth Stone","HornCleat","Boot","Sozu","Shuriken","White Beast Statue","Mummified Hand","Mercury Hourglass","Ancient Tea Set","Strawberry"],"acts_visited":["Exordium","TheCity","TheBeyond"],"potions_floor_usage":[18,33],"damage_taken":[{"damage":2.0,"enemies":"2 Louse","floor":1.0,"turns":2.0},{"damage":2.0,"enemies":"Jaw Worm","floor":2.0,"turns":3.0},{"damage":0.0,"enemies":"Small Slimes","floor":11.0,"turns":3.0},{"damage":0.0,"enemies":"3 Louse","floor":13.0,"turns":4.0},{"damage":17.0,"enemies":"The Guardian","floor":16.0,"turns":9.0},{"damage":22,"enemies":"2 Thieves","floor":18,"turns":4},{"damage":24,"enemies":"Shell Parasite","floor":20,"turns":6},{"damage":18,"enemies":"3 Cultists","floor":24,"turns":4},{"damage":6,"enemies":"Snecko","floor":28,"turns":4},{"damage":20,"enemies":"Shelled Parasite and Fungi","floor":30,"turns":8},{"damage":0,"enemies":"3 Cultists","floor":31,"turns":4},{"damage":18,"enemies":"Champ","floor":33,"turns":7},{"damage":15,"enemies":"Orb Walker","floor":35,"turns":4},{"damage":6,"enemies":"3 Darklings","floor":38,"turns":5},{"damage":53,"enemies":"Giant Head","floor":40,"turns":7},{"damage":2,"enemies":"4 Shapes","floor":42,"turns":3},{"damage":45,"enemies":"Nemesis","floor":47,"turns":5},{"damage":10,"enemies":"Transient","floor":48,"turns":5},{"damage":25,"enemies":"Time Eater","floor":50,"turns":8}],"seed_played":"3541659613506756616","potions_obtained":[{"floor":1.0,"key":"Regen Potion"},{"floor":11.0,"key":"DuplicationPotion"},{"floor":30,"key":"Ancient Potion"},{"floor":31,"key":"CultistPotion"}],"is_trial":false,"path_per_floor":["M","M","$","?","?","R","?","$","T","?","M","?","M","$","R","B",null,"M","?","M","?","?","R","M","R","T","$","M","R","M","M","R","B",null,"M","?","T","M","?","E","$","M","T","R","$","R","E","M","R","B",null],"character_chosen":"THE_FIREBLADE","items_purchased":["FireBladeMod:RollWithTheBlow","Matryoshka","Happy Flower","Oddly Smooth Stone","HornCleat","Boot","Mummified Hand","Ancient Tea Set"],"campfire_rested":1,"item_purchase_floors":[3,8,14,27,27,27,41,45],"current_hp_per_floor":[75,73,73,62,43,43,43,43,43,43,43,40,54,54,60,43,77,57,57,35,35,35,44,26,35,35,35,31,40,20,20,29,19,83,68,64,64,76,76,38,38,46,46,58,58,70,48,56,98,81],"gold":66,"neow_bonus":"TEN_PERCENT_HP_BONUS","is_daily":false,"chose_seed":false,"campfire_upgraded":8,"win_rate":0.0,"timestamp":1609823418,"path_taken":["M","M","$","?","?","R","?","$","T","?","?","?","M","?","R","BOSS","M","?","?","?","?","R","?","R","T","$","M","R","M","M","R","BOSS","M","?","?","M","?","E","$","M","T","R","$","R","E","M","R","BOSS"],"items_purchased_type":["Card","Relic","Relic","Relic","Relic","Relic","Relic","Relic"],"build_version":"2020-12-22","purchased_purges":3,"victory":true,"max_hp_per_floor":[77,77,77,77,77,77,77,77,77,77,77,77,77,77,77,77,77,79,79,81,81,81,81,81,81,81,81,83,83,83,83,83,83,83,83,89,89,91,91,91,91,93,93,93,93,93,100,102,102,102],"card_choices":[{"not_picked":["FireBladeMod:MomentumStrikes","FireBladeMod:Shove","FireBladeMod:StingingSlash"],"picked":"SKIP","floor":1.0},{"not_picked":["FireBladeMod:RapidDodges","FireBladeMod:AbsorbEnergy"],"picked":"FireBladeMod:ThirstForBlood","floor":2.0},{"not_picked":["FireBladeMod:SoulStrike","FireBladeMod:StingingSlash"],"picked":"FireBladeMod:SpiritEndurance","floor":11.0},{"not_picked":["FireBladeMod:FerventSlash","FireBladeMod:Tempo"],"picked":"FireBladeMod:ScorchingCleave","floor":13.0},{"not_picked":["FireBladeMod:DeathBlade","FireBladeMod:BattleStamina"],"picked":"FireBladeMod:BattleMage","floor":16.0},{"not_picked":["FireBladeMod:IronEndurance","FireBladeMod:SpinningSmash","FireBladeMod:AdrenalineBoost"],"picked":"Singing Bowl","floor":18},{"not_picked":["FireBladeMod:SmokeInTheEyes","FireBladeMod:StingingSlash","FireBladeMod:FinishingBarrage"],"picked":"Singing Bowl","floor":20},{"not_picked":["FireBladeMod:ScorchingStrike","FireBladeMod:SmashingEndurance"],"picked":"FireBladeMod:ThirstForBlood+1","floor":24},{"not_picked":["FireBladeMod:EruptionSlash","FireBladeMod:ComplexAttack+1","FireBladeMod:WellPrepared"],"picked":"Singing Bowl","floor":28},{"not_picked":["FireBladeMod:Robust","FireBladeMod:StingingSlash"],"picked":"FireBladeMod:ScorchingStrike+1","floor":30},{"not_picked":["FireBladeMod:ComboCleave+1","FireBladeMod:AbsorbEnergy"],"picked":"FireBladeMod:HealthyEndurance","floor":31},{"not_picked":["FireBladeMod:BodyAsFuel","FireBladeMod:LayeredDefense"],"picked":"FireBladeMod:RapidHits","floor":33},{"not_picked":["FireBladeMod:ScorchingStrike+1","FireBladeMod:Shove+1"],"picked":"FireBladeMod:HealthyEndurance","floor":35},{"not_picked":["Dramatic Entrance","Finesse","Deep Breath"],"picked":"Singing Bowl","floor":36},{"not_picked":["Deep Breath","Master of Strategy","Swift Strike"],"picked":"Singing Bowl","floor":36},{"not_picked":["Madness","PanicButton","Bandage Up"],"picked":"Singing Bowl","floor":36},{"not_picked":["FireBladeMod:ComboSlashes","FireBladeMod:ScorchingStrike","FireBladeMod:SpinningSmash"],"picked":"Singing Bowl","floor":38},{"not_picked":["FireBladeMod:SoulStrike","FireBladeMod:AbsorbEnergy"],"picked":"FireBladeMod:ThirstForBlood+1","floor":40},{"not_picked":["FireBladeMod:SmashingEndurance+1","FireBladeMod:SteadyEndurance","FireBladeMod:MomentumStrikes"],"picked":"Singing Bowl","floor":42},{"not_picked":["FireBladeMod:SmashingEndurance+1","FireBladeMod:RollWithTheBlow+1"],"picked":"FireBladeMod:SoulStrike+1","floor":47},{"not_picked":["FireBladeMod:ComboCleave+1","FireBladeMod:Robust","FireBladeMod:FerventSlash+1"],"picked":"Singing Bowl","floor":48}],"player_experience":1838402,"relics_obtained":[{"floor":9.0,"key":"Eternal Feather"},{"floor":9.0,"key":"The Courier"},{"floor":26,"key":"Nunchaku"},{"floor":26,"key":"Bottled Flame"},{"floor":37,"key":"Shuriken"},{"floor":40,"key":"White Beast Statue"},{"floor":43,"key":"Mercury Hourglass"},{"floor":47,"key":"Strawberry"}],"event_choices":[{"damage_healed":0.0,"max_hp_gain":0.0,"max_hp_loss":0.0,"gold_gain":75.0,"event_name":"World of Goop","player_choice":"Gather Gold","floor":4.0,"gold_loss":0.0,"damage_taken":11.0},{"damage_healed":0.0,"max_hp_gain":0.0,"max_hp_loss":0.0,"gold_gain":0.0,"event_name":"Golden Idol","player_choice":"Take Damage","floor":5.0,"gold_loss":0.0,"damage_taken":19.0,"relics_obtained":["Golden Idol"]},{"damage_healed":0.0,"max_hp_gain":0.0,"max_hp_loss":0.0,"gold_gain":175.0,"event_name":"Liars Game","player_choice":"AGREE","floor":7.0,"gold_loss":0.0,"damage_taken":0.0,"cards_obtained":["Doubt"]},{"damage_healed":0.0,"max_hp_gain":0.0,"max_hp_loss":0.0,"gold_gain":0.0,"event_name":"FaceTrader","player_choice":"Trade","floor":10.0,"gold_loss":0.0,"damage_taken":0.0,"relics_obtained":["SsserpentHead"]},{"damage_healed":0.0,"max_hp_gain":0.0,"max_hp_loss":0.0,"gold_gain":0.0,"event_name":"Scrap Ooze","player_choice":"Success","floor":12.0,"gold_loss":0.0,"damage_taken":3.0,"relics_obtained":["Singing Bowl"]},{"damage_healed":0,"gold_gain":0,"player_choice":"Cursed","damage_taken":0,"max_hp_gain":0,"max_hp_loss":0,"event_name":"Wheel of Change","floor":19,"gold_loss":0,"cards_obtained":["Decay"]},{"damage_healed":0,"gold_gain":0,"player_choice":"Ignored","damage_taken":0,"max_hp_gain":0,"max_hp_loss":0,"event_name":"Ghosts","floor":21,"gold_loss":0},{"damage_healed":0,"gold_gain":0,"player_choice":"Rummage","damage_taken":0,"relics_obtained":["WarpedTongs"],"max_hp_gain":0,"max_hp_loss":0,"event_name":"Accursed Blacksmith","floor":22,"gold_loss":0,"cards_obtained":["Pain"]},{"damage_healed":0,"gold_gain":0,"player_choice":"Memory 3","damage_taken":10,"max_hp_gain":0,"max_hp_loss":0,"event_name":"SensoryStone","floor":36,"gold_loss":0},{"damage_healed":0,"gold_gain":0,"player_choice":"Ignored","damage_taken":0,"max_hp_gain":0,"max_hp_loss":0,"event_name":"SecretPortal","floor":39,"gold_loss":0}],"is_beta":false,"boss_relics":[{"not_picked":["Runic Pyramid","Calling Bell"],"picked":"SlaversCollar"},{"not_picked":["FireBladeMod:BattleMasterLocket","Astrolabe"],"picked":"Sozu"}],"items_purged_floors":[8,27,41],"is_endless":false,"potions_floor_spawned":[1,11,30,31,40,42,47,48],"ascension_level":2}}