{"host":"lqbszw1tv2isqkrb","time":1609838762,"event":{"mods":["BaseMod","Downfall","Hermit","Hubris","Minty Spire (QoL Compilation)","Quick Restart","StSLib","The Animator","The Hierophant"],"gold_per_floor":[114,114,114,114,127,127,157,170,252,330,342,360,373,705,705,800,800,780,780,833,833,833,866,866,866,893,907,907,917,501,531,531,634,634,653,399,499,515,530,563,563,596,596,596,629,54,54,71,71,71,71,71,29,55,55],"floor_reached":56,"playtime":2626,"items_purged":["Strike_R","Bash","Disarm"],"score":1729,"play_id":"d2e8bc05-84d0-4da8-9287-047f3885a807","local_time":"20210105042602","is_ascension_mode":true,"campfire_choices":[{"floor":6.0,"key":"RECALL"},{"floor":15.0,"key":"REST"},{"floor":25.0,"key":"REST"},{"floor":28.0,"key":"REST"},{"data":"Body Slam","floor":32.0,"key":"SMITH"},{"data":"Entrench","floor":41.0,"key":"SMITH"},{"floor":47,"key":"REST"},{"data":"Entrench","floor":49,"key":"SMITH"},{"data":"Entrench","floor":52,"key":"SMITH"}],"circlet_count":0,"master_deck":["Defend_R","Defend_R","Defend_R","Defend_R","Shockwave","Shrug It Off","Entrench+1","Body Slam","Reaper","Body Slam+1","Barricade+1","Metallicize","Intimidate","Body Slam","expansioncontent:DefensiveStance","Reaper","Entrench+1","Entrench+1","Ghostly Armor+1","Entrench","Flame Barrier","Evolve+1"],"relics":["Burning Blood","NeowsBlessing","hubris:Icosahedron","Omamori","Paper Frog","Old Coin","Black Star","Art of War","Necronomicon","Bag of Marbles","Sundial","Happy Flower","Mummified Hand","Frozen Egg 2","StrikeDummy","hubris:Stopwatch","DollysMirror","The Courier","Torii","Orichalcum","Anchor","Potion Belt","MealTicket","Letter Opener","Membership Card","Blood Vial","Oddly Smooth Stone","Lantern","Regal Pillow","Bag of Preparation","Pear","Charon\u0027s Ashes","hubris:Potato"],"acts_visited":["Exordium","TheCity","TheBeyond","TheEnding"],"potions_floor_usage":[45,55,55],"damage_taken":[{"damage":0.0,"enemies":"Small Slimes","floor":1.0,"turns":1.0},{"damage":0.0,"enemies":"2 Louse","floor":5.0,"turns":1.0},{"damage":10.0,"enemies":"3 Sentries","floor":7.0,"turns":2.0},{"damage":11.0,"enemies":"Cultist","floor":8.0,"turns":4.0},{"damage":0.0,"enemies":"Exordium Wildlife","floor":11.0,"turns":3.0},{"damage":16.0,"enemies":"2 Fungi Beasts","floor":12.0,"turns":5.0},{"damage":40.0,"enemies":"Exordium Thugs","floor":13.0,"turns":8.0},{"damage":6.0,"enemies":"Gremlin Nob","floor":14.0,"turns":2.0},{"damage":54.0,"enemies":"Slime Boss","floor":16.0,"turns":15.0},{"damage":23.0,"enemies":"2 Thieves","floor":18.0,"turns":4.0},{"damage":96.0,"enemies":"Gremlin Leader","floor":23.0,"turns":8.0},{"damage":13.0,"enemies":"Spheric Guardian","floor":27.0,"turns":6.0},{"damage":22.0,"enemies":"Shelled Parasite and Fungi","floor":29.0,"turns":8.0},{"damage":7.0,"enemies":"Slavers","floor":31.0,"turns":5.0},{"damage":0.0,"enemies":"Champ","floor":33.0,"turns":9.0},{"damage":36.0,"enemies":"3 Darklings","floor":35.0,"turns":8.0},{"damage":57.0,"enemies":"3 Shapes","floor":38.0,"turns":7.0},{"damage":0.0,"enemies":"Jaw Worm Horde","floor":39.0,"turns":4.0},{"damage":37.0,"enemies":"Reptomancer","floor":40.0,"turns":8.0},{"damage":27.0,"enemies":"Nemesis","floor":42.0,"turns":11.0},{"damage":64,"enemies":"Reptomancer","floor":45,"turns":9},{"damage":19,"enemies":"Maw","floor":48,"turns":7},{"damage":0,"enemies":"hubris:GrandSnecko","floor":50,"turns":4},{"damage":0,"enemies":"Shield and Spear","floor":54,"turns":4},{"damage":51,"enemies":"The Heart","floor":55,"turns":7}],"seed_played":"6776946077672227499","potions_obtained":[{"floor":7.0,"key":"Dexterity Potion"},{"floor":8.0,"key":"ColorlessPotion"},{"floor":11.0,"key":"EntropicBrew"},{"floor":16.0,"key":"FairyPotion"},{"floor":18.0,"key":"Explosive Potion"},{"floor":23.0,"key":"BlessingOfTheForge"},{"floor":39.0,"key":"Explosive Potion"},{"floor":42.0,"key":"Dexterity Potion"},{"floor":45,"key":"ElixirPotion"},{"floor":48,"key":"Ancient Potion"}],"is_trial":false,"path_per_floor":["M","?","?","?","M","R","E","M","T","T","M","M","M","E","R","B",null,"M","?","T","?","?","E","?","R","T","M","R","M","$","E","R","B",null,"M","$","?","M","M","E","R","E","T","?","E","$","R","M","R","B",null,"R","$","E","B",null],"character_chosen":"IRONCLAD","items_purchased":["expansioncontent:DefensiveStance","Mummified Hand","DollysMirror","Membership Card","Blood Vial","Oddly Smooth Stone","Lantern","Regal Pillow","Bag of Preparation","Pear","Flame Barrier","Evolve+1"],"campfire_rested":4,"item_purchase_floors":[30,30,36,46,46,46,46,46,46,46,53,53],"current_hp_per_floor":[80,80,73,73,79,79,75,70,70,70,76,69,43,43,67,30,80,63,63,63,47,47,20,20,44,44,37,61,62,62,79,79,80,80,72,72,72,49,60,57,57,58,58,58,31,56,90,84,84,90,90,90,90,90,45],"gold":55,"neow_bonus":"THREE_ENEMY_KILL","is_daily":false,"chose_seed":false,"campfire_upgraded":4,"win_rate":0.0,"timestamp":1609838762,"path_taken":["M","?","?","?","?","R","E","M","T","?","M","M","M","E","R","BOSS","M","?","?","?","?","E","?","R","T","M","R","M","$","E","R","BOSS","M","$","?","M","?","E","R","E","T","?","E","$","R","M","R","BOSS","R","$","E","BOSS"],"items_purchased_type":["Card","Relic","Relic","Relic","Relic","Relic","Relic","Relic","Relic","Relic","Card","Card"],"build_version":"2020-12-22","purchased_purges":3,"victory":true,"max_hp_per_floor":[80,80,80,80,80,80,80,80,80,80,80,80,80,80,80,80,80,80,80,80,80,80,80,80,80,80,80,80,80,80,80,80,80,80,80,80,80,80,80,80,80,80,80,80,80,90,90,90,90,90,90,90,90,90,90],"card_choices":[{"not_picked":["Anger","Searing Blow","Flex"],"picked":"SKIP","floor":1.0},{"not_picked":["Pommel Strike","Clash"],"picked":"Shrug It Off","floor":5.0},{"not_picked":["Infernal Blade","Warcry"],"picked":"Entrench","floor":7.0},{"not_picked":["Hemokinesis","Pommel Strike"],"picked":"Body Slam","floor":8.0},{"not_picked":["Clash","Headbutt"],"picked":"Reaper","floor":11.0},{"not_picked":["Flex","Pommel Strike","Perfected Strike"],"picked":"SKIP","floor":12.0},{"not_picked":["Clash","Carnage"],"picked":"Body Slam","floor":13.0},{"not_picked":["Havoc","hubris:CleavingFinish","Iron Wave"],"picked":"SKIP","floor":14.0},{"not_picked":["Immolate","Feed"],"picked":"Barricade","floor":16.0},{"not_picked":["Sword Boomerang","Second Wind","Pommel Strike"],"picked":"SKIP","floor":18.0},{"not_picked":["Sentinel","Pummel","Perfected Strike"],"picked":"SKIP","floor":23.0},{"not_picked":["Shrug It Off","Carnage"],"picked":"Body Slam","floor":27.0},{"not_picked":["Wild Strike+1","Clash","Pommel Strike"],"picked":"SKIP","floor":29.0},{"not_picked":["Berserk+1","Infernal Blade","Clothesline"],"picked":"SKIP","floor":31.0},{"not_picked":["Berserk+1","Bludgeon"],"picked":"Reaper","floor":33.0},{"not_picked":["Armaments+1","Cleave+1","Anger+1"],"picked":"SKIP","floor":35.0},{"not_picked":["True Grit+1","Shockwave","Headbutt+1"],"picked":"SKIP","floor":38.0},{"not_picked":["Disarm+1","Perfected Strike+1","Burning Pact"],"picked":"SKIP","floor":39.0},{"not_picked":["Shrug It Off","Dark Embrace+1"],"picked":"Entrench","floor":40.0},{"not_picked":["Power Through+1","Headbutt"],"picked":"Ghostly Armor+1","floor":42.0},{"not_picked":["Hemokinesis","hubris:StunningStrike","Wild Strike"],"picked":"SKIP","floor":45},{"not_picked":["Shrug It Off+1","Ghostly Armor+1"],"picked":"Entrench","floor":48},{"not_picked":["Havoc","Wild Strike","Twin Strike"],"picked":"SKIP","floor":54}],"player_experience":405661,"relics_obtained":[{"floor":7.0,"key":"Omamori"},{"floor":9.0,"key":"Paper Frog"},{"floor":14.0,"key":"Old Coin"},{"floor":20.0,"key":"Art of War"},{"floor":21.0,"key":"Necronomicon"},{"floor":23.0,"key":"Bag of Marbles"},{"floor":23.0,"key":"Sundial"},{"floor":26.0,"key":"Happy Flower"},{"floor":31.0,"key":"Frozen Egg 2"},{"floor":31.0,"key":"StrikeDummy"},{"floor":40.0,"key":"The Courier"},{"floor":40.0,"key":"Torii"},{"floor":42.0,"key":"Orichalcum"},{"floor":42.0,"key":"Anchor"},{"floor":43.0,"key":"Potion Belt"},{"floor":45,"key":"MealTicket"},{"floor":45,"key":"Letter Opener"},{"floor":54,"key":"Charon\u0027s Ashes"},{"floor":54,"key":"hubris:Potato"}],"event_choices":[{"cards_removed":["Strike_R"],"damage_healed":0.0,"max_hp_gain":0.0,"max_hp_loss":0.0,"gold_gain":0.0,"event_name":"Golden Wing","player_choice":"Card Removal","floor":3.0,"gold_loss":0.0,"damage_taken":7.0},{"damage_healed":0.0,"max_hp_gain":0.0,"max_hp_loss":0.0,"gold_gain":0.0,"cards_transformed":["Strike_R"],"event_name":"Transmorgrifier","player_choice":"Transformed","floor":4.0,"gold_loss":0.0,"damage_taken":0.0,"cards_obtained":["Shockwave"]},{"damage_healed":0.0,"max_hp_gain":0.0,"max_hp_loss":0.0,"gold_gain":0.0,"event_name":"The Library","player_choice":"Read","floor":19.0,"gold_loss":0.0,"damage_taken":0.0,"cards_obtained":["Metallicize"]},{"damage_healed":0.0,"max_hp_gain":0.0,"max_hp_loss":0.0,"gold_gain":0.0,"event_name":"Cursed Tome","player_choice":"Obtained Book","floor":21.0,"gold_loss":0.0,"damage_taken":16.0},{"damage_healed":0.0,"max_hp_gain":0.0,"max_hp_loss":0.0,"gold_gain":0.0,"cards_transformed":["Strike_R","Strike_R"],"event_name":"Drug Dealer","player_choice":"Became Test Subject","floor":22.0,"gold_loss":0.0,"damage_taken":0.0,"cards_obtained":["Disarm","Intimidate"]},{"damage_healed":0.0,"max_hp_gain":0.0,"max_hp_loss":0.0,"gold_gain":100.0,"event_name":"Golden Shrine","player_choice":"Pray","floor":37.0,"gold_loss":0.0,"damage_taken":0.0},{"damage_healed":0.0,"max_hp_gain":0.0,"max_hp_loss":0.0,"gold_gain":0.0,"event_name":"Tomb of Lord Red Mask","player_choice":"Ignored","floor":44.0,"gold_loss":0.0,"damage_taken":0.0}],"is_beta":false,"boss_relics":[{"not_picked":["Mark of Pain","Runic Cube"],"picked":"Black Star"},{"not_picked":["Velvet Choker","Fusion Hammer"],"picked":"hubris:Stopwatch"}],"items_purged_floors":[30,36,46],"is_endless":false,"potions_floor_spawned":[7,8,11,16,18,23,39,42,45,48],"ascension_level":3}}