{"host":"mi0eibewekhugwl1","time":1609858441,"event":{"mods":["AchievementEnabler","BaseMod","Colored Map","Colored Powertips","DeckTracker","Keyboard Shortcuts","Minty Spire (QoL Compilation)","Quick Restart","Rare Cards Sparkle","Relic Stats","StSLib","SuperFastMode","everything is the same but u backflip on backflip"],"gold_per_floor":[116,131,281,281,301,301,312,330,330,345,345,12,30,55,55,55,55],"floor_reached":16,"playtime":324,"items_purged":["Doubt"],"score":208,"play_id":"264443ba-33a6-4955-abbf-335f7069367d","local_time":"20210105235401","is_ascension_mode":true,"campfire_choices":[{"data":"Bash","floor":6,"key":"SMITH"},{"data":"Reaper","floor":11,"key":"SMITH"},{"data":"Apotheosis","floor":15,"key":"SMITH"}],"circlet_count":0,"master_deck":["AscendersBane","Strike_R","Strike_R","Strike_R","Strike_R","Strike_R","Defend_R","Defend_R","Defend_R","Defend_R","Bash+1","Sword Boomerang+1","Shrug It Off","Reaper+1","Apotheosis+1","Spot Weakness","Pommel Strike","Sword Boomerang"],"relics":["Burning Blood","Vajra","Ancient Tea Set","Art of War"],"acts_visited":["Exordium"],"potions_floor_usage":[7,16,16],"damage_taken":[{"damage":4,"enemies":"Small Slimes","floor":1,"turns":4},{"damage":2,"enemies":"Jaw Worm","floor":2,"turns":3},{"damage":0,"enemies":"Cultist","floor":5,"turns":2},{"damage":5,"enemies":"Gremlin Gang","floor":7,"turns":5},{"damage":18,"enemies":"Looter","floor":8,"turns":4},{"damage":14,"enemies":"Red Slaver","floor":10,"turns":4},{"damage":23,"enemies":"Large Slime","floor":13,"turns":4},{"damage":39,"enemies":"3 Sentries","floor":14,"turns":7},{"damage":78,"enemies":"Slime Boss","floor":16,"turns":11}],"seed_played":"-29050303711098243","potions_obtained":[{"floor":1,"key":"Energy Potion"},{"floor":8,"key":"Regen Potion"},{"floor":10,"key":"DistilledChaos"}],"is_trial":false,"path_per_floor":["M","M","?","?","M","R","M","M","T","M","R","$","M","E","R","B"],"character_chosen":"IRONCLAD","items_purchased":["Apotheosis","Spot Weakness"],"campfire_rested":0,"item_purchase_floors":[12,12],"current_hp_per_floor":[70,74,74,74,75,75,75,63,63,55,55,55,56,50,50,0,0],"gold":55,"neow_bonus":"RANDOM_COMMON_RELIC","is_daily":false,"chose_seed":false,"campfire_upgraded":3,"win_rate":0.0,"timestamp":1609858441,"path_taken":["M","M","?","?","M","R","?","M","T","M","R","$","M","E","R","BOSS"],"items_purchased_type":["Card","Card"],"build_version":"2020-12-22","purchased_purges":1,"victory":false,"max_hp_per_floor":[75,75,75,75,75,75,75,75,75,75,75,75,75,75,75,75,75],"relic_stats":{"counters":[9,44],"Art of War":[1],"obtain_stats":[{"Vajra":0,"Art of War":14,"Ancient Tea Set":9,"Burning Blood":0},{"Vajra":0,"Art of War":8,"Ancient Tea Set":5,"Burning Blood":0},{"Vajra":0,"Art of War":33,"Ancient Tea Set":18,"Burning Blood":0}],"Burning Blood":42},"card_choices":[{"not_picked":["Battle Trance","Blood for Blood"],"picked":"Sword Boomerang","floor":1},{"not_picked":["Thunderclap","Infernal Blade","Clothesline"],"picked":"SKIP","floor":2},{"not_picked":["Dropkick","Clothesline","Entrench"],"picked":"SKIP","floor":5},{"not_picked":["Metallicize","Iron Wave"],"picked":"Shrug It Off","floor":7},{"not_picked":["Reaper","Searing Blow","Entrench"],"picked":"SKIP","floor":8},{"not_picked":["Searing Blow","Entrench"],"picked":"Reaper","floor":8},{"not_picked":["Clash","Wild Strike","Anger"],"picked":"SKIP","floor":10},{"not_picked":["Carnage","Bloodletting"],"picked":"Pommel Strike","floor":13},{"not_picked":["Shrug It Off","Clash"],"picked":"Sword Boomerang","floor":14}],"player_experience":1733145,"relics_obtained":[{"floor":9,"key":"Ancient Tea Set"},{"floor":14,"key":"Art of War"}],"event_choices":[{"damage_healed":0,"gold_gain":150,"player_choice":"AGREE","damage_taken":0,"max_hp_gain":0,"max_hp_loss":0,"event_name":"Liars Game","floor":3,"gold_loss":0,"cards_obtained":["Doubt"]},{"damage_healed":0,"gold_gain":0,"player_choice":"Upgraded","damage_taken":0,"max_hp_gain":0,"max_hp_loss":0,"event_name":"Upgrade Shrine","floor":4,"gold_loss":0,"cards_upgraded":["Sword Boomerang"]}],"is_beta":false,"boss_relics":[],"items_purged_floors":[12],"is_endless":false,"potions_floor_spawned":[1,8,10,13,14],"killed_by":"Slime Boss","ascension_level":20}}