{"host":"tzyzz5n7hg2ni9q2","time":1609829495,"event":{"mods":["BaseMod","Minty Spire (QoL Compilation)","Quick Restart"],"gold_per_floor":[40,116,116,116,135,145,145,159,159,212,243,277,318,342,372,384,396,396],"floor_reached":16,"playtime":541,"items_purged":[],"score":166,"play_id":"4e019f1f-a745-4cf4-bf4d-29997f9ce070","local_time":"20210105075135","is_ascension_mode":true,"campfire_choices":[{"data":"Uppercut","floor":6,"key":"SMITH"},{"data":"True Grit","floor":8,"key":"SMITH"},{"data":"Inflame","floor":15,"key":"SMITH"}],"circlet_count":0,"master_deck":["AscendersBane","Strike_R","Strike_R","Strike_R","Strike_R","Defend_R","Defend_R+1","Defend_R+1","Defend_R","Bash","True Grit+1","Uppercut+1","Inflame+1","Shrug It Off","Shrug It Off","Offering","Seeing Red"],"relics":["Burning Blood","Happy Flower","MawBank","Odd Mushroom","Ancient Tea Set"],"acts_visited":["Exordium"],"potions_floor_usage":[11,14,16],"damage_taken":[{"damage":0,"enemies":"Small Slimes","floor":1,"turns":3},{"damage":0,"enemies":"2 Louse","floor":4,"turns":3},{"damage":4,"enemies":"Jaw Worm","floor":5,"turns":4},{"damage":24,"enemies":"Large Slime","floor":7,"turns":5},{"damage":0,"enemies":"Looter","floor":10,"turns":4},{"damage":12,"enemies":"The Mushroom Lair","floor":11,"turns":5},{"damage":10,"enemies":"Lagavulin","floor":12,"turns":6},{"damage":2,"enemies":"2 Fungi Beasts","floor":13,"turns":5},{"damage":12,"enemies":"3 Louse","floor":14,"turns":4},{"damage":33,"enemies":"Slime Boss","floor":16,"turns":10}],"seed_played":"1894084332617194524","potions_obtained":[{"floor":4,"key":"Fire Potion"},{"floor":11,"key":"SneckoOil"},{"floor":12,"key":"Energy Potion"}],"is_trial":false,"path_per_floor":["M","?","?","M","M","R","M","R","T","M","?","E","M","M","R","B"],"character_chosen":"IRONCLAD","items_purchased":[],"campfire_rested":0,"item_purchase_floors":[],"current_hp_per_floor":[13,78,71,55,61,63,63,45,45,45,51,45,41,45,39,39,6,6],"gold":396,"neow_bonus":"RANDOM_COMMON_RELIC","is_daily":false,"chose_seed":false,"campfire_upgraded":3,"win_rate":0.0,"timestamp":1609829495,"path_taken":["M","?","?","M","M","R","?","R","T","M","?","E","M","M","R","BOSS"],"items_purchased_type":[],"build_version":"2020-12-22","purchased_purges":0,"victory":false,"max_hp_per_floor":[80,80,80,80,80,80,80,80,80,80,80,80,80,80,80,80,80,80],"card_choices":[{"not_picked":["Entrench","Anger"],"picked":"True Grit","floor":1},{"not_picked":["Reckless Charge","Armaments"],"picked":"Uppercut","floor":4},{"not_picked":["Wild Strike","Heavy Blade"],"picked":"Inflame","floor":5},{"not_picked":["Rupture","Anger"],"picked":"Shrug It Off","floor":7},{"not_picked":["Iron Wave","Anger"],"picked":"Shrug It Off","floor":10},{"not_picked":["Twin Strike","Bloodletting"],"picked":"Offering","floor":11},{"not_picked":["Clash","Pommel Strike"],"picked":"Seeing Red","floor":12},{"not_picked":["Power Through","Thunderclap","Feel No Pain"],"picked":"SKIP","floor":13},{"not_picked":["Sword Boomerang","Clothesline","Searing Blow"],"picked":"SKIP","floor":14}],"player_experience":239720,"relics_obtained":[{"floor":9,"key":"MawBank"},{"floor":11,"key":"Odd Mushroom"},{"floor":12,"key":"Ancient Tea Set"}],"event_choices":[{"cards_removed":["Strike_R"],"damage_healed":0,"gold_gain":0,"player_choice":"Card Removal","damage_taken":7,"max_hp_gain":0,"max_hp_loss":0,"event_name":"Golden Wing","floor":2,"gold_loss":0},{"damage_healed":0,"gold_gain":0,"player_choice":"Entered Light","damage_taken":16,"max_hp_gain":0,"max_hp_loss":0,"event_name":"Shining Light","floor":3,"gold_loss":0,"cards_upgraded":["Defend_R","Defend_R"]},{"damage_healed":0,"gold_gain":0,"player_choice":"Fought Mushrooms","damage_taken":0,"max_hp_gain":0,"max_hp_loss":0,"event_name":"Mushrooms","floor":11,"gold_loss":0}],"is_beta":false,"boss_relics":[],"items_purged_floors":[],"is_endless":false,"potions_floor_spawned":[4,11,12],"killed_by":"Slime Boss","ascension_level":12}}