{"host":"yecadp3kwkksam5a","time":1609868149,"event":{"mods":["BaseMod","Minty Spire (QoL Compilation)","Replay The Spire","StSLib","The Jungle"],"gold_per_floor":[119,130,130,149,162,187,187,215,215,215,247,247,114,139,139,216,216,231,231,231,243,57,88,88,101,128,157,157,210,235,247,247,319,319,331,9,26,38,24,50,50,50,50,64,64,79,79,98,98,98,98,98,98,11,39,39],"floor_reached":57,"playtime":5594,"items_purged":["Quick Slash"],"score":3616,"play_id":"9b0b686c-ce68-42fc-8385-f226c71d1ed8","local_time":"20210106023549","is_ascension_mode":true,"campfire_choices":[{"floor":12.0,"key":"RECALL"},{"data":"Defend_G","floor":15.0,"key":"PURGE"},{"data":"Survivor","floor":24.0,"key":"PURGE"},{"data":"Calculated Gamble","floor":32.0,"key":"SMITH"},{"data":"Injury","floor":41.0,"key":"PURGE"},{"data":"ReplayTheSpireMod:The Works","floor":45.0,"key":"SMITH"},{"data":"Footwork","floor":47.0,"key":"SMITH"},{"floor":49.0,"key":"DIG"},{"data":"Well Laid Plans","floor":53.0,"key":"SMITH"}],"circlet_count":0,"master_deck":["Neutralize","Caltrops+1","Footwork+1","Backflip+1","Caltrops+1","Backflip","Footwork+1","Footwork","Deflect","Noxious Fumes+1","Backflip+1","Dodge and Roll+1","After Image","Noxious Fumes","Dodge and Roll","Noxious Fumes+1","Noxious Fumes","Flash of Steel","Flash of Steel","Blur","Prepared+1","Acrobatics+1","Finesse","Tactician+1","Calculated Gamble+1","Tactician+1","Adrenaline","ReplayTheSpireMod:The Works+1","Acrobatics","Well Laid Plans+1","Prepared","Footwork+1"],"relics":["Ring of the Snake","Bloody Idol","Peace Pipe","TungstenRod","Empty Cage","Oddly Smooth Stone","The Specimen","Juzu Bracelet","Girya","Tough Bandages","Gambling Chip","Darkstone Periapt","Thread and Needle","Orichalcum","Onion Ring","FossilizedHelix","ReplayTheSpireMod:ShopPack","PreservedInsect","HoveringKite","TungstenRod","Bag of Preparation","Regal Pillow","Ancient Tea Set","Replay:Baseball","Coffee Dripper","Turnip","ReplayTheSpireMod:CursedCoin","Strawberry","Eternal Feather","Molten Egg 2","Replay:Kaleidoscope","Replay:Wax Seal"],"acts_visited":["Exordium","theJungle:Jungle","TheBeyond","TheEnding"],"potions_floor_usage":[56],"damage_taken":[{"damage":0.0,"enemies":"Jaw Worm","floor":1.0,"turns":4.0},{"damage":1.0,"enemies":"2 Louse","floor":2.0,"turns":4.0},{"damage":0.0,"enemies":"Small Slimes","floor":4.0,"turns":5.0},{"damage":0.0,"enemies":"Blue Slaver","floor":5.0,"turns":4.0},{"damage":0.0,"enemies":"3 Sentries","floor":6.0,"turns":7.0},{"damage":12.0,"enemies":"Gremlin Nob","floor":8.0,"turns":5.0},{"damage":0.0,"enemies":"3 Sentries","floor":11.0,"turns":6.0},{"damage":0.0,"enemies":"The Guardian","floor":16.0,"turns":9.0},{"damage":0.0,"enemies":"theJungle:MUSHROOMGANG","floor":18.0,"turns":6.0},{"damage":0.0,"enemies":"theJungle:GiantWrat","floor":21.0,"turns":5.0},{"damage":0.0,"enemies":"theJungle:MamaSnecko","floor":23.0,"turns":6.0},{"damage":0.0,"enemies":"theJungle:2_Snecko_Cultists","floor":25.0,"turns":5.0},{"damage":0.0,"enemies":"theJungle:2_Phrogs","floor":27.0,"turns":5.0},{"damage":0.0,"enemies":"theJungle:MamaSnecko","floor":30.0,"turns":4.0},{"damage":0.0,"enemies":"theJungle:Lyon","floor":31.0,"turns":4.0},{"damage":0.0,"enemies":"theJungle:QueenSpyder","floor":33.0,"turns":8.0},{"damage":0.0,"enemies":"Orb Walker","floor":35.0,"turns":5.0},{"damage":0.0,"enemies":"3 Darklings","floor":37.0,"turns":3.0},{"damage":0.0,"enemies":"Maw","floor":38.0,"turns":8.0},{"damage":0.0,"enemies":"Nemesis","floor":40.0,"turns":7.0},{"damage":0.0,"enemies":"Writhing Mass","floor":44.0,"turns":1.0},{"damage":0.0,"enemies":"Sphere and 2 Shapes","floor":46.0,"turns":1.0},{"damage":0.0,"enemies":"3 Darklings","floor":48.0,"turns":1.0},{"damage":0.0,"enemies":"Time Eater","floor":50.0,"turns":8.0},{"damage":0.0,"enemies":"Awakened One","floor":51.0,"turns":5.0},{"damage":0.0,"enemies":"Shield and Spear","floor":55.0,"turns":4.0},{"damage":0,"enemies":"The Heart","floor":56,"turns":5}],"seed_played":"-2292694522899281689","potions_obtained":[{"floor":1.0,"key":"ColorlessPotion"},{"floor":5.0,"key":"BlessingOfTheForge"},{"floor":25.0,"key":"DuplicationPotion"},{"floor":48.0,"key":"GamblersBrew"}],"is_trial":false,"path_per_floor":["M","M","?","M","M","E","?","E","T","?","E","R","$","T","R","B",null,"M","?","?","M","$","E","R","M","T","E","?","T","E","M","R","B",null,"M","$","M","M","$","E","R","?","T","M","R","M","R","M","R","B","B",null,"R","$","E","B",null],"character_chosen":"THE_SILENT","items_purchased":["ReplayTheSpireMod:ShopPack","Fruit Juice","Turnip","ReplayTheSpireMod:CursedCoin","Strawberry","Replay:Wax Seal"],"campfire_rested":0,"item_purchase_floors":[13,22,36,39,39,54],"current_hp_per_floor":[86,86,91,91,91,91,85,78,78,52,57,57,57,62,62,67,85,90,91,91,91,96,96,96,96,96,96,96,96,96,96,96,96,96,96,96,96,96,109,109,109,68,68,73,91,96,109,109,109,109,109,109,109,109,109,109],"gold":39,"neow_bonus":"TEN_PERCENT_HP_BONUS","is_daily":false,"chose_seed":false,"campfire_upgraded":4,"win_rate":0.0,"timestamp":1609868149,"path_taken":["M","M","?","M","M","E","?","E","T","?","E","R","$","?","R","BOSS","M","?","?","M","$","E","R","M","T","E","?","?","E","M","R","BOSS","M","$","M","M","?","E","R","?","T","M","R","M","R","M","R","BOSS","BOSS","R","$","E","BOSS"],"items_purchased_type":["Relic","Potion","Relic","Relic","Relic","Relic"],"build_version":"2020-12-22","purchased_purges":1,"victory":true,"max_hp_per_floor":[86,86,91,91,91,91,91,91,91,91,91,91,91,91,91,91,91,91,91,91,91,96,96,96,96,96,96,96,96,96,96,96,96,96,96,96,96,96,109,109,109,109,109,109,109,109,109,109,109,109,109,109,109,109,109,109],"card_choices":[{"not_picked":["Fluid Movement","Hidden Blade","Noxious Fumes"],"picked":"SKIP","floor":1.0},{"not_picked":["Underhanded Strike","Backflip"],"picked":"Prepared","floor":2.0},{"not_picked":["Dagger Throw","Poisoned Stab","Glass Knife"],"picked":"SKIP","floor":4.0},{"not_picked":["Bane","Deadly Poison","Slice"],"picked":"SKIP","floor":5.0},{"not_picked":["Poisoned Stab","Storm of Steel","Noxious Fumes"],"picked":"SKIP","floor":6.0},{"not_picked":["PiercingWail","Dagger Spray"],"picked":"Acrobatics","floor":8.0},{"not_picked":["ReplayTheSpireMod:Tripwire","Underhanded Strike","Poisoned Stab"],"picked":"SKIP","floor":11.0},{"not_picked":["Deep Breath","Panache"],"picked":"Finesse","floor":13.0},{"not_picked":["ReplayTheSpireMod:Exploit Weakness","Blade Dance","Underhanded Strike+1"],"picked":"SKIP","floor":18.0},{"not_picked":["Deflect","Masterful Stab","ReplayTheSpireMod:Shiv Toss"],"picked":"SKIP","floor":21.0},{"not_picked":["Underhanded Strike","Predator","Backflip"],"picked":"SKIP","floor":23.0},{"not_picked":["Cloak And Dagger","Infinite Blades","Riddle With Holes"],"picked":"SKIP","floor":25.0},{"not_picked":["Dodge and Roll","Dagger Throw"],"picked":"Tactician","floor":27.0},{"not_picked":["Slice","Doppelganger","Masterful Stab"],"picked":"SKIP","floor":30.0},{"not_picked":["Dagger Throw+1","Dagger Spray"],"picked":"Calculated Gamble","floor":31.0},{"not_picked":["Toxin Wave+1","Sucker Punch"],"picked":"Tactician+1","floor":35.0},{"not_picked":["Dodge and Roll","Quick Slash","ReplayTheSpireMod:Speed Training"],"picked":"SKIP","floor":37.0},{"not_picked":["Quick Slash","Slice"],"picked":"Adrenaline","floor":38.0},{"not_picked":["Quick Slash","ReplayTheSpireMod:Shiv Toss","Underhanded Strike"],"picked":"SKIP","floor":40.0},{"not_picked":["Fluid Movement","Bane"],"picked":"ReplayTheSpireMod:The Works","floor":42.0},{"not_picked":["Noxious Fumes+1","Slice"],"picked":"Acrobatics","floor":42.0},{"not_picked":["Sucker Punch+1","Noxious Fumes"],"picked":"Well Laid Plans","floor":44.0},{"not_picked":["PiercingWail","Setup+1"],"picked":"Prepared","floor":46.0},{"not_picked":["Cloak And Dagger","Flying Knee+1"],"picked":"Footwork+1","floor":48.0},{"not_picked":["Distraction","Deadly Poison+1","Dodge and Roll"],"picked":"SKIP","floor":55}],"player_experience":384792,"relics_obtained":[{"floor":6.0,"key":"Orichalcum"},{"floor":8.0,"key":"Onion Ring"},{"floor":11.0,"key":"FossilizedHelix"},{"floor":14.0,"key":"PreservedInsect"},{"floor":23.0,"key":"TungstenRod"},{"floor":26.0,"key":"Bag of Preparation"},{"floor":27.0,"key":"Regal Pillow"},{"floor":29.0,"key":"Ancient Tea Set"},{"floor":30.0,"key":"Replay:Baseball"},{"floor":40.0,"key":"Eternal Feather"},{"floor":43.0,"key":"Molten Egg 2"},{"floor":49.0,"key":"Replay:Kaleidoscope"}],"event_choices":[{"damage_healed":0.0,"max_hp_gain":5.0,"max_hp_loss":0.0,"gold_gain":0.0,"event_name":"Big Fish","player_choice":"Donut","floor":3.0,"gold_loss":0.0,"damage_taken":0.0},{"cards_removed":["Defend_G"],"damage_healed":0.0,"max_hp_gain":0.0,"max_hp_loss":0.0,"gold_gain":0.0,"event_name":"Golden Wing","player_choice":"Card Removal","floor":7.0,"gold_loss":0.0,"damage_taken":7.0},{"damage_healed":0.0,"max_hp_gain":0.0,"max_hp_loss":0.0,"gold_gain":0.0,"event_name":"Shining Light","player_choice":"Entered Light","floor":10.0,"gold_loss":0.0,"damage_taken":27.0,"cards_upgraded":["Backflip","Prepared"]},{"damage_healed":0.0,"max_hp_gain":0.0,"max_hp_loss":0.0,"gold_gain":0.0,"event_name":"Upgrade Shrine","player_choice":"Upgraded","floor":20.0,"gold_loss":0.0,"damage_taken":0.0,"cards_upgraded":["Acrobatics"]},{"damage_healed":0.0,"max_hp_gain":0.0,"max_hp_loss":0.0,"gold_gain":0.0,"event_name":"Accursed Blacksmith","player_choice":"Forge","floor":28.0,"gold_loss":0.0,"damage_taken":0.0,"cards_upgraded":["Tactician"]}],"is_beta":false,"boss_relics":[{"not_picked":["Busted Crown","Pandora\u0027s Box"],"picked":"HoveringKite"},{"not_picked":["Kintsugi","Calling Bell"],"picked":"Coffee Dripper"}],"items_purged_floors":[22],"is_endless":false,"potions_floor_spawned":[1,5,6,21,25,30,31,40,44,48],"ascension_level":20}}