{"host":"7gewg82ormp6yt4e","time":1609856590,"event":{"mods":["BaseMod","Block Reminder","Colored Map","Colored Powertips","DeckTracker","Highlight Path","Minty Spire (QoL Compilation)","Relic Stats","StSLib","ojb\u0027s Info Mod"],"gold_per_floor":[112,123,123,140,153,153,153,185,208,208,221,221,250,250,250,250,250],"floor_reached":16,"playtime":467,"items_purged":[],"score":220,"play_id":"b8c950da-0595-4a37-8257-e9d9b3f6cde2","local_time":"20210105232310","is_ascension_mode":true,"campfire_choices":[{"data":"Sunder","floor":6,"key":"SMITH"},{"data":"Zap","floor":10,"key":"SMITH"},{"data":"Rip and Tear","floor":12,"key":"SMITH"},{"data":"Defragment","floor":15,"key":"SMITH"}],"circlet_count":0,"master_deck":["AscendersBane","Strike_B","Strike_B","Strike_B","Strike_B","Defend_B","Defend_B","Defend_B","Defend_B+1","Zap+1","Dualcast+1","Cold Snap","Cold Snap","Chill","Sunder+1","Rip and Tear+1","Defragment+1"],"relics":["Velvet Choker","Blood Vial","Nunchaku","Vajra","CaptainsWheel"],"acts_visited":["Exordium"],"potions_floor_usage":[5,8],"damage_taken":[{"damage":10,"enemies":"Small Slimes","floor":1,"turns":3},{"damage":2,"enemies":"Jaw Worm","floor":2,"turns":4},{"damage":1,"enemies":"2 Louse","floor":4,"turns":2},{"damage":10,"enemies":"Gremlin Gang","floor":5,"turns":4},{"damage":14,"enemies":"Lagavulin","floor":8,"turns":5},{"damage":0,"enemies":"Looter","floor":11,"turns":3},{"damage":16,"enemies":"Gremlin Nob","floor":13,"turns":4},{"damage":20,"enemies":"Hexaghost","floor":16,"turns":9}],"seed_played":"6574580708854926040","potions_obtained":[{"floor":1,"key":"PowerPotion"},{"floor":4,"key":"ColorlessPotion"},{"floor":13,"key":"Ancient Potion"}],"is_trial":false,"path_per_floor":["M","M","?","M","M","R","?","E","T","R","M","R","E","?","R","B"],"character_chosen":"DEFECT","items_purchased":[],"campfire_rested":0,"item_purchase_floors":[],"current_hp_per_floor":[54,52,31,30,20,20,43,29,29,29,31,31,17,17,17,0,0],"gold":250,"neow_bonus":"BOSS_RELIC","is_daily":false,"chose_seed":false,"campfire_upgraded":4,"win_rate":0.0,"timestamp":1609856590,"path_taken":["M","M","?","M","M","R","?","E","T","R","M","R","E","?","R","BOSS"],"items_purchased_type":[],"build_version":"2020-12-22","purchased_purges":0,"victory":false,"max_hp_per_floor":[71,71,71,71,71,71,71,71,71,71,71,71,71,71,71,71,71],"relic_stats":{"Blood Vial":6,"Nunchaku":[2],"counters":[8,34],"obtain_stats":[{"Blood Vial":8,"Nunchaku":9,"CaptainsWheel":14,"Velvet Choker":0,"Vajra":13,"Cracked Core":0},{"Blood Vial":5,"Nunchaku":5,"CaptainsWheel":7,"Velvet Choker":0,"Vajra":7,"Cracked Core":0},{"Blood Vial":18,"Nunchaku":18,"CaptainsWheel":25,"Velvet Choker":0,"Vajra":25,"Cracked Core":0}]},"card_choices":[{"not_picked":["Melter","Streamline"],"picked":"Cold Snap","floor":1},{"not_picked":["Turbo","Barrage"],"picked":"Cold Snap","floor":2},{"not_picked":["Steam","Go for the Eyes"],"picked":"Chill","floor":4},{"not_picked":["Rebound","Sweeping Beam"],"picked":"Sunder","floor":5},{"not_picked":["Steam Power","Sweeping Beam","Gash"],"picked":"SKIP","floor":8},{"not_picked":["BootSequence","Undo"],"picked":"Rip and Tear","floor":11},{"not_picked":["Sweeping Beam","Glacier"],"picked":"Defragment","floor":13}],"player_experience":2476563,"relics_obtained":[{"floor":8,"key":"Blood Vial"},{"floor":9,"key":"Nunchaku"},{"floor":13,"key":"Vajra"}],"event_choices":[{"damage_healed":0,"gold_gain":0,"player_choice":"Entered Light","damage_taken":21,"max_hp_gain":0,"max_hp_loss":0,"event_name":"Shining Light","floor":3,"gold_loss":0,"cards_upgraded":["Dualcast","Defend_B"]},{"damage_healed":23,"gold_gain":0,"player_choice":"Banana","damage_taken":0,"max_hp_gain":0,"max_hp_loss":0,"event_name":"Big Fish","floor":7,"gold_loss":0},{"damage_healed":0,"gold_gain":0,"player_choice":"Searched \u00271\u0027 times","damage_taken":0,"relics_obtained":["CaptainsWheel"],"max_hp_gain":0,"max_hp_loss":0,"event_name":"Dead Adventurer","floor":14,"gold_loss":0}],"is_beta":false,"boss_relics":[],"items_purged_floors":[],"is_endless":false,"potions_floor_spawned":[1,4,13],"killed_by":"Hexaghost","ascension_level":20}}