{"host":"SteinPartDos","time":1609806926,"event":{"mods":["BaseMod","Colored Map","Minty Spire (QoL Compilation)","StSLib"],"gold_per_floor":[217,228,246,261,42,42,75,75,122,132,163,193,204,232,232,336,336,354,364,279,279,279,305,315,315,366,400,500,516,533,563,563,659,659,675,585,596,373,41,73,73,73,73,86,101,101,134,145,145,145,145,145,69,104,104],"floor_reached":56,"playtime":2731,"items_purged":["Strike_R","Strike_R"],"score":1568,"play_id":"3ba9fadd-bcf0-4198-804a-b138d001cf44","local_time":"20210104193526","is_ascension_mode":true,"campfire_choices":[{"data":"Fiend Fire","floor":6,"key":"SMITH"},{"data":"Inflame","floor":8,"key":"SMITH"},{"data":"Trip","floor":15,"key":"SMITH"},{"data":"WheelKick","floor":25,"key":"SMITH"},{"data":"Impervious","floor":32,"key":"SMITH"},{"data":"A Thousand Cuts","floor":41,"key":"SMITH"},{"data":"Disarm","floor":46,"key":"SMITH"},{"floor":49,"key":"RECALL"},{"data":"PiercingWail","floor":52,"key":"SMITH"}],"circlet_count":0,"master_deck":["Strike_R","Strike_R","Defend_R","Defend_R","Defend_R","Defend_R+1","Bash","Fiend Fire+1","Inflame+1","Dagger Throw","Trip+1","Conserve Battery","WheelKick+1","Omniscience","Ball Lightning","Scrawl+1","Noxious Fumes+1","CutThroughFate+1","Impervious+1","Barricade","Worship+1","SandsOfTime+1","A Thousand Cuts+1","Eviscerate+1","PiercingWail+1","Mayhem","Disarm+1","Pommel Strike+1","White Noise+1","Glacier","TalkToTheHand+1","Footwork+1","Offering","Leg Sweep"],"relics":["Burning Blood","PrismaticShard","Gremlin Horn","Centennial Puzzle","Toy Ornithopter","Odd Mushroom","HornCleat","Snecko Eye","TungstenRod","Lantern","Strawberry","Tiny Chest","Champion Belt","Molten Egg 2","Bag of Preparation","SlaversCollar","Orrery","PreservedInsect","Incense Burner","Omamori","War Paint","Shuriken"],"acts_visited":["Exordium","TheCity","TheBeyond","TheEnding"],"potions_floor_usage":[10,13,16,16,27,28,55,55,55,55],"damage_taken":[{"damage":4,"enemies":"2 Louse","floor":1,"turns":3},{"damage":4,"enemies":"Small Slimes","floor":2,"turns":4},{"damage":4,"enemies":"Jaw Worm","floor":3,"turns":3},{"damage":20,"enemies":"Large Slime","floor":4,"turns":5},{"damage":31,"enemies":"Lagavulin","floor":7,"turns":7},{"damage":4,"enemies":"Lots of Slimes","floor":10,"turns":3},{"damage":6,"enemies":"Gremlin Nob","floor":11,"turns":3},{"damage":5,"enemies":"The Mushroom Lair","floor":12,"turns":3},{"damage":6,"enemies":"Looter","floor":13,"turns":2},{"damage":11,"enemies":"3 Sentries","floor":14,"turns":5},{"damage":44,"enemies":"The Guardian","floor":16,"turns":8},{"damage":1,"enemies":"3 Byrds","floor":18,"turns":2},{"damage":2,"enemies":"Chosen","floor":19,"turns":2},{"damage":26,"enemies":"Book of Stabbing","floor":23,"turns":4},{"damage":0,"enemies":"Snake Plant","floor":24,"turns":1},{"damage":2,"enemies":"Slavers","floor":27,"turns":3},{"damage":0,"enemies":"Colosseum Slavers","floor":28,"turns":1},{"damage":2,"enemies":"Colosseum Nobs","floor":28,"turns":3},{"damage":0,"enemies":"Chosen and Byrds","floor":29,"turns":4},{"damage":0,"enemies":"3 Cultists","floor":30,"turns":4},{"damage":0,"enemies":"Book of Stabbing","floor":31,"turns":2},{"damage":20,"enemies":"Automaton","floor":33,"turns":9},{"damage":0,"enemies":"Orb Walker","floor":35,"turns":2},{"damage":0,"enemies":"3 Shapes","floor":37,"turns":3},{"damage":0,"enemies":"Giant Head","floor":40,"turns":6},{"damage":0,"enemies":"Maw","floor":44,"turns":6},{"damage":0,"enemies":"Transient","floor":45,"turns":5},{"damage":3,"enemies":"Nemesis","floor":47,"turns":5},{"damage":18,"enemies":"Writhing Mass","floor":48,"turns":3},{"damage":8,"enemies":"Awakened One","floor":50,"turns":8},{"damage":5,"enemies":"Shield and Spear","floor":54,"turns":3},{"damage":23,"enemies":"The Heart","floor":55,"turns":8}],"seed_played":"-9209737989817303884","potions_obtained":[{"floor":4,"key":"BlessingOfTheForge"},{"floor":7,"key":"GamblersBrew"},{"floor":11,"key":"Ancient Potion"},{"floor":12,"key":"Explosive Potion"},{"floor":14,"key":"SteroidPotion"},{"floor":16,"key":"Block Potion"},{"floor":19,"key":"SkillPotion"},{"floor":28,"key":"FearPotion"},{"floor":33,"key":"Regen Potion"},{"floor":35,"key":"EntropicBrew"},{"floor":48,"key":"DuplicationPotion"}],"is_trial":false,"path_per_floor":["M","M","M","M","$","R","E","R","T","M","E","?","M","E","R","B",null,"M","M","?","?","?","E","M","R","T","E","?","M","M","E","R","B",null,"M","?","M","$","$","E","R","T","T","M","M","R","E","M","R","B",null,"R","$","E","B",null],"character_chosen":"IRONCLAD","items_purchased":["PrismaticShard","Inflame","Orrery","Disarm","PreservedInsect","Offering"],"campfire_rested":0,"item_purchase_floors":[5,5,38,39,39,53],"current_hp_per_floor":[80,80,80,66,66,66,41,41,41,43,43,44,49,44,44,16,80,80,80,80,80,80,60,66,66,73,82,87,87,87,87,87,73,87,87,87,87,87,87,87,87,87,87,87,87,87,87,75,75,73,87,87,87,87,87],"gold":104,"neow_bonus":"HUNDRED_GOLD","is_daily":false,"chose_seed":false,"campfire_upgraded":8,"win_rate":0.0,"timestamp":1609806926,"path_taken":["M","M","M","M","$","R","E","R","T","M","E","?","M","E","R","BOSS","M","M","?","?","?","E","?","R","T","E","?","M","M","E","R","BOSS","M","?","M","?","$","E","R","?","T","M","M","R","E","M","R","BOSS","R","$","E","BOSS"],"items_purchased_type":["Relic","Card","Relic","Card","Relic","Card"],"build_version":"2020-12-18","purchased_purges":2,"victory":true,"max_hp_per_floor":[80,80,80,80,80,80,80,80,80,80,80,80,80,80,80,80,80,80,80,80,80,80,80,80,80,87,87,87,87,87,87,87,87,87,87,87,87,87,87,87,87,87,87,87,87,87,87,87,87,87,87,87,87,87,87],"card_choices":[{"not_picked":["Warcry","Intimidate"],"picked":"Anger","floor":1},{"not_picked":["Heavy Blade","Infernal Blade","Armaments"],"picked":"SKIP","floor":2},{"not_picked":["True Grit","Shrug It Off"],"picked":"Fiend Fire","floor":3},{"not_picked":["Sword Boomerang","Perfected Strike","Infernal Blade"],"picked":"SKIP","floor":4},{"not_picked":["Steam Power","Dodge and Roll"],"picked":"Dagger Throw","floor":7},{"not_picked":["Second Wind","Turbo"],"picked":"Trip","floor":10},{"not_picked":["Rupture","Evaluate"],"picked":"Conserve Battery","floor":11},{"not_picked":["Uppercut","Jack Of All Trades"],"picked":"WheelKick","floor":12},{"not_picked":["FlurryOfBlows","Redo"],"picked":"Omniscience","floor":13},{"not_picked":["Clothesline","Backflip"],"picked":"Ball Lightning","floor":14},{"not_picked":["Thunder Strike","Secret Weapon"],"picked":"Scrawl","floor":16},{"not_picked":["EmptyMind+1","Slice+1"],"picked":"Noxious Fumes+1","floor":18},{"not_picked":["Leap+1","Flash of Steel"],"picked":"CutThroughFate","floor":19},{"not_picked":["Steam","Thunderclap","Endless Agony"],"picked":"SKIP","floor":23},{"not_picked":["Steam","Redo","Leap"],"picked":"SKIP","floor":24},{"not_picked":["Iron Wave","Blood for Blood+1"],"picked":"Barricade","floor":27},{"not_picked":["Perfected Strike+1","Pommel Strike+1"],"picked":"Worship+1","floor":28},{"not_picked":["Noxious Fumes+1","Halt","Conserve Battery"],"picked":"SKIP","floor":29},{"not_picked":["Poisoned Stab+1","Hologram+1"],"picked":"SandsOfTime+1","floor":30},{"not_picked":["Gash+1","Slice+1","Rage"],"picked":"SKIP","floor":31},{"not_picked":["Multi-Cast","Electrodynamics"],"picked":"A Thousand Cuts","floor":33},{"not_picked":["Leap+1","Ball Lightning+1"],"picked":"Eviscerate+1","floor":35},{"not_picked":["Blade Dance","Ghostly Armor+1","Armaments"],"picked":"SKIP","floor":37},{"not_picked":["Deflect","Cleave+1"],"picked":"PiercingWail","floor":38},{"not_picked":["Compile Driver+1","Consecrate+1"],"picked":"Mayhem","floor":38},{"not_picked":["Study","Dropkick+1"],"picked":"Pommel Strike+1","floor":40},{"not_picked":["Flying Knee+1","Deflect+1"],"picked":"White Noise+1","floor":44},{"not_picked":["Streamline+1","Poisoned Stab+1"],"picked":"Glacier","floor":45},{"not_picked":["Dash+1","Blizzard+1"],"picked":"TalkToTheHand+1","floor":47},{"not_picked":["Crescendo","Quick Slash+1"],"picked":"Footwork+1","floor":48},{"not_picked":["Backflip+1","Crescendo+1"],"picked":"Leg Sweep","floor":54}],"player_experience":15346,"relics_obtained":[{"floor":7,"key":"Gremlin Horn"},{"floor":9,"key":"Centennial Puzzle"},{"floor":11,"key":"Toy Ornithopter"},{"floor":12,"key":"Odd Mushroom"},{"floor":14,"key":"HornCleat"},{"floor":23,"key":"Lantern"},{"floor":26,"key":"Strawberry"},{"floor":27,"key":"Tiny Chest"},{"floor":28,"key":"Champion Belt"},{"floor":28,"key":"Molten Egg 2"},{"floor":31,"key":"Bag of Preparation"},{"floor":40,"key":"Incense Burner"},{"floor":43,"key":"Omamori"},{"floor":47,"key":"War Paint"},{"floor":54,"key":"Shuriken"}],"event_choices":[{"damage_healed":0,"gold_gain":0,"player_choice":"Fought Mushrooms","damage_taken":0,"max_hp_gain":0,"max_hp_loss":0,"event_name":"Mushrooms","floor":12,"gold_loss":0},{"damage_healed":0,"gold_gain":0,"player_choice":"Obtained Relic","damage_taken":0,"relics_obtained":["TungstenRod"],"max_hp_gain":0,"max_hp_loss":0,"event_name":"Addict","floor":20,"gold_loss":85},{"damage_healed":0,"gold_gain":0,"player_choice":"Read","damage_taken":0,"max_hp_gain":0,"max_hp_loss":0,"event_name":"The Library","floor":21,"gold_loss":0,"cards_obtained":["Impervious"]},{"cards_removed":["Anger"],"damage_healed":5,"gold_gain":0,"player_choice":"Offered Common","damage_taken":0,"max_hp_gain":0,"max_hp_loss":0,"event_name":"Bonfire Elementals","floor":22,"gold_loss":0},{"cards_removed":["Anger"],"damage_healed":5,"gold_gain":0,"player_choice":"Offered Special","damage_taken":0,"max_hp_gain":0,"max_hp_loss":0,"event_name":"Bonfire Elementals","floor":22,"gold_loss":0},{"damage_healed":0,"gold_gain":0,"player_choice":"Fight","damage_taken":0,"max_hp_gain":0,"max_hp_loss":0,"event_name":"Colosseum","floor":28,"gold_loss":0},{"damage_healed":0,"gold_gain":0,"player_choice":"Fought Nobs","damage_taken":0,"max_hp_gain":0,"max_hp_loss":0,"event_name":"Colosseum","floor":28,"gold_loss":0},{"cards_removed":["Strike_R"],"damage_healed":0,"gold_gain":0,"player_choice":"Upgrade and Remove","damage_taken":0,"max_hp_gain":0,"max_hp_loss":0,"event_name":"Designer","floor":36,"gold_loss":90,"cards_upgraded":["CutThroughFate"]}],"is_beta":true,"boss_relics":[{"not_picked":["Velvet Choker","Astrolabe"],"picked":"Snecko Eye"},{"not_picked":["Black Star","Mark of Pain"],"picked":"SlaversCollar"}],"items_purged_floors":[38,39],"is_endless":false,"potions_floor_spawned":[4,7,11,12,14,16,19,28,28,33,35,45,47,48],"ascension_level":2}}