{"host":"61r95uy0hn86b9iu","time":1609818041,"event":{"mods":["AchievementEnabler","BaseMod","Better Vampires","BetterRewards","Colored Powertips","Hubris","Minty Spire (QoL Compilation)","Shop Mod","StSLib"],"gold_per_floor":[109,120,120,120,85,85,119,119,119,149,149,324,4,21,21,95,95,113,0,0,13,13,13,13],"floor_reached":23,"playtime":807,"items_purged":[],"score":487,"play_id":"e07611a8-dcd5-4bee-9128-53c1d3e3af33","local_time":"20210104214041","is_ascension_mode":true,"campfire_choices":[{"floor":6.0,"key":"REST"},{"floor":8.0,"key":"REST"},{"floor":11.0,"key":"REST"},{"data":"Bloodletting","floor":15.0,"key":"SMITH"}],"circlet_count":0,"master_deck":["AscendersBane","Defend_R","Defend_R","Defend_R","Defend_R","Bash","Second Wind","Havoc","Armaments","Flex","Uppercut","Inflame","Pommel Strike","Bloodletting+1","Barricade","Spot Weakness+1","Clash+1","Dark Embrace+1","Heavy Blade","Bite"],"relics":["Burning Blood","PreservedInsect","MerchantsRug","Pantograph","hubris:Towel","Omamori","Regal Pillow","Bronze Scales","Medical Kit","Astrolabe"],"acts_visited":["Exordium","TheCity"],"potions_floor_usage":[],"damage_taken":[{"damage":6.0,"enemies":"2 Louse","floor":1.0,"turns":4.0},{"damage":13.0,"enemies":"Jaw Worm","floor":2.0,"turns":4.0},{"damage":57.0,"enemies":"3 Sentries","floor":7.0,"turns":17.0},{"damage":5.0,"enemies":"Gremlin Nob","floor":10.0,"turns":3.0},{"damage":5.0,"enemies":"Small Slimes","floor":14.0,"turns":3.0},{"damage":60.0,"enemies":"The Guardian","floor":16.0,"turns":11.0},{"damage":26.0,"enemies":"Shell Parasite","floor":18.0,"turns":5.0},{"damage":10.0,"enemies":"Chosen","floor":21.0,"turns":3.0},{"damage":75,"enemies":"Slavers","floor":23,"turns":4}],"seed_played":"-8040580361187466216","potions_obtained":[{"floor":1.0,"key":"SteroidPotion"},{"floor":7.0,"key":"Strength Potion"}],"is_trial":false,"path_per_floor":["M","M","?","?","?","R","E","R","T","E","R","?","$","M","R","B",null,"M","?","?","M","?","E"],"character_chosen":"IRONCLAD","items_purchased":["PreservedInsect","MerchantsRug","Armaments","Inflame","Pommel Strike","Medical Kit","Fire Potion"],"campfire_rested":3,"item_purchase_floors":[0,0,0,13,13,13,13],"current_hp_per_floor":[50,43,18,18,38,62,11,35,35,36,75,75,75,76,76,26,67,47,47,47,45,70,0,0],"gold":13,"neow_bonus":"","is_daily":false,"chose_seed":false,"campfire_upgraded":1,"win_rate":0.0,"timestamp":1609818041,"path_taken":["M","M","?","?","?","R","E","R","T","E","R","?","$","M","R","BOSS","M","?","?","M","?","E"],"items_purchased_type":["Relic","Relic","Card","Card","Card","Relic","Potion"],"build_version":"2020-12-22","purchased_purges":0,"victory":false,"max_hp_per_floor":[80,80,80,80,80,80,80,80,80,80,80,80,80,80,80,80,80,80,80,75,75,75,75,75],"card_choices":[{"not_picked":["Burning Pact","Iron Wave"],"picked":"Flex","floor":1.0},{"not_picked":["Uppercut","Armaments","Pummel"],"picked":"SKIP","floor":2.0},{"not_picked":["Armaments","Second Wind"],"picked":"Uppercut","floor":7.0},{"not_picked":["Perfected Strike","Reckless Charge","Headbutt"],"picked":"SKIP","floor":10.0},{"not_picked":["Thunderclap","Burning Pact"],"picked":"Bloodletting","floor":14.0},{"not_picked":["Fiend Fire","Corruption"],"picked":"Barricade","floor":16.0},{"not_picked":["Armaments","Rupture"],"picked":"Heavy Blade","floor":18.0},{"not_picked":["Anger","Pommel Strike","True Grit"],"picked":"SKIP","floor":21.0}],"player_experience":3229492,"relics_obtained":[{"floor":7.0,"key":"Omamori"},{"floor":9.0,"key":"Regal Pillow"},{"floor":10.0,"key":"Bronze Scales"}],"event_choices":[{"damage_healed":0.0,"max_hp_gain":0.0,"max_hp_loss":0.0,"gold_gain":0.0,"event_name":"Scrap Ooze","player_choice":"Success","floor":3.0,"gold_loss":0.0,"damage_taken":25.0,"relics_obtained":["Pantograph"]},{"damage_healed":20.0,"max_hp_gain":0.0,"max_hp_loss":0.0,"gold_gain":0.0,"event_name":"The Cleric","player_choice":"Healed","floor":5.0,"gold_loss":35.0,"damage_taken":0.0},{"damage_healed":0.0,"max_hp_gain":0.0,"max_hp_loss":0.0,"gold_gain":175.0,"event_name":"Liars Game","player_choice":"AGREE","floor":12.0,"gold_loss":0.0,"damage_taken":0.0,"cards_obtained":["Doubt"]},{"damage_healed":0.0,"max_hp_gain":0.0,"max_hp_loss":0.0,"gold_gain":0.0,"event_name":"Masked Bandits","player_choice":"Paid Fearfully","floor":19.0,"gold_loss":113.0,"damage_taken":0.0},{"damage_healed":0.0,"max_hp_gain":0.0,"max_hp_loss":5.0,"gold_gain":0.0,"event_name":"Vampires","player_choice":"Became a vampire","floor":20.0,"gold_loss":0.0,"damage_taken":0.0,"cards_obtained":["Bite"]},{"damage_healed":25.0,"max_hp_gain":0.0,"max_hp_loss":0.0,"gold_gain":0.0,"event_name":"The Library","player_choice":"Heal","floor":22.0,"gold_loss":0.0,"damage_taken":0.0}],"is_beta":false,"boss_relics":[{"not_picked":["Mark of Pain","SlaversCollar"],"picked":"Astrolabe"}],"items_purged_floors":[],"is_endless":false,"potions_floor_spawned":[1,7],"killed_by":"Slavers","ascension_level":13}}