{"host":"788p3pvxhs5s9n7p","time":1609879233,"event":{"mods":["AchievementEnabler","BaseMod","Downfall","Hubris","Infinite Spire","Minty Spire (QoL Compilation)","READ ME - Guardian Mod","Replay The Spire","StSLib","The Jungle","vexMod"],"gold_per_floor":[110,126,142,142,92,92,127,127,152,219,246,246,85,85,85,111,111],"floor_reached":16,"playtime":884,"items_purged":["Strike_G"],"score":140,"play_id":"f05d4011-99e1-4fa7-bac2-8a834c59f7cd","local_time":"20210105144033","is_ascension_mode":true,"campfire_choices":[{"data":"ReplayTheSpireMod:From All Sides","floor":6,"key":"SMITH"},{"data":"Blade Dance","floor":8,"key":"SMITH"},{"floor":15,"key":"REST"}],"circlet_count":0,"master_deck":["Strike_G","Strike_G","Strike_G","Defend_G","Defend_G","Defend_G","Defend_G","Defend_G","Survivor","Neutralize","ReplayTheSpireMod:From All Sides+1","Blade Dance+1","Acrobatics","Hidden Blade","Hidden Blade","Flying Knee","Storm of Steel+1","Footwork","PiercingWail"],"relics":["Ring of the Snake","Golden Idol","Replay:Bandana","Letter Opener"],"acts_visited":["Exordium"],"potions_floor_usage":[7,7,10],"damage_taken":[{"damage":1,"enemies":"Jaw Worm","floor":1,"turns":3},{"damage":0,"enemies":"Small Slimes","floor":2,"turns":2},{"damage":2,"enemies":"2 Louse","floor":3,"turns":2},{"damage":0,"enemies":"Gremlin Nob","floor":7,"turns":3},{"damage":55,"enemies":"3 Sentries","floor":10,"turns":11},{"damage":0,"enemies":"2 Fungi Beasts","floor":11,"turns":3},{"damage":43,"enemies":"Fading Forest","floor":16,"turns":7}],"seed_played":"-5912613443343367240","potions_obtained":[{"floor":2,"key":"ColorlessPotion"},{"floor":3,"key":"Adrenaline Potion"},{"floor":7,"key":"Reflective Coating"}],"is_trial":false,"path_per_floor":["M","M","M","?","?","R","E","R","T","E","M","?","$","?","R","B"],"character_chosen":"THE_SILENT","items_purchased":["Footwork","PiercingWail"],"campfire_rested":1,"item_purchase_floors":[13,13],"current_hp_per_floor":[69,69,67,65,65,65,65,65,65,10,10,10,10,10,29,0,0],"gold":111,"neow_bonus":"ONE_RANDOM_RARE_CARD","is_daily":false,"chose_seed":false,"campfire_upgraded":2,"win_rate":0.0,"timestamp":1609879233,"path_taken":["M","M","M","?","?","R","E","R","T","E","?","?","$","?","R","BOSS"],"items_purchased_type":["Card","Card"],"build_version":"2020-12-22","purchased_purges":1,"victory":false,"max_hp_per_floor":[70,70,70,65,65,65,65,65,65,65,65,65,65,65,65,65,65],"card_choices":[{"not_picked":["hubris:Sniper","Deflect"],"picked":"Blade Dance","floor":1},{"not_picked":["Prepared","Sucker Punch"],"picked":"Acrobatics","floor":2},{"not_picked":["Concentrate","Blade Dance"],"picked":"Hidden Blade","floor":3},{"not_picked":["Bouncing Flask","Poisoned Stab"],"picked":"Hidden Blade","floor":7},{"not_picked":["Poisoned Stab","Bane"],"picked":"Flying Knee","floor":10},{"not_picked":["Endless Agony","Hidden Blade"],"picked":"Storm of Steel","floor":11}],"player_experience":135248,"relics_obtained":[{"floor":7,"key":"Replay:Bandana"},{"floor":10,"key":"Letter Opener"}],"event_choices":[{"damage_healed":0,"gold_gain":0,"player_choice":"Lose Max HP","damage_taken":0,"relics_obtained":["Golden Idol"],"max_hp_gain":0,"max_hp_loss":5,"event_name":"Golden Idol","floor":4,"gold_loss":0},{"cards_removed":["Strike_G"],"damage_healed":0,"gold_gain":0,"player_choice":"Card Removal","damage_taken":0,"max_hp_gain":0,"max_hp_loss":0,"event_name":"The Cleric","floor":5,"gold_loss":50},{"damage_healed":0,"gold_gain":0,"player_choice":"Ignored","damage_taken":0,"max_hp_gain":0,"max_hp_loss":0,"event_name":"Golden Wing","floor":12,"gold_loss":0},{"damage_healed":0,"gold_gain":0,"player_choice":"Grow","damage_taken":0,"max_hp_gain":0,"max_hp_loss":0,"event_name":"Living Wall","floor":14,"gold_loss":0,"cards_upgraded":["Storm of Steel"]}],"is_beta":false,"boss_relics":[],"items_purged_floors":[13],"is_endless":false,"potions_floor_spawned":[2,3,7],"killed_by":"Fading Forest","ascension_level":1}}