{"host":"gkp57zoegrd3f2ij","time":1609842312,"event":{"mods":["BaseMod","Colored Map","Colored Powertips","Minty Spire (QoL Compilation)","StSLib"],"gold_per_floor":[113,131,131,143,155,155,186,186,186,198,215,242,51,70,70,167,167,167,167],"floor_reached":18,"playtime":1643,"items_purged":["Strike_G"],"score":191,"play_id":"e206912c-e0f4-4eea-9a3c-d8063c5faab6","local_time":"20210105112512","is_ascension_mode":true,"campfire_choices":[{"data":"Neutralize","floor":6,"key":"SMITH"},{"data":"Survivor","floor":8,"key":"SMITH"},{"floor":15,"key":"REST"}],"circlet_count":0,"master_deck":["Strike_G","Strike_G","Strike_G","Strike_G","Defend_G","Defend_G","Defend_G","Defend_G","Defend_G","Survivor+1","Neutralize+1","Predator","Neutralize","Dagger Spray","Backstab","Caltrops","Sucker Punch","Cloak And Dagger","Finisher"],"relics":["Ring of the Snake","Ninja Scroll","Mummified Hand","HornCleat","Snecko Eye"],"acts_visited":["Exordium","TheCity"],"potions_floor_usage":[12,12,16],"damage_taken":[{"damage":0,"enemies":"Cultist","floor":1,"turns":4},{"damage":2,"enemies":"Jaw Worm","floor":2,"turns":3},{"damage":0,"enemies":"2 Louse","floor":4,"turns":3},{"damage":6,"enemies":"Red Slaver","floor":5,"turns":3},{"damage":24,"enemies":"3 Sentries","floor":7,"turns":10},{"damage":0,"enemies":"3 Louse","floor":10,"turns":2},{"damage":0,"enemies":"Large Slime","floor":11,"turns":5},{"damage":1,"enemies":"Gremlin Nob","floor":12,"turns":3},{"damage":0,"enemies":"Gremlin Gang","floor":14,"turns":3},{"damage":35,"enemies":"Slime Boss","floor":16,"turns":10},{"damage":0,"enemies":"Spheric Guardian","floor":18,"turns":1}],"seed_played":"-257759610700598468","potions_obtained":[{"floor":2,"key":"SpeedPotion"},{"floor":10,"key":"AttackPotion"},{"floor":11,"key":"SkillPotion"},{"floor":12,"key":"Ancient Potion"}],"is_trial":false,"path_per_floor":["M","M","?","M","M","R","E","R","T","M","M","E","$","M","R","B",null,"M"],"character_chosen":"THE_SILENT","items_purchased":["Cloak And Dagger","Finisher"],"campfire_rested":1,"item_purchase_floors":[13,13],"current_hp_per_floor":[77,75,75,75,69,69,45,45,45,45,45,44,44,44,67,32,77,77,77],"gold":167,"neow_bonus":"TEN_PERCENT_HP_BONUS","is_daily":false,"chose_seed":false,"campfire_upgraded":2,"win_rate":0.0,"timestamp":1609842312,"path_taken":["M","?","?","M","M","R","E","R","T","M","M","E","?","M","R","BOSS","M"],"items_purchased_type":["Card","Card"],"build_version":"2020-12-22","purchased_purges":1,"victory":false,"max_hp_per_floor":[77,77,77,77,77,77,77,77,77,77,77,77,77,77,77,77,77,77,77],"card_choices":[{"not_picked":["Blade Dance","Bouncing Flask"],"picked":"Predator","floor":1},{"not_picked":["Reflex","Underhanded Strike","Escape Plan"],"picked":"SKIP","floor":2},{"not_picked":["Accuracy","Backflip"],"picked":"Dagger Spray","floor":4},{"not_picked":["Well Laid Plans","Riddle With Holes"],"picked":"Backstab","floor":5},{"not_picked":["Infinite Blades","Adrenaline"],"picked":"Caltrops","floor":7},{"not_picked":["Endless Agony","Deadly Poison","Accuracy"],"picked":"SKIP","floor":10},{"not_picked":["Flying Knee","Dagger Spray"],"picked":"Sucker Punch","floor":11},{"not_picked":["Endless Agony","Riddle With Holes","Outmaneuver"],"picked":"SKIP","floor":12},{"not_picked":["Flechettes","Prepared","Infinite Blades"],"picked":"SKIP","floor":14}],"player_experience":266789,"relics_obtained":[{"floor":7,"key":"Ninja Scroll"},{"floor":9,"key":"Mummified Hand"},{"floor":12,"key":"HornCleat"}],"event_choices":[{"damage_healed":0,"gold_gain":0,"player_choice":"1 cards matched","damage_taken":0,"max_hp_gain":0,"max_hp_loss":0,"event_name":"Match and Keep!","floor":3,"gold_loss":0,"cards_obtained":["Neutralize"]}],"is_beta":false,"boss_relics":[{"not_picked":["Velvet Choker","Ring of the Serpent"],"picked":"Snecko Eye"}],"items_purged_floors":[13],"is_endless":false,"potions_floor_spawned":[2,10,11,12],"killed_by":"Spheric Guardian","ascension_level":2}}