{"host":"cfluht5kr2kfk9p9","time":1609855261,"event":{"mods":["ATMod(阿瑾Mod)","Arknights The Spire","BaseMod","GungeonMod","Highlight Path","Library of Ruina","Library of Ruina Extra","Minty Spire (QoL Compilation)","Quick Restart","Rare Cards Sparkle","Relic Stats","RumiaBox-露米娅的神秘盒子","Spicy Shops","StSLib","TestMod","The Alterego","【功能Mod】混沌之环修复补丁"],"gold_per_floor":[116,132,151,168,168,206,231,282,366,478,505,534,604,657,669,783,795,823,760,791,829,861,909,87,87,87,108,121,160,178,207,207,310,310,331,78,1077,1099,242,272,288,328,328,356,391,391,411,458,458,472,507,507,507,79,114,122],"floor_reached":57,"playtime":2183,"items_purged":["FormingStorm","Mutilate"],"score":1854,"play_id":"837a2696-0c5d-472e-b2c0-dcd6613a323e","local_time":"20210105220101","is_ascension_mode":true,"campfire_choices":[{"floor":15.0,"key":"REST"},{"floor":32,"key":"RECALL"},{"data":"Commandeering","floor":46,"key":"SMITH"},{"data":"AT_RealColorLess","floor":49,"key":"SMITH"},{"data":"ChargeUp","floor":53,"key":"SMITH"}],"circlet_count":0,"master_deck":["AT_RealColorLess+1","HighSpeedStabbing","Unlock1","TendonChords","MultiBlock","HighKick","PreparedMind","QuickAttack","TheArtOfRapidSteps","GoinFirst","ChargeUp+1","Commandeering+1","RipSpace","Rewind","Preparation","MultiHit+1","DriedUp+1","Discovery+1"],"relics":["PageOfLibrarian","testmod-TestBox","AT_ATBox","testmod-TheFather","GodSword7","Pantograph","GodSword3","testmod-LifeArmor","PageOfBloodbath","SumBook","Mango","DemoMod:Orange","testmod-TestBox","Toxic Egg 2","Ice Cream","testmod-Prudence","Sundial","GodSword5","Matryoshka","PageOfForsakenMurderer","AT_LudenTempest","DemoMod:BlueGuonStone","testmod-OneHitWonder","Toy Ornithopter","PreservedInsect","testmod-EqualTreatment","Frozen Eye","PageOfTheQueenOfHatred","PageOfTheKnightOfDespair"],"acts_visited":["Exordium","TheCity","TheBeyond","TheEnding"],"potions_floor_usage":[56,56],"damage_taken":[{"damage":0.0,"enemies":"Jaw Worm","floor":1.0,"turns":2.0},{"damage":2.0,"enemies":"2 Louse","floor":2.0,"turns":3.0},{"damage":6.0,"enemies":"Cultist","floor":3.0,"turns":4.0},{"damage":1.0,"enemies":"2 Fungi Beasts","floor":4.0,"turns":3.0},{"damage":19.0,"enemies":"3 Sentries","floor":6.0,"turns":4.0},{"damage":1.0,"enemies":"Large Slime","floor":7.0,"turns":3.0},{"damage":14.0,"enemies":"Gremlin Nob","floor":8.0,"turns":3.0},{"damage":0.0,"enemies":"3 Louse","floor":11.0,"turns":1.0},{"damage":0.0,"enemies":"Exordium Wildlife","floor":12.0,"turns":3.0},{"damage":9.0,"enemies":"3 Sentries","floor":14.0,"turns":3.0},{"damage":1.0,"enemies":"Slime Boss","floor":16.0,"turns":5.0},{"damage":6.0,"enemies":"Chosen","floor":18.0,"turns":3.0},{"damage":3.0,"enemies":"Shell Parasite","floor":20.0,"turns":5.0},{"damage":4.0,"enemies":"Cultist and Chosen","floor":21.0,"turns":4.0},{"damage":8.0,"enemies":"Centurion and Healer","floor":22.0,"turns":4.0},{"damage":28.0,"enemies":"Slavers","floor":23.0,"turns":4.0},{"damage":0,"enemies":"Snecko","floor":27,"turns":2},{"damage":7,"enemies":"Snake Plant","floor":28,"turns":2},{"damage":0,"enemies":"Gremlin Leader","floor":29,"turns":3},{"damage":10,"enemies":"Shelled Parasite and Fungi","floor":30,"turns":4},{"damage":0,"enemies":"Book of Stabbing","floor":31,"turns":5},{"damage":41,"enemies":"KingOfGreed","floor":33,"turns":5},{"damage":0,"enemies":"Orb Walker","floor":35,"turns":2},{"damage":4,"enemies":"3 Shapes","floor":38,"turns":3},{"damage":32,"enemies":"Nemesis","floor":40,"turns":5},{"damage":0,"enemies":"Spire Growth","floor":41,"turns":3},{"damage":0,"enemies":"Reptomancer","floor":42,"turns":2},{"damage":0,"enemies":"4 Shapes","floor":44,"turns":2},{"damage":0,"enemies":"Giant Head","floor":45,"turns":5},{"damage":0,"enemies":"3 Darklings","floor":47,"turns":1},{"damage":0,"enemies":"Reptomancer","floor":48,"turns":2},{"damage":12,"enemies":"Donu and Deca","floor":50,"turns":4},{"damage":0,"enemies":"Shield and Spear","floor":55,"turns":3},{"damage":25,"enemies":"The Heart","floor":56,"turns":5}],"seed_played":"6389683949613765257","potions_obtained":[{"floor":2.0,"key":"Dexterity Potion"},{"floor":4.0,"key":"SkillPotion"},{"floor":12.0,"key":"CultistPotion"},{"floor":20.0,"key":"Swift Potion"},{"floor":23.0,"key":"EssenceOfSteel"},{"floor":31,"key":"Strength Potion"},{"floor":35,"key":"Swift Potion"}],"is_trial":false,"path_per_floor":["M","M","M","M","?","E","M","E","T","?","M","M","?","E","R","B",null,"M","?","M","M","M","E","$","?","T","M","M","E","M","E","R","B",null,"M","$","?","M","$","E","M","E","T","M","E","R","M","E","R","B",null,null,"R","$","E","B",null],"character_chosen":"Librarian","items_purchased":["SumBook","Rewind","Mango","DemoMod:Orange","Sundial","GodSword5","Matryoshka","PageOfForsakenMurderer","Frozen Eye","PageOfTheQueenOfHatred","Discovery+1"],"campfire_rested":1,"item_purchase_floors":[24,24,24,24,36,39,39,39,54,54,54],"current_hp_per_floor":[60,58,52,51,44,25,24,10,10,10,10,13,13,7,30,60,78,78,78,78,78,76,48,74,74,74,80,76,82,75,78,78,63,104,104,104,104,100,100,74,77,77,77,77,83,83,83,86,86,95,95,102,102,102,89,68],"gold":122,"neow_bonus":"ONE_RANDOM_RARE_CARD","is_daily":false,"chose_seed":false,"campfire_upgraded":3,"win_rate":0.0,"timestamp":1609855261,"path_taken":["M","M","M","M","?","E","M","E","T","?","M","?","?","E","R","BOSS","M","?","M","M","M","E","$","?","T","M","M","E","M","E","R","BOSS","M","$","?","M","$","E","M","E","T","M","E","R","M","E","R","BOSS","R","$","E","BOSS"],"items_purchased_type":["Relic","Card","Relic","Relic","Relic","Relic","Relic","Relic","Relic","Relic","Card"],"build_version":"2020-12-22","purchased_purges":2,"victory":true,"max_hp_per_floor":[70,70,70,68,68,68,78,78,78,78,78,78,78,78,78,78,78,78,78,78,78,78,78,104,104,104,104,104,104,104,104,104,104,104,104,104,104,104,104,104,104,104,104,104,104,104,104,104,104,104,102,102,102,102,89,89],"relic_stats":{"counters":[35,117],"Sundial":[6],"Pantograph":77,"PreservedInsect":126,"obtain_stats":[{"Ice Cream":31,"PageOfTheQueenOfHatred":54,"DemoMod:BlueGuonStone":42,"AT_ATBox":0,"testmod-Temperance":17,"testmod-EqualTreatment":48,"Mango":24,"DemoMod:GlassGuonStoneRelic":1,"testmod-LifeArmor":14,"Frozen Eye":54,"testmod-Prudence":34,"Matryoshka":39,"Sundial":36,"PageOfForsakenMurderer":39,"Pantograph":8,"PageOfTheKnightOfDespair":55,"testmod-TheFather":0,"Toxic Egg 2":29,"SumBook":24,"testmod-TestBox":0,"DemoMod:Orange":24,"PageOfBloodbath":23,"PreservedInsect":45,"MawBank":6,"PageOfLibrarian":0,"AT_LudenTempest":40,"GodSword7":5,"GodSword5":39,"GodSword3":9,"testmod-OneHitWonder":43,"Toy Ornithopter":43},{"Ice Cream":21,"PageOfTheQueenOfHatred":33,"DemoMod:BlueGuonStone":27,"AT_ATBox":0,"testmod-Temperance":11,"testmod-EqualTreatment":31,"Mango":16,"DemoMod:GlassGuonStoneRelic":1,"testmod-LifeArmor":10,"Frozen Eye":33,"testmod-Prudence":22,"Matryoshka":24,"Sundial":23,"PageOfForsakenMurderer":24,"Pantograph":7,"PageOfTheKnightOfDespair":34,"testmod-TheFather":0,"Toxic Egg 2":19,"SumBook":16,"testmod-TestBox":0,"DemoMod:Orange":16,"PageOfBloodbath":16,"PreservedInsect":29,"MawBank":5,"PageOfLibrarian":0,"AT_LudenTempest":25,"GodSword7":4,"GodSword5":24,"GodSword3":7,"testmod-OneHitWonder":27,"Toy Ornithopter":27},{"Ice Cream":69,"PageOfTheQueenOfHatred":109,"DemoMod:BlueGuonStone":89,"AT_ATBox":0,"testmod-Temperance":34,"testmod-EqualTreatment":99,"Mango":53,"DemoMod:GlassGuonStoneRelic":2,"testmod-LifeArmor":29,"Frozen Eye":109,"testmod-Prudence":74,"Matryoshka":79,"Sundial":76,"PageOfForsakenMurderer":79,"Pantograph":22,"PageOfTheKnightOfDespair":112,"testmod-TheFather":0,"Toxic Egg 2":60,"SumBook":53,"testmod-TestBox":0,"DemoMod:Orange":53,"PageOfBloodbath":53,"PreservedInsect":96,"MawBank":16,"PageOfLibrarian":0,"AT_LudenTempest":84,"GodSword7":12,"GodSword5":79,"GodSword3":22,"testmod-OneHitWonder":89,"Toy Ornithopter":89}],"Toy Ornithopter":1},"card_choices":[{"not_picked":["Preparation","SunsetBlade","QuickAttack","Collision"],"picked":"SKIP","floor":1.0},{"not_picked":["GaleKick","HighKick","SpearedSweep"],"picked":"HighSpeedStabbing","floor":2.0},{"not_picked":["HighSpeedStabbing","Struggle","RatsGuideToSurvival"],"picked":"Unlock1","floor":3.0},{"not_picked":["TasteMyFlamingBat","Rewind","Unlock1","SparkingSpear"],"picked":"SKIP","floor":4.0},{"not_picked":["SunsetBlade","DirtyBlow","ShockingBlow"],"picked":"TendonChords","floor":6.0},{"not_picked":["FierceOnslaught","Unlock1","SharpNails","Preparation"],"picked":"SKIP","floor":7.0},{"not_picked":["StrongStrike","SharpNails","TendonChords"],"picked":"MultiBlock","floor":8.0},{"not_picked":["SunsetBlade","MultiBlock","DarkCloud","FleetFootsteps"],"picked":"SKIP","floor":11.0},{"not_picked":["MultiHit","DarkCloud","Unlock1"],"picked":"HighKick","floor":12.0},{"not_picked":["QuickAttack","ScratchThat","HighKick"],"picked":"Mutilate","floor":14.0},{"not_picked":["BackstreetsDash","HighKick+1","Pound"],"picked":"PreparedMind","floor":18.0},{"not_picked":["MultiBlock+1","Multislash","Rampage_lor"],"picked":"QuickAttack","floor":20.0},{"not_picked":["DarkCloud","TendonChords","ChopItOff","Rewind"],"picked":"SKIP","floor":21.0},{"not_picked":["Leap_lor+1","QuickAttack+1","SpearedSweep","UpbeatPerformance+1"],"picked":"SKIP","floor":22.0},{"not_picked":["StrongStrike","Rampage_lor","DarkCloud"],"picked":"TheArtOfRapidSteps","floor":23.0},{"not_picked":["YoureTooSlow","Rewind+1","Multislash"],"picked":"Preparation","floor":27},{"not_picked":["QuickAttack","MultiHit","Crush","Rampage_lor"],"picked":"SKIP","floor":28},{"not_picked":["FeatherShield+1","FormingStorm","FierceCharge+1","ChargeUp"],"picked":"SKIP","floor":29},{"not_picked":["MultiHit","FierceCharge+1","Multislash","Pound+1"],"picked":"SKIP","floor":30},{"not_picked":["Rewind+1","Mutilate","QuickAttack+1","Decapitation"],"picked":"SKIP","floor":31},{"not_picked":["Pound","Unlock1","DarkCloud"],"picked":"MultiHit+1","floor":35},{"not_picked":["FleetFootsteps+1","MultiHit","TendonChords+1","Track+1"],"picked":"SKIP","floor":38},{"not_picked":["Collision","Unlock1+1","Track+1","WaitUp+1"],"picked":"SKIP","floor":40},{"not_picked":["BiteOff+1","Rewind+1","DarkCloud","Unlock1"],"picked":"SKIP","floor":41},{"not_picked":["SharpNails+1","SearingSword","SunsetBlade+1","EnergyCycle+1"],"picked":"SKIP","floor":42},{"not_picked":["Unlock1+1","Rewind+1","QuickAttack"],"picked":"DriedUp+1","floor":44},{"not_picked":["Pound+1","SharpenedBlade","DarkCloud+1","MultiBlock+1"],"picked":"SKIP","floor":45},{"not_picked":["MultiBlock+1","EnergyCycle+1","SharpenedBlade+1","ChopItOff"],"picked":"SKIP","floor":47},{"not_picked":["CircusKnives+1","Pound","SharpenedBlade","DarkCloud+1"],"picked":"SKIP","floor":48},{"not_picked":["Leap_lor+1","TendonChords","Rewind+1","Transpierce"],"picked":"SKIP","floor":55}],"player_experience":60823,"relics_obtained":[{"floor":6.0,"key":"MawBank"},{"floor":8.0,"key":"Pantograph"},{"floor":9.0,"key":"GodSword3"},{"floor":14.0,"key":"testmod-LifeArmor"},{"floor":23.0,"key":"PageOfBloodbath"},{"floor":29,"key":"Toxic Egg 2"},{"floor":31,"key":"Ice Cream"},{"floor":40,"key":"AT_LudenTempest"},{"floor":42,"key":"DemoMod:BlueGuonStone"},{"floor":43,"key":"testmod-OneHitWonder"},{"floor":43,"key":"Toy Ornithopter"},{"floor":45,"key":"PreservedInsect"},{"floor":48,"key":"testmod-EqualTreatment"},{"floor":55,"key":"PageOfTheKnightOfDespair"}],"event_choices":[{"damage_healed":0.0,"max_hp_gain":0.0,"max_hp_loss":0.0,"gold_gain":0.0,"event_name":"Scrap Ooze","player_choice":"Success","floor":5.0,"gold_loss":0.0,"damage_taken":7.0,"relics_obtained":["GodSword7"]},{"damage_healed":0.0,"max_hp_gain":0.0,"max_hp_loss":0.0,"gold_gain":100.0,"event_name":"Golden Shrine","player_choice":"Pray","floor":10.0,"gold_loss":0.0,"damage_taken":0.0},{"damage_healed":0.0,"max_hp_gain":0.0,"max_hp_loss":0.0,"gold_gain":58.0,"event_name":"Golden Wing","player_choice":"Gained Gold","floor":13.0,"gold_loss":0.0,"damage_taken":0.0},{"cards_removed":["LightAttack"],"damage_healed":0.0,"max_hp_gain":0.0,"max_hp_loss":0.0,"gold_gain":0.0,"event_name":"Beggar","player_choice":"Gave Gold","floor":19.0,"gold_loss":75.0,"damage_taken":0.0},{"damage_healed":0,"gold_gain":0,"player_choice":"Swap Relic","damage_taken":0,"relics_obtained":["testmod-TestBox"],"max_hp_gain":0,"max_hp_loss":0,"event_name":"给自己的盒子","floor":25,"relics_lost":["MawBank"],"gold_loss":0},{"damage_healed":0,"gold_gain":999,"player_choice":"Sell","damage_taken":0,"max_hp_gain":0,"max_hp_loss":0,"event_name":"恩洛斯的盘子","floor":37,"relics_lost":["testmod-Temperance"],"gold_loss":0}],"is_beta":false,"boss_relics":[{"not_picked":["Velvet Choker","Ectoplasm"],"picked":"testmod-Temperance"},{"not_picked":["Tiny House","Cursed Key"],"picked":"testmod-Prudence"}],"items_purged_floors":[24,39],"is_endless":false,"potions_floor_spawned":[2,4,12,20,23,30,31,33,35,41],"ascension_level":2}}