{"host":"sr8en4gw972fjdth","time":1609811988,"event":{"mods":["2.2 Compatiblity","BaseMod","Colored Map","Conspire","Downfall","Friendly Minions","GungeonMod","Halation","Hermit","Hubris","Infinite Spire","Minty Spire (QoL Compilation)","Rare Cards Sparkle","Replay The Spire","Shade Mod","StSLib"],"gold_per_floor":[117,117,117,130,140,156,156,156,156,78,78,103,118,148,148,245,245,258,258,258,258,258,258,292,304,304,322,322,246,258,277,277,378,428,445,445,445,460,460,492,509,509,509,784,784,799,826,843,843,946,946,945,945,427,427,427,445,453,453,453,458,463,463,463,463,463,485,485,481,481,580,578,578,577,577,591,591,588,588,579,579,579,579,632,632,616,320,319,319,314,314,306,306,306,306,306,305,305,273,343,380,380,380,380],"floor_reached":102,"playtime":6768,"items_purged":["CommonCold","conspire:GhostlyDefend"],"score":1092,"play_id":"c8027146-9f8b-40cd-a1c0-f34dbb2dbf6c","local_time":"20210104215948","is_ascension_mode":false,"campfire_choices":[{"data":"Guardian:PolyBeam","floor":7.0,"key":"SMITH"},{"floor":32.0,"key":"REST"},{"data":"Guardian:PrismaticBarrier","floor":42.0,"key":"SMITH"},{"data":"Guardian:BaubleBeam","floor":45.0,"key":"SMITH"},{"data":"Guardian:PrimingBeam","floor":59.0,"key":"SMITH"},{"data":"infinitespire:NeuralNetwork","floor":66.0,"key":"SMITH"},{"data":"Guardian:RefractedBeam+2","floor":75.0,"key":"SMITH"},{"data":"Guardian:PrismaticBeam","floor":79.0,"key":"SMITH"},{"data":"Guardian:PolyBeam","floor":83.0,"key":"SMITH"},{"data":"Guardian:RefractedBeam+3","floor":91.0,"key":"SMITH"}],"circlet_count":0,"master_deck":["conspire:GhostlyStrike","conspire:GhostlyStrike+1","conspire:GhostlyStrike+1","conspire:GhostlyStrike","conspire:GhostlyDefend","conspire:GhostlyDefend","conspire:GhostlyDefend","Guardian:CurlUp","Guardian:PrismaticBarrier+1","Survivor","Neutralize","Guardian:PolyBeam","Guardian:PolyBeam+1","Guardian:PrimingBeam","Guardian:BaubleBeam+1","Guardian:PrismaticBeam+1","Guardian:PrimingBeam","Guardian:DonusPower+1","Guardian:MultiBeam+1","Guardian:PolyBeam+1","Guardian:PolyBeam+1","Guardian:DecasProtection+1","infinitespire:NeuralNetwork+1","Guardian:SentryBeam","Guardian:DecasProtection+1","Guardian:PrismaticBeam+1","Guardian:PrimingBeam","Guardian:RefractedBeam+4","Guardian:PrismaticBeam+1","Guardian:PrimingBeam+1","Guardian:Orbwalk","Guardian:PrimingBeam","Guardian:CrystalBeam+1","Guardian:GatlingBeam","Guardian:PolyBeam+1","Guardian:CrystalBeam","Guardian:PrimingBeam+1","Guardian:PrimingBeam+1","Guardian:Gem_Yellow"],"relics":["Guardian:ModeShifter","NeowsBlessing","halation:SelfBoilingWater","ReplayFunnel","Guardian:PickAxe","Mummified Hand","Pantograph","conspire:SlowCooker","ReplayTheSpireMod:Ring of Exchange","Meat on the Bone","Replay:Wax Seal","Orrery","Iron Hammer","Juzu Bracelet","Enchiridion","Tiny House","Pet Ghost","Guardian:PocketSentry","halation:LettersToHer","Omamori","Art of War","Blue Doll","Black Star","Prayer Wheel","DollysMirror","hubris:GlazedTorus","Pear","Replay:Bottled Steam","infinitespire:Broken Mirror","infinitespire:Cupcake","hubris:CrystalStatue","hubris:PeanutButter","hubris:BottledRain","Simple Rune","The Courier","Thread and Needle","Replay:Rubber Ducky","Unceasing Top","Sozu","halation:LostSnail","Replay:Mystery Machine","Whetstone","infinitespire:PuzzleCube","conspire:TopHat","hubris:Towel","hubris:VirtuousBlindfold"],"acts_visited":[],"potions_floor_usage":[],"damage_taken":[{"damage":0.0,"enemies":"Cultist","floor":1.0,"turns":1.0},{"damage":0.0,"enemies":"Jaw Worm","floor":4.0,"turns":1.0},{"damage":0.0,"enemies":"2 Louse","floor":5.0,"turns":1.0},{"damage":2.0,"enemies":"Blue Slaver","floor":6.0,"turns":5.0},{"damage":7.0,"enemies":"Lagavulin","floor":12.0,"turns":5.0},{"damage":5.0,"enemies":"Exordium Wildlife","floor":13.0,"turns":3.0},{"damage":13.0,"enemies":"3 Sentries","floor":14.0,"turns":6.0},{"damage":66.0,"enemies":"Slime Boss","floor":16.0,"turns":14.0},{"damage":10.0,"enemies":"Chosen","floor":18.0,"turns":6.0},{"damage":16.0,"enemies":"Book of Stabbing","floor":24.0,"turns":5.0},{"damage":22.0,"enemies":"2 Thieves","floor":25.0,"turns":3.0},{"damage":10.0,"enemies":"Shelled Parasite and Fungi","floor":27.0,"turns":4.0},{"damage":10.0,"enemies":"Chosen and Byrds","floor":30.0,"turns":4.0},{"damage":0.0,"enemies":"Sentry and Sphere","floor":31.0,"turns":2.0},{"damage":33.0,"enemies":"Champ","floor":33.0,"turns":9.0},{"damage":5.0,"enemies":"3 Darklings","floor":35.0,"turns":5.0},{"damage":53.0,"enemies":"3 Shapes","floor":38.0,"turns":5.0},{"damage":0.0,"enemies":"Nightmare","floor":40.0,"turns":7.0},{"damage":0.0,"enemies":"Spire Growth","floor":41.0,"turns":3.0},{"damage":26.0,"enemies":"4 Shapes","floor":46.0,"turns":7.0},{"damage":3.0,"enemies":"Giant Head","floor":47.0,"turns":6.0},{"damage":14.0,"enemies":"3 Darklings","floor":48.0,"turns":4.0},{"damage":34.0,"enemies":"Awakened One","floor":50.0,"turns":7.0},{"damage":0.0,"enemies":"Cultist","floor":52.0,"turns":3.0},{"damage":0.0,"enemies":"Jaw Worm","floor":53.0,"turns":2.0},{"damage":4.0,"enemies":"2 Louse","floor":56.0,"turns":2.0},{"damage":7.0,"enemies":"Gremlin Nob","floor":57.0,"turns":3.0},{"damage":0.0,"enemies":"2 Fungi Beasts","floor":58.0,"turns":2.0},{"damage":18.0,"enemies":"3 Louse","floor":61.0,"turns":2.0},{"damage":2.0,"enemies":"Red Slaver","floor":62.0,"turns":2.0},{"damage":0.0,"enemies":"Large Slime","floor":64.0,"turns":4.0},{"damage":21.0,"enemies":"Fading Forest","floor":67.0,"turns":11.0},{"damage":0.0,"enemies":"Shell Parasite","floor":69.0,"turns":3.0},{"damage":0.0,"enemies":"Chosen","floor":72.0,"turns":3.0},{"damage":28.0,"enemies":"Book of Stabbing","floor":74.0,"turns":4.0},{"damage":11.0,"enemies":"Slavers","floor":76.0,"turns":3.0},{"damage":10.0,"enemies":"Gremlin Leader","floor":78.0,"turns":5.0},{"damage":0.0,"enemies":"3 Cultists","floor":80.0,"turns":3.0},{"damage":0.0,"enemies":"Snake Plant","floor":81.0,"turns":2.0},{"damage":0.0,"enemies":"Champ","floor":84.0,"turns":6.0},{"damage":6.0,"enemies":"3 Shapes","floor":86.0,"turns":3.0},{"damage":16.0,"enemies":"conspire:MimicChest","floor":88.0,"turns":4.0},{"damage":0.0,"enemies":"3 Darklings","floor":90.0,"turns":3.0},{"damage":18.0,"enemies":"4 Shapes","floor":92.0,"turns":3.0},{"damage":0.0,"enemies":"Jaw Worm Horde","floor":97.0,"turns":2.0},{"damage":0.0,"enemies":"Maw","floor":99.0,"turns":4.0},{"damage":45.0,"enemies":"Awakened One","floor":101.0,"turns":7.0}],"seed_played":"2485406974403017689","potions_obtained":[{"floor":1.0,"key":"Energy Potion"},{"floor":4.0,"key":"AttackPotion"},{"floor":14.0,"key":"Fire Potion"},{"floor":16.0,"key":"Strength Potion"},{"floor":24.0,"key":"Doom Potion"},{"floor":25.0,"key":"BlessingOfTheForge"},{"floor":30.0,"key":"Swift Potion"},{"floor":33.0,"key":"Milkshake"},{"floor":34.0,"key":"Explosive Potion"},{"floor":35.0,"key":"Weak Potion"},{"floor":41.0,"key":"Milkshake"},{"floor":46.0,"key":"Milkshake"},{"floor":47.0,"key":"Energy Potion"},{"floor":50.0,"key":"Elixir"},{"floor":52.0,"key":"Adrenaline Potion"},{"floor":56.0,"key":"DistilledChaos"},{"floor":67.0,"key":"Dexterity Potion"},{"floor":78.0,"key":"BlessingOfTheForge"},{"floor":81.0,"key":"LiquidBronze"},{"floor":84.0,"key":"Ancient Potion"}],"is_trial":false,"path_per_floor":["M","?","?","M","M","M","R","T","T","$","?","E","M","E","R","B",null,"M","?","T","?","AVR","R","E","M","T","M","?","$","M","M","R","B",null,"M","AVR","?","M","$","NM","M","R","T","?","R","M","E","M","R","B",null,"M","M","$","?","M","E","M","R","T","M","M","?","M","?","R","B",null,"M","?","?","M","?","E","R","E","T","E","R","M","M","T","R","B",null,"M","$","?","?","M","R","M","?","T","?","?","M","?","M","R_BF","B",null],"character_chosen":"GUARDIAN","items_purchased":["Guardian:BaubleBeam","Guardian:FloatingOrbs","halation:LettersToHer","Prayer Wheel","DollysMirror","halation:LostSnail","Replay:Mystery Machine","Whetstone"],"campfire_rested":1,"item_purchase_floors":[10,29,39,54,54,87,87,87],"current_hp_per_floor":[80,80,80,80,80,78,78,78,78,78,78,71,66,53,53,12,80,70,70,70,70,70,70,54,44,44,46,30,30,32,44,68,47,85,80,80,80,39,29,41,53,53,53,53,53,39,48,46,46,49,85,85,85,85,85,81,84,84,84,84,66,64,64,64,95,95,74,95,95,95,95,95,95,67,67,56,56,58,58,58,58,58,58,83,95,89,89,73,73,73,73,55,55,55,55,55,55,55,55,55,47,95,95,95],"gold":380,"neow_bonus":"THREE_ENEMY_KILL","is_daily":false,"chose_seed":false,"campfire_upgraded":9,"win_rate":0.0,"timestamp":1609811988,"path_taken":["M","?","?","M","M","?","R","?","T","$","?","E","M","E","R","BOSS","M","?","?","?","AVR","R","E","?","T","M","?","?","M","M","R","BOSS","M","AVR","?","M","?","NM","M","R","T","?","R","M","E","M","R","BOSS","M","M","$","?","M","E","M","R","T","M","M","?","M","?","R","BOSS","M","?","?","M","?","E","R","E","T","E","R","M","M","?","R","BOSS","M","$","?","?","M","R","M","?","T","?","?","M","?","M","R_BF","BOSS"],"items_purchased_type":["Card","Card","Relic","Relic","Relic","Relic","Relic","Relic"],"build_version":"2020-12-22","purchased_purges":2,"victory":false,"max_hp_per_floor":[80,80,80,80,80,80,80,80,80,80,80,80,80,80,80,80,80,80,80,80,80,80,80,80,80,80,80,80,80,80,80,80,80,85,85,85,85,85,85,85,85,85,85,85,85,85,85,85,85,85,85,85,85,85,85,85,95,95,95,95,95,95,95,95,95,95,95,95,95,95,95,95,95,95,95,95,95,95,95,95,95,95,95,95,95,95,95,95,95,95,95,95,95,95,95,95,95,95,95,95,95,95,95,95],"card_choices":[{"not_picked":["Guardian:PrismaticBeam","Guardian:BronzeArmor"],"picked":"Guardian:PrismaticBarrier","floor":1.0},{"not_picked":["Guardian:PrismaticBarrier","Guardian:DonusPower"],"picked":"Guardian:PolyBeam","floor":4.0},{"not_picked":["Guardian:ChargeCore","Guardian:SpikerProtocol"],"picked":"Guardian:PolyBeam","floor":5.0},{"not_picked":["Guardian:WalkerClaw","Guardian:PiercingHide"],"picked":"Guardian:PrimingBeam","floor":6.0},{"not_picked":["Guardian:Preprogram","Guardian:Gem_Blue"],"picked":"Guardian:Gem_Red","floor":12.0},{"not_picked":["Guardian:Gem_Blue","Guardian:EvasiveProtocol"],"picked":"Guardian:PrismaticBeam","floor":13.0},{"not_picked":["Guardian:ShieldCharger","Guardian:RollAttack","Guardian:TemporalStrike"],"picked":"SKIP","floor":14.0},{"not_picked":["Guardian:FierceBash","Guardian:ExploitGems"],"picked":"Guardian:StasisEngine","floor":16.0},{"not_picked":["Guardian:Suspension","Guardian:RollAttack"],"picked":"Guardian:PrimingBeam","floor":18.0},{"not_picked":["Guardian:RollAttack","Guardian:ArmoredProtocol+1"],"picked":"Guardian:Gem_Yellow","floor":22.0},{"not_picked":["Guardian:Reroute+1","Guardian:ShieldSpikes"],"picked":"Guardian:Gem_Purple","floor":22.0},{"not_picked":["Guardian:Recover","Guardian:StasisField+1"],"picked":"Guardian:DonusPower","floor":22.0},{"not_picked":["Guardian:StasisField","Guardian:SphericShield"],"picked":"Guardian:Gem_Purple","floor":22.0},{"not_picked":["Guardian:ChargeUp","Guardian:Gem_Red"],"picked":"Guardian:MultiBeam+1","floor":24.0},{"not_picked":["Guardian:BronzeOrb+1","Guardian:PrismaticBeam"],"picked":"Guardian:PolyBeam+1","floor":25.0},{"not_picked":["Guardian:VentSteam","Guardian:Gem_Blue"],"picked":"Guardian:PolyBeam","floor":27.0},{"not_picked":["Guardian:Gem_Green","Guardian:Gem_White"],"picked":"Guardian:Gem_Fragmented","floor":30.0},{"not_picked":["Guardian:Orbwalk","Guardian:Planning+1"],"picked":"Guardian:Gem_White","floor":30.0},{"not_picked":["Guardian:Incinerate","Guardian:Gem_White"],"picked":"Guardian:DecasProtection+1","floor":31.0},{"not_picked":["Guardian:FuturePlans","Guardian:Planning"],"picked":"Guardian:Gem_Green","floor":34.0},{"not_picked":["Guardian:VentSteam","Guardian:BronzeArmor","Guardian:Gem_Yellow"],"picked":"SKIP","floor":35.0},{"not_picked":["Guardian:PiercingHide+1","Guardian:ChargeCore"],"picked":"Guardian:SentryBeam","floor":38.0},{"not_picked":["Guardian:Gem_Red","Guardian:Suspension+1"],"picked":"Guardian:DecasProtection+1","floor":40.0},{"not_picked":["Guardian:FuturePlans","Guardian:ShieldCharger+1","Guardian:Gem_White"],"picked":"SKIP","floor":41.0},{"not_picked":["Guardian:ChargeCore","Guardian:Planning+1"],"picked":"Guardian:PrismaticBeam+1","floor":46.0},{"not_picked":["Guardian:TemporalStrike+1","Guardian:WalkerClaw"],"picked":"Guardian:PrimingBeam","floor":47.0},{"not_picked":["Guardian:Preprogram","Guardian:SentryBeam+1"],"picked":"Guardian:RefractedBeam+1","floor":48.0},{"not_picked":["Guardian:Gem_Green","Guardian:Gem_Cyan"],"picked":"Guardian:Gem_White","floor":52.0},{"not_picked":["Guardian:Reroute","Guardian:FloatingOrbs"],"picked":"Guardian:PrismaticBeam","floor":52.0},{"not_picked":["Guardian:StasisField","Guardian:ChargeCore","Guardian:Gem_Red"],"picked":"SKIP","floor":53.0},{"not_picked":["Guardian:Suspension","Guardian:PrismaticBarrier"],"picked":"Guardian:Orbwalk","floor":56.0},{"not_picked":["Guardian:Gem_Fragmented","Guardian:PrismaticBeam","Guardian:FloatingOrbs"],"picked":"SKIP","floor":56.0},{"not_picked":["Guardian:RollAttack","Guardian:Gem_Red","Guardian:SphericShield"],"picked":"SKIP","floor":57.0},{"not_picked":["Guardian:VentSteam","Guardian:SpikerProtocol"],"picked":"Guardian:PrimingBeam","floor":58.0},{"not_picked":["Guardian:ChargeCore","Guardian:PolyBeam","Guardian:Recover"],"picked":"SKIP","floor":58.0},{"not_picked":["Guardian:Gem_Fragmented","Guardian:ExploitGems"],"picked":"Guardian:CrystalBeam","floor":61.0},{"not_picked":["Guardian:Harden","Guardian:Gem_Cyan","Guardian:Emergency"],"picked":"SKIP","floor":61.0},{"not_picked":["Guardian:Harden","Guardian:ChargeCore","Guardian:Gem_Red"],"picked":"SKIP","floor":62.0},{"not_picked":["Guardian:TemporalShield","Guardian:BronzeArmor","Guardian:Suspension"],"picked":"SKIP","floor":62.0},{"not_picked":["Guardian:CompilePackage","Guardian:RollAttack","Guardian:TimeCapacitor"],"picked":"SKIP","floor":64.0},{"not_picked":["Guardian:BronzeOrb","Guardian:Harden","Guardian:SentryBeam"],"picked":"SKIP","floor":64.0},{"not_picked":["Guardian:TimeSifter","Guardian:Gem_Orange"],"picked":"Guardian:GatlingBeam","floor":67.0},{"not_picked":["Guardian:TemporalShield+1","Guardian:Gem_White"],"picked":"Guardian:PolyBeam","floor":69.0},{"not_picked":["Guardian:Gem_White","Guardian:Gem_Green","Guardian:Gem_Blue"],"picked":"SKIP","floor":69.0},{"not_picked":["Guardian:VentSteam+1","Guardian:Gem_Yellow","Guardian:Emergency"],"picked":"SKIP","floor":72.0},{"not_picked":["Guardian:TemporalStrike+1","Guardian:TimeCapacitor","Guardian:Planning+1"],"picked":"SKIP","floor":72.0},{"not_picked":["Guardian:Planning+1","Guardian:ShieldSpikes","Guardian:EvasiveProtocol+1"],"picked":"SKIP","floor":74.0},{"not_picked":["Guardian:Recover","Guardian:Gem_Red","Guardian:MultiBeam"],"picked":"SKIP","floor":76.0},{"not_picked":["Guardian:Recover","Guardian:Gem_Red","Guardian:MultiBeam"],"picked":"SKIP","floor":76.0},{"not_picked":["Guardian:Gem_Red","Guardian:Gem_Fragmented"],"picked":"Guardian:Gem_Cyan","floor":78.0},{"not_picked":["Guardian:Gem_Green","Guardian:ShieldCharger"],"picked":"Guardian:CrystalBeam","floor":78.0},{"not_picked":["Guardian:ExploitGems","Guardian:RollAttack+1"],"picked":"Guardian:PrimingBeam+1","floor":80.0},{"not_picked":["Guardian:Gem_Crimson","Guardian:Reroute+1","Guardian:PolyBeam"],"picked":"SKIP","floor":80.0},{"not_picked":["Guardian:DonusPower","Guardian:TemporalShield+1","Guardian:Reroute"],"picked":"SKIP","floor":81.0},{"not_picked":["Guardian:PiercingHide","Guardian:DonusPower","Guardian:Gem_White"],"picked":"SKIP","floor":81.0},{"not_picked":["Guardian:Gem_Cyan","Guardian:Gem_White"],"picked":"Guardian:Gem_Green","floor":86.0},{"not_picked":["Guardian:BaubleBeam+1","Guardian:RefractedBeam","Guardian:Gem_Blue"],"picked":"SKIP","floor":86.0},{"not_picked":["Guardian:Recover+1","Guardian:ShieldCharger","Guardian:Suspension"],"picked":"SKIP","floor":86.0},{"not_picked":["Guardian:BaubleBeam+1","Guardian:RefractedBeam","Guardian:Gem_Blue"],"picked":"SKIP","floor":86.0},{"not_picked":["Guardian:Recover+1","Guardian:ShieldCharger","Guardian:Suspension"],"picked":"SKIP","floor":86.0},{"not_picked":["Guardian:BaubleBeam","Guardian:WalkerClaw","Guardian:CrystalBeam+1"],"picked":"SKIP","floor":90.0},{"not_picked":["Guardian:Gem_Red","Guardian:WalkerClaw","Guardian:ShieldCharger+1"],"picked":"SKIP","floor":90.0},{"not_picked":["Guardian:Gem_Fragmented","Guardian:Recover"],"picked":"Guardian:PrimingBeam+1","floor":92.0},{"not_picked":["Guardian:GemFinder","Guardian:TemporalShield+1","Guardian:Recover+1"],"picked":"SKIP","floor":92.0},{"not_picked":["Guardian:TemporalShield","Guardian:Orbwalk+1","Guardian:FuturePlans"],"picked":"SKIP","floor":97.0},{"not_picked":["Guardian:ChargeCore","Guardian:Gem_Red","Guardian:TemporalShield+1"],"picked":"SKIP","floor":97.0},{"not_picked":["Guardian:ShieldSpikes","Guardian:Reroute+1","Guardian:Planning"],"picked":"SKIP","floor":99.0},{"not_picked":["Guardian:DonusPower+1","Guardian:Gem_Green","Guardian:Reroute"],"picked":"SKIP","floor":99.0}],"player_experience":209760,"relics_obtained":[{"floor":8.0,"key":"halation:SelfBoilingWater"},{"floor":9.0,"key":"ReplayFunnel"},{"floor":12.0,"key":"Mummified Hand"},{"floor":14.0,"key":"Pantograph"},{"floor":19.0,"key":"ReplayTheSpireMod:Ring of Exchange"},{"floor":20.0,"key":"Meat on the Bone"},{"floor":24.0,"key":"Iron Hammer"},{"floor":26.0,"key":"Juzu Bracelet"},{"floor":28.0,"key":"Enchiridion"},{"floor":40.0,"key":"Omamori"},{"floor":43.0,"key":"halation:LettersToHer"},{"floor":43.0,"key":"Art of War"},{"floor":47.0,"key":"Blue Doll"},{"floor":55.0,"key":"hubris:GlazedTorus"},{"floor":57.0,"key":"Pear"},{"floor":57.0,"key":"Replay:Bottled Steam"},{"floor":60.0,"key":"halation:LettersToHer"},{"floor":60.0,"key":"infinitespire:Broken Mirror"},{"floor":74.0,"key":"hubris:CrystalStatue"},{"floor":74.0,"key":"hubris:PeanutButter"},{"floor":76.0,"key":"hubris:BottledRain"},{"floor":76.0,"key":"Simple Rune"},{"floor":77.0,"key":"halation:LettersToHer"},{"floor":77.0,"key":"The Courier"},{"floor":78.0,"key":"Thread and Needle"},{"floor":78.0,"key":"Replay:Rubber Ducky"},{"floor":82.0,"key":"halation:LettersToHer"},{"floor":82.0,"key":"Unceasing Top"},{"floor":88.0,"key":"infinitespire:PuzzleCube"},{"floor":94.0,"key":"halation:LettersToHer"},{"floor":94.0,"key":"conspire:TopHat"}],"event_choices":[{"damage_healed":0.0,"max_hp_gain":0.0,"max_hp_loss":0.0,"gold_gain":0.0,"event_name":"conspire:LoneGhost","player_choice":"Agree","floor":3.0,"gold_loss":0.0,"damage_taken":0.0},{"damage_healed":0.0,"max_hp_gain":0.0,"max_hp_loss":0.0,"gold_gain":0.0,"event_name":"Cursed Tome","player_choice":"Obtained Book","floor":28.0,"gold_loss":0.0,"damage_taken":16.0},{"damage_healed":0.0,"max_hp_gain":0.0,"max_hp_loss":0.0,"gold_gain":0.0,"event_name":"WeMeetAgain","player_choice":"Gave Potion","floor":37.0,"gold_loss":0.0,"damage_taken":0.0,"relics_obtained":["Guardian:PocketSentry"]},{"damage_healed":0.0,"max_hp_gain":0.0,"max_hp_loss":0.0,"gold_gain":275.0,"event_name":"Golden Shrine","player_choice":"Desecrate","floor":44.0,"gold_loss":0.0,"damage_taken":0.0,"cards_obtained":["Regret"]},{"cards_removed":["Guardian:FloatingOrbs"],"damage_healed":31.0,"max_hp_gain":0.0,"max_hp_loss":0.0,"gold_gain":0.0,"event_name":"Bonfire Elementals","player_choice":"Offered Uncommon","floor":65.0,"gold_loss":0.0,"damage_taken":0.0},{"damage_healed":0.0,"max_hp_gain":0.0,"max_hp_loss":0.0,"gold_gain":99.0,"event_name":"Nest","player_choice":"Stole From Cult","floor":71.0,"gold_loss":0.0,"damage_taken":0.0},{"damage_healed":0.0,"max_hp_gain":0.0,"max_hp_loss":0.0,"gold_gain":0.0,"event_name":"Vampires","player_choice":"Ignored","floor":73.0,"gold_loss":0.0,"damage_taken":0.0},{"damage_healed":0.0,"max_hp_gain":0.0,"max_hp_loss":0.0,"gold_gain":0.0,"event_name":"Tomb of Lord Red Mask","player_choice":"Ignored","floor":89.0,"gold_loss":0.0,"damage_taken":0.0},{"damage_healed":0.0,"max_hp_gain":0.0,"max_hp_loss":0.0,"gold_gain":0.0,"event_name":"Upgrade Shrine","player_choice":"Upgraded","floor":98.0,"gold_loss":0.0,"damage_taken":0.0,"cards_upgraded":["Guardian:CrystalBeam"]}],"is_beta":false,"boss_relics":[{"not_picked":["conspire:RoyalGoblet","hubris:TerracottaHorce"],"picked":"conspire:SlowCooker"},{"not_picked":["hubris:HollowSoul","Strange Spoon"],"picked":"Tiny House"},{"not_picked":["Replay:Bronze Core","Philosopher\u0027s Stone"],"picked":"Black Star"},{"not_picked":["halation:HeavySnake","Runic Dome"],"picked":"infinitespire:Cupcake"},{"not_picked":["Replay:Grab Bag","hubris:GrandSneckoEye"],"picked":"Sozu"},{"not_picked":["hubris:TerracottaHorce","halation:Yufonium"],"picked":"hubris:VirtuousBlindfold"}],"items_purged_floors":[36,54],"is_endless":false,"potions_floor_spawned":[1,4,14,16,24,25,30,33,35,41,46,47,50,52,56,67,78,81,84,86,90,92,99],"ascension_level":0}}