{"host":"bid6lzrefpuw0ao6","time":1609823702,"event":{"mods":["ATMod(阿瑾Mod)","AchievementEnabler","Act Like it!","BaseMod","BetterRewards","Colored Powertips","Faster Ascension Climbing","Gold Saver","HumanHunterMod(怪物杀人mod)","Library of Ruina","Minty Spire (QoL Compilation)","MostiFishMod","Quick Restart","Relic Stats","RumiaBox-露米娅的神秘盒子","Shop Mod","Spicy Shops","StSLib","SuperFastMode","TestMod","[功能]商店购物价格优惠80%","【功能Mod】混沌之环修复补丁","【功能Mod】精心准备","【遗物Mod】简单游戏","没有小屋子和绿帽子啦","篝火指南"],"gold_per_floor":[481,481,481,481,109,139,152,228,228,228,228],"floor_reached":10,"playtime":593,"items_purged":["Defend_P","Strike_P"],"score":178,"play_id":"01d7975e-acd4-4da5-8667-c86f6f23d703","local_time":"20210105131502","is_ascension_mode":true,"campfire_choices":[],"circlet_count":0,"master_deck":["AscendersBane","Strike_P","Strike_P","Strike_P","Defend_P","Defend_P","Defend_P","Eruption","Vigilance","AT_Dispersion+1","BowlingBash","ReachHeaven","Adaptation","WheelKick"],"relics":["PureWater","DaveBox","testmod-TestBox","EasyRelic","AT_ATBox","BirthdayGift-Icosahedron","testmod-LifeArmor","Nunchaku","StrikeDummy","Sling","PageOfPinocchio","SynthV:TestCard","testmod-Maize","MerchantsRug","AT_ChloranthyRing","Shuriken","ClockworkSouvenir","AT_BellDemon","testmod-Register","PageOfFairyFestival","AT_RedTearstoneRing","ChaoDraw","AT_EbonyIvory","Bottled Tornado"],"acts_visited":["Exordium"],"potions_floor_usage":[],"damage_taken":[{"damage":0,"enemies":"Small Slimes","floor":1,"turns":6},{"damage":0,"enemies":"3 Sentries","floor":6,"turns":2},{"damage":10,"enemies":"Jaw Worm","floor":7,"turns":3},{"damage":57,"enemies":"Lagavulin","floor":10,"turns":2}],"seed_played":"-4881111183273276681","potions_obtained":[],"is_trial":false,"path_per_floor":["M","?","T","?","$","E","M","T","T","E"],"character_chosen":"WATCHER","items_purchased":["Nunchaku","StrikeDummy","Sling","BowlingBash","PageOfPinocchio","MerchantsRug","AT_ChloranthyRing","Shuriken","ClockworkSouvenir","ReachHeaven","AT_BellDemon","testmod-Register","SkillPotion","Adaptation","PageOfFairyFestival"],"campfire_rested":0,"item_purchase_floors":[0,0,0,0,0,5,5,5,5,5,5,5,5,5,5],"current_hp_per_floor":[51,51,51,51,51,52,43,43,43,0,0],"gold":228,"neow_bonus":"","is_daily":false,"chose_seed":false,"campfire_upgraded":0,"win_rate":0.0,"timestamp":1609823702,"path_taken":["M","?","?","?","$","E","?","?","T","E"],"items_purchased_type":["Relic","Relic","Relic","Card","Relic","Relic","Relic","Relic","Relic","Card","Relic","Relic","Potion","Card","Relic"],"build_version":"2020-12-22","purchased_purges":2,"victory":false,"max_hp_per_floor":[68,68,68,68,68,68,68,68,68,68,68],"relic_stats":{"Nunchaku":[3],"counters":[22,107],"Shuriken":[5],"obtain_stats":[{"AT_ATBox":0,"PageOfAlriune":6,"BirthdayGift-Icosahedron":4,"PageOfSingingMachine":10,"Whetstone":11,"Bottled Tornado":9,"Sling":0,"Old Coin":0,"PageOfFairyFestival":5,"testmod-DragonStarHat":15,"HandDrill":15,"DSteel32":0,"MerchantsRug":4,"AT_RabadonDeathcap":0,"testmod-Maize":3,"AT_RedTearstoneRing":6,"testmod-TestBox":0,"AT_Manta":12,"testmod-Register":5,"Oddly Smooth Stone":4,"AT_EbonyIvory":7,"EasyRelic":0,"Du-Vu Doll":15,"Shuriken":8,"testmod-Acrobat":0,"GodSword7":6,"FixedStarFall":0,"StrikeDummy":12,"testmod-OneHitWonder":4,"Meat on the Bone":0,"Darkstone Periapt":6,"AT_BellDemon":5,"DaveBox":0,"DianPoetry":0,"Juzu Bracelet":11,"Ancient Tea Set":6,"PageOfSpiderBud":6,"ClockworkSouvenir":5,"Nunchaku":0,"TheAbacus":12,"Pantograph":9,"Chemical X":6,"PageOfPinocchio":0,"testmod-ArcanaOfDestiny":0,"AT_ForceNature":4,"AT_ChloranthyRing":5,"Lee\u0027s Waffle":11,"ImprovedEquipment":12,"testmod-TurbochargingSystem":0,"Odd Mushroom":13,"White Beast Statue":11,"ChaoDraw":6,"SynthV:TestCard":1,"PageOfPorccubus":11,"PureWater":0,"AT_SunfireAegis":15},{"AT_ATBox":0,"PageOfAlriune":3,"BirthdayGift-Icosahedron":1,"PageOfSingingMachine":6,"Whetstone":6,"Bottled Tornado":21,"Sling":18,"Old Coin":0,"PageOfFairyFestival":19,"testmod-DragonStarHat":17,"HandDrill":17,"DSteel32":0,"MerchantsRug":1,"AT_RabadonDeathcap":7,"testmod-Maize":19,"AT_RedTearstoneRing":20,"testmod-TestBox":0,"AT_Manta":15,"testmod-Register":19,"Oddly Smooth Stone":1,"AT_EbonyIvory":21,"EasyRelic":0,"Du-Vu Doll":17,"Shuriken":5,"testmod-Acrobat":7,"GodSword7":11,"FixedStarFall":0,"StrikeDummy":15,"testmod-OneHitWonder":1,"Meat on the Bone":7,"Darkstone Periapt":11,"AT_BellDemon":19,"DaveBox":0,"DianPoetry":0,"Juzu Bracelet":6,"Ancient Tea Set":11,"PageOfSpiderBud":11,"ClockworkSouvenir":19,"Nunchaku":18,"TheAbacus":15,"Pantograph":5,"Chemical X":11,"PageOfPinocchio":18,"testmod-ArcanaOfDestiny":0,"AT_ForceNature":1,"AT_ChloranthyRing":19,"Lee\u0027s Waffle":6,"ImprovedEquipment":15,"testmod-TurbochargingSystem":0,"Odd Mushroom":16,"White Beast Statue":15,"ChaoDraw":20,"SynthV:TestCard":1,"PageOfPorccubus":6,"PureWater":0,"AT_SunfireAegis":17},{"AT_ATBox":0,"PageOfAlriune":14,"BirthdayGift-Icosahedron":7,"PageOfSingingMachine":27,"Whetstone":27,"Bottled Tornado":105,"Sling":94,"Old Coin":0,"PageOfFairyFestival":100,"testmod-DragonStarHat":80,"HandDrill":80,"DSteel32":0,"MerchantsRug":7,"AT_RabadonDeathcap":30,"testmod-Maize":100,"AT_RedTearstoneRing":102,"testmod-TestBox":0,"AT_Manta":72,"testmod-Register":100,"Oddly Smooth Stone":7,"AT_EbonyIvory":105,"EasyRelic":0,"Du-Vu Doll":80,"Shuriken":22,"testmod-Acrobat":30,"GodSword7":51,"FixedStarFall":0,"StrikeDummy":72,"testmod-OneHitWonder":7,"Meat on the Bone":30,"Darkstone Periapt":51,"AT_BellDemon":100,"DaveBox":0,"DianPoetry":0,"Juzu Bracelet":27,"Ancient Tea Set":51,"PageOfSpiderBud":51,"ClockworkSouvenir":100,"Nunchaku":94,"TheAbacus":72,"Pantograph":22,"Chemical X":51,"PageOfPinocchio":94,"testmod-ArcanaOfDestiny":0,"AT_ForceNature":7,"AT_ChloranthyRing":100,"Lee\u0027s Waffle":27,"ImprovedEquipment":72,"testmod-TurbochargingSystem":0,"Odd Mushroom":77,"White Beast Statue":72,"ChaoDraw":102,"SynthV:TestCard":7,"PageOfPorccubus":27,"PureWater":0,"AT_SunfireAegis":80}]},"card_choices":[{"not_picked":["Halt","AT_RealFormLess","Consecrate"],"picked":"SKIP","floor":1},{"not_picked":["CrushJoints","ForeignInfluence","EmptyBody","CutThroughFate","AT_SoftenMuscles"],"picked":"SKIP","floor":6},{"not_picked":["Halt","Evaluate","PathToVictory","Prostrate"],"picked":"WheelKick","floor":7}],"player_experience":259593,"relics_obtained":[{"floor":1,"key":"SynthV:TestCard"},{"floor":3,"key":"testmod-Maize"},{"floor":6,"key":"AT_RedTearstoneRing"},{"floor":6,"key":"ChaoDraw"},{"floor":7,"key":"AT_EbonyIvory"},{"floor":9,"key":"Bottled Tornado"}],"event_choices":[{"damage_healed":0,"gold_gain":0,"player_choice":"Ignored","damage_taken":0,"max_hp_gain":0,"max_hp_loss":0,"event_name":"给自己的盒子","floor":2,"gold_loss":0},{"damage_healed":0,"gold_gain":0,"player_choice":"Upgraded","damage_taken":0,"max_hp_gain":0,"max_hp_loss":0,"event_name":"Upgrade Shrine","floor":4,"gold_loss":0,"cards_upgraded":["AT_Dispersion"]}],"is_beta":false,"boss_relics":[],"items_purged_floors":[0,5],"is_endless":false,"potions_floor_spawned":[],"killed_by":"Lagavulin","ascension_level":20}}