{"host":"y1gy3vaohdji07z5","time":1609871744,"event":{"mods":["AchievementEnabler","BaseMod","Colored Map","Colored Powertips","Hermit","Minty Spire (QoL Compilation)","Random Character Button","Rare Cards Sparkle","StSLib"],"gold_per_floor":[18,118,130,141,154,154,166,166,166,166,198,198,198,214,214,317,317,317,242,242,24,24,24,24],"floor_reached":23,"playtime":1423,"items_purged":["Strike_P"],"score":220,"play_id":"d450f6ca-dfb9-4b71-bece-ca0be6cd4338","local_time":"20210105193544","is_ascension_mode":true,"campfire_choices":[{"data":"TalkToTheHand","floor":6,"key":"SMITH"},{"data":"FollowUp","floor":8,"key":"SMITH"},{"data":"Vigilance","floor":10,"key":"SMITH"},{"data":"Sanctity","floor":13,"key":"SMITH"},{"data":"FollowUp","floor":15,"key":"SMITH"}],"circlet_count":0,"master_deck":["Strike_P","Defend_P","Defend_P","Defend_P","Defend_P","Eruption","Vigilance+1","FollowUp+1","TalkToTheHand+1","InnerPeace","Sanctity+1","FollowUp+1","Alpha","Sanctity","Perseverance","Protect+1","Protect+1"],"relics":["PureWater","Dead Branch","CaptainsWheel","Calipers","Ectoplasm","Orrery"],"acts_visited":["Exordium","TheCity"],"potions_floor_usage":[11,16],"damage_taken":[{"damage":3,"enemies":"Jaw Worm","floor":1,"turns":5},{"damage":0,"enemies":"Cultist","floor":3,"turns":3},{"damage":0,"enemies":"2 Louse","floor":4,"turns":3},{"damage":21,"enemies":"Exordium Thugs","floor":5,"turns":8},{"damage":0,"enemies":"2 Fungi Beasts","floor":7,"turns":2},{"damage":27,"enemies":"Lagavulin","floor":11,"turns":4},{"damage":7,"enemies":"3 Louse","floor":14,"turns":4},{"damage":12,"enemies":"Hexaghost","floor":16,"turns":13},{"damage":10,"enemies":"Spheric Guardian","floor":18,"turns":4},{"damage":0,"enemies":"Chosen","floor":22,"turns":4},{"damage":84,"enemies":"Gremlin Leader","floor":23,"turns":6}],"seed_played":"3636428374766239516","potions_obtained":[{"floor":11,"key":"Fruit Juice"},{"floor":14,"key":"PowerPotion"},{"floor":16,"key":"AttackPotion"},{"floor":22,"key":"DistilledChaos"}],"is_trial":false,"path_per_floor":["M","?","M","M","M","R","M","R","T","R","E","?","R","M","R","B",null,"M","?","?","$","M","E"],"character_chosen":"WATCHER","items_purchased":["Orrery"],"campfire_rested":0,"item_purchase_floors":[21],"current_hp_per_floor":[69,69,69,69,48,48,48,48,48,48,26,26,26,19,19,7,77,67,67,67,67,67,0,0],"gold":24,"neow_bonus":"ONE_RARE_RELIC","is_daily":false,"chose_seed":false,"campfire_upgraded":5,"win_rate":0.0,"timestamp":1609871744,"path_taken":["M","?","M","M","M","R","?","R","T","R","E","?","R","M","R","BOSS","M","?","?","$","M","E"],"items_purchased_type":["Relic"],"build_version":"2020-12-22","purchased_purges":1,"victory":false,"max_hp_per_floor":[72,72,72,72,72,72,72,72,72,72,77,77,77,77,77,77,77,77,77,77,77,77,77,77],"card_choices":[{"not_picked":["CrushJoints","SashWhip"],"picked":"FollowUp","floor":1},{"not_picked":["Consecrate","EmptyFist"],"picked":"TalkToTheHand","floor":3},{"not_picked":["EmptyBody","CutThroughFate"],"picked":"SandsOfTime","floor":4},{"not_picked":["WindmillStrike","ThirdEye","Wireheading"],"picked":"SKIP","floor":5},{"not_picked":["MentalFortress","CarveReality"],"picked":"InnerPeace","floor":7},{"not_picked":["Evaluate","ClearTheMind"],"picked":"Sanctity","floor":11},{"not_picked":["Evaluate","DeusExMachina"],"picked":"FollowUp","floor":14},{"not_picked":["LessonLearned","Omniscience"],"picked":"Alpha","floor":16},{"not_picked":["Consecrate","WheelKick"],"picked":"Sanctity","floor":18},{"not_picked":["Evaluate","Swivel"],"picked":"Perseverance","floor":21},{"not_picked":["Vault","Adaptation"],"picked":"Protect+1","floor":21},{"not_picked":["JustLucky","EmptyFist"],"picked":"Protect+1","floor":21},{"not_picked":["WreathOfFlame","Evaluate","Crescendo"],"picked":"SKIP","floor":22}],"player_experience":394546,"relics_obtained":[{"floor":9,"key":"CaptainsWheel"},{"floor":11,"key":"Calipers"}],"event_choices":[{"damage_healed":0,"gold_gain":100,"player_choice":"Pray","damage_taken":0,"max_hp_gain":0,"max_hp_loss":0,"event_name":"Golden Shrine","floor":2,"gold_loss":0},{"cards_removed":["Strike_P"],"damage_healed":0,"gold_gain":0,"player_choice":"Purged","damage_taken":0,"max_hp_gain":0,"max_hp_loss":0,"event_name":"Purifier","floor":12,"gold_loss":0},{"cards_removed":["SandsOfTime"],"damage_healed":0,"gold_gain":0,"player_choice":"Gave Gold","damage_taken":0,"max_hp_gain":0,"max_hp_loss":0,"event_name":"Beggar","floor":19,"gold_loss":75},{"cards_removed":["Strike_P"],"damage_healed":0,"gold_gain":0,"player_choice":"Elegance","damage_taken":0,"max_hp_gain":0,"max_hp_loss":0,"event_name":"Back to Basics","floor":20,"gold_loss":0}],"is_beta":false,"boss_relics":[{"not_picked":["Calling Bell","Cursed Key"],"picked":"Ectoplasm"}],"items_purged_floors":[21],"is_endless":false,"potions_floor_spawned":[11,14,16,22],"killed_by":"Gremlin Leader","ascension_level":3}}