{"host":"h2zaclyrd1q1i31f","time":1609887905,"event":{"mods":["BaseMod","Colored Map","Downfall","Hermit","Minty Spire (QoL Compilation)","Permanent Neow","StSLib","SuperFastMode","The Cursed","The Hierophant","The Mystic","The Servant 0.9.4"],"gold_per_floor":[111,111,111,124,140,140,174,189,214,214,104,123,144,158,158,279,279,293,293,54,54,153,191,191,212,212,226,226,52,52,73,73,199,199,199],"floor_reached":34,"playtime":1507,"items_purged":["Strike_S","Defend_S"],"score":472,"play_id":"982f4568-9e73-4344-a5f9-d33e5b1fcad2","local_time":"20210105170505","is_ascension_mode":false,"campfire_choices":[{"data":"Starlight","floor":6,"key":"SMITH"},{"data":"SilverBlades","floor":10,"key":"SMITH"},{"data":"LightFlow","floor":15,"key":"SMITH"},{"data":"Solidify","floor":24,"key":"SMITH"},{"data":"FanOfKnives","floor":28,"key":"SMITH"},{"floor":32,"key":"RECALL"}],"circlet_count":0,"master_deck":["Defend_S","Defend_S","Defend_S","KidneyShot+1","Exchange","SilverBlades+1","Starlight+1","SpecialFormula","Moonlight","InstantArmor","Revamp","FanOfKnives+1","LightFlow+1","Solidify+1","Comet","Bite","Bite","Bite","Bite","Bite","Read","Contraction","BottledTime","Rearm+1","Sabotage","MurderousAura"],"relics":["Uniform","Golden Idol","Tiny Chest","StoneMask","Gremlin Horn","Pen Nib","Bottled Tornado","The Courier"],"acts_visited":["Exordium","TheCity"],"potions_floor_usage":[16,33],"damage_taken":[{"damage":1,"enemies":"Jaw Worm","floor":1,"turns":3},{"damage":0,"enemies":"2 Louse","floor":4,"turns":2},{"damage":0,"enemies":"Cultist","floor":5,"turns":3},{"damage":11,"enemies":"Lagavulin","floor":7,"turns":6},{"damage":0,"enemies":"Large Slime","floor":8,"turns":4},{"damage":12,"enemies":"Blue Slaver","floor":12,"turns":5},{"damage":0,"enemies":"Exordium Wildlife","floor":13,"turns":2},{"damage":9,"enemies":"Looter","floor":14,"turns":4},{"damage":38,"enemies":"Slime Boss","floor":16,"turns":7},{"damage":40,"enemies":"2 Thieves","floor":18,"turns":4},{"damage":0,"enemies":"Gremlin Leader","floor":23,"turns":5},{"damage":5,"enemies":"Spheric Guardian","floor":25,"turns":5},{"damage":0,"enemies":"Cultist and Chosen","floor":27,"turns":2},{"damage":11,"enemies":"Snecko","floor":31,"turns":4},{"damage":0,"enemies":"Collector","floor":33,"turns":5}],"seed_played":"2726201136474612661","potions_obtained":[{"floor":1,"key":"DuplicationPotion"},{"floor":7,"key":"Energy Potion"},{"floor":13,"key":"SmokeBomb"},{"floor":23,"key":"Energy Potion"},{"floor":27,"key":"Ancient Potion"},{"floor":33,"key":"PowerPotion"}],"is_trial":false,"path_per_floor":["M","?","?","M","M","R","E","M","T","R","$","M","M","M","R","B",null,"M","?","$","?","?","E","R","M","T","M","R","$","T","M","R","B",null],"character_chosen":"THE_SERVANT","items_purchased":["InstantArmor","Gremlin Horn","Sabotage"],"campfire_rested":0,"item_purchase_floors":[11,20,29],"current_hp_per_floor":[64,64,64,64,64,64,53,58,58,58,58,51,51,47,47,14,65,31,31,31,31,31,47,47,48,48,50,50,50,50,48,48,52,52,52],"gold":199,"neow_bonus":"UPGRADE_CARD","is_daily":false,"chose_seed":false,"campfire_upgraded":5,"win_rate":0.0,"timestamp":1609887905,"path_taken":["M","?","?","M","?","R","E","M","T","R","$","M","M","M","R","BOSS","M","?","$","?","?","E","R","M","T","M","R","$","?","M","R","BOSS"],"items_purchased_type":["Card","Relic","Card"],"build_version":"2020-12-22","purchased_purges":2,"victory":false,"max_hp_per_floor":[65,65,65,65,65,65,65,65,65,65,65,65,65,65,65,65,65,67,46,46,46,46,47,47,48,48,50,50,50,50,51,51,52,52,52],"card_choices":[{"not_picked":["Unruled","Revamp"],"picked":"SilverBlades","floor":1},{"not_picked":["Rewind","Gouge","Spin"],"picked":"SKIP","floor":4},{"not_picked":["Potential","SilverBlades"],"picked":"Starlight","floor":5},{"not_picked":["ForgedInTime","DoubleEdge"],"picked":"SpecialFormula","floor":7},{"not_picked":["BottledTime","SpecialFormula"],"picked":"Moonlight","floor":8},{"not_picked":["Replace","Unruled"],"picked":"Revamp","floor":12},{"not_picked":["Spin","Alleviate"],"picked":"FanOfKnives","floor":13},{"not_picked":["Potential","TimeWarp"],"picked":"LightFlow","floor":14},{"not_picked":["KillingDoll","Duplication"],"picked":"Solidify","floor":16},{"not_picked":["Replace+1","Ricochet"],"picked":"Comet","floor":18},{"not_picked":["BestPractice","ShiftingGears+1"],"picked":"Contraction","floor":23},{"not_picked":["MoonPhase","FastForward"],"picked":"BottledTime","floor":25},{"not_picked":["Rewind","Collapse"],"picked":"Rearm+1","floor":27},{"not_picked":["SpecialFormula","Foresight","Rewind"],"picked":"SKIP","floor":31},{"not_picked":["FlawlessForm","Duplication"],"picked":"MurderousAura","floor":33}],"player_experience":131309,"relics_obtained":[{"floor":7,"key":"Tiny Chest"},{"floor":23,"key":"Pen Nib"},{"floor":26,"key":"Bottled Tornado"},{"floor":30,"key":"The Courier"}],"event_choices":[{"damage_healed":0,"gold_gain":0,"player_choice":"Take Wound","damage_taken":0,"relics_obtained":["Golden Idol"],"max_hp_gain":0,"max_hp_loss":0,"event_name":"Golden Idol","floor":2,"gold_loss":0,"cards_obtained":["Injury"]},{"cards_removed":["Injury"],"damage_healed":0,"gold_gain":0,"player_choice":"Purged","damage_taken":0,"max_hp_gain":0,"max_hp_loss":0,"event_name":"Purifier","floor":3,"gold_loss":0},{"damage_healed":0,"gold_gain":0,"player_choice":"Became a vampire","damage_taken":0,"max_hp_gain":0,"max_hp_loss":21,"event_name":"Vampires","floor":19,"gold_loss":0,"cards_obtained":["Bite","Bite","Bite","Bite","Bite"]},{"damage_healed":0,"gold_gain":0,"player_choice":"Read","damage_taken":0,"max_hp_gain":0,"max_hp_loss":0,"event_name":"The Library","floor":21,"gold_loss":0,"cards_obtained":["Read"]},{"damage_healed":0,"gold_gain":99,"player_choice":"Stole From Cult","damage_taken":0,"max_hp_gain":0,"max_hp_loss":0,"event_name":"Nest","floor":22,"gold_loss":0}],"is_beta":false,"boss_relics":[{"not_picked":["Calling Bell","Cursed Key"],"picked":"StoneMask"}],"items_purged_floors":[11,29],"is_endless":false,"potions_floor_spawned":[1,7,13,23,27,33],"ascension_level":0}}