{"host":"qxeepl7ydvsgmfdb","time":1609864644,"event":{"mods":["AchievementEnabler","BaseMod","Colored Powertips","Minty Spire (QoL Compilation)","Quick Restart","slay the spire mod where everything is the same but ironclad has a cowboy hat"],"gold_per_floor":[115,115,115,115,115,143,143,158,183,218,218,236,267,279,279,378,378,367,367,387,347,365,365,365,365,365,377,302,320,320,320],"floor_reached":30,"playtime":806,"items_purged":["Regret"],"score":325,"play_id":"678d8f58-a7fd-4b76-b9b1-9eca3187e2be","local_time":"20210105113724","is_ascension_mode":true,"campfire_choices":[{"data":"Dualcast","floor":7.0,"key":"SMITH"},{"floor":15.0,"key":"REST"},{"floor":23,"key":"REST"},{"data":"1","floor":25,"key":"LIFT"}],"circlet_count":0,"master_deck":["Strike_B+1","Strike_B+1","Strike_B","Defend_B","Defend_B","Defend_B","Defend_B","Zap+1","Dualcast+1","Coolheaded","Cold Snap","Ball Lightning","CurseOfTheBell","Leap+1","Chaos","Writhe","Sweeping Beam"],"relics":["Cracked Core","NeowsBlessing","Symbiotic Virus","Pear","Mummified Hand","MealTicket","Sundial","Calling Bell","Bronze Scales","White Beast Statue","Girya","Nloth\u0027s Gift","Omamori","Gremlin Horn"],"acts_visited":["Exordium","TheCity"],"potions_floor_usage":[21,22,29,30,30],"damage_taken":[{"damage":0.0,"enemies":"Jaw Worm","floor":1.0,"turns":1.0},{"damage":0.0,"enemies":"3 Sentries","floor":6.0,"turns":1.0},{"damage":0.0,"enemies":"Small Slimes","floor":8.0,"turns":1.0},{"damage":16.0,"enemies":"Gremlin Nob","floor":10.0,"turns":3.0},{"damage":3.0,"enemies":"2 Louse","floor":12.0,"turns":2.0},{"damage":19.0,"enemies":"3 Sentries","floor":13.0,"turns":8.0},{"damage":17.0,"enemies":"Lots of Slimes","floor":14.0,"turns":2.0},{"damage":32.0,"enemies":"The Guardian","floor":16.0,"turns":13.0},{"damage":23,"enemies":"2 Thieves","floor":18,"turns":4},{"damage":18,"enemies":"Shell Parasite","floor":20,"turns":3},{"damage":38,"enemies":"3 Cultists","floor":22,"turns":6},{"damage":17,"enemies":"Snake Plant","floor":27,"turns":3},{"damage":22,"enemies":"Shelled Parasite and Fungi","floor":29,"turns":5},{"damage":29,"enemies":"Slavers","floor":30,"turns":1}],"seed_played":"5355014522708709704","potions_obtained":[{"floor":8.0,"key":"BlessingOfTheForge"},{"floor":14.0,"key":"PowerPotion"},{"floor":16.0,"key":"Dexterity Potion"},{"floor":21,"key":"Fruit Juice"},{"floor":21,"key":"AttackPotion"},{"floor":22,"key":"LiquidBronze"},{"floor":29,"key":"PotionOfCapacity"}],"is_trial":false,"path_per_floor":["M","?","?","?","?","E","R","M","T","E","?","M","E","M","R","B",null,"M","?","M","?","M","R","?","R","T","M","$","M","E"],"character_chosen":"DEFECT","items_purchased":[],"campfire_rested":2,"item_purchase_floors":[],"current_hp_per_floor":[75,75,68,68,68,78,78,78,78,62,55,52,33,16,41,9,85,62,62,44,49,11,38,38,38,38,21,36,14,0,0],"gold":320,"neow_bonus":"THREE_ENEMY_KILL","is_daily":false,"chose_seed":false,"campfire_upgraded":1,"win_rate":0.0,"timestamp":1609864644,"path_taken":["M","?","?","?","?","E","R","M","T","E","?","?","E","?","R","BOSS","M","?","?","?","?","R","?","R","T","M","$","M","E"],"items_purchased_type":[],"build_version":"2020-12-22","purchased_purges":1,"victory":false,"max_hp_per_floor":[75,75,75,75,75,85,85,85,85,85,85,85,85,85,85,85,85,85,85,85,90,90,90,90,90,90,90,90,90,90,90],"card_choices":[{"not_picked":["Barrage","Gash","Hello World"],"picked":"SKIP","floor":1.0},{"not_picked":["Streamline","Beam Cell"],"picked":"Coolheaded","floor":6.0},{"not_picked":["Conserve Battery","Undo","All For One"],"picked":"SKIP","floor":8.0},{"not_picked":["Reboot","Blizzard"],"picked":"Cold Snap","floor":10.0},{"not_picked":["Compile Driver","Skim","Coolheaded"],"picked":"SKIP","floor":12.0},{"not_picked":["Conserve Battery","White Noise"],"picked":"Ball Lightning","floor":13.0},{"not_picked":["Turbo","Steam","Genetic Algorithm"],"picked":"SKIP","floor":14.0},{"not_picked":["Hologram","Rebound"],"picked":"Leap+1","floor":18},{"not_picked":["Hologram","Coolheaded"],"picked":"Chaos","floor":20},{"not_picked":["Blizzard+1","Meteor Strike","Streamline"],"picked":"SKIP","floor":22},{"not_picked":["Conserve Battery","Go for the Eyes"],"picked":"Sweeping Beam","floor":27},{"not_picked":["Gash+1","Streamline","Stack+1"],"picked":"SKIP","floor":29}],"player_experience":372437,"relics_obtained":[{"floor":6.0,"key":"Pear"},{"floor":9.0,"key":"Whetstone"},{"floor":10.0,"key":"Mummified Hand"},{"floor":13.0,"key":"Sundial"},{"floor":17.0,"key":"Bronze Scales"},{"floor":17.0,"key":"White Beast Statue"},{"floor":17.0,"key":"Girya"},{"floor":26,"key":"Gremlin Horn"}],"event_choices":[{"damage_healed":0.0,"max_hp_gain":0.0,"max_hp_loss":0.0,"gold_gain":0.0,"event_name":"The Cleric","player_choice":"Leave","floor":2.0,"gold_loss":0.0,"damage_taken":0.0},{"cards_removed":["Strike_B"],"damage_healed":0.0,"max_hp_gain":0.0,"max_hp_loss":0.0,"gold_gain":0.0,"event_name":"Golden Wing","player_choice":"Card Removal","floor":3.0,"gold_loss":0.0,"damage_taken":7.0},{"damage_healed":0.0,"max_hp_gain":0.0,"max_hp_loss":0.0,"gold_gain":0.0,"event_name":"Big Fish","player_choice":"Box","floor":4.0,"gold_loss":0.0,"damage_taken":0.0,"relics_obtained":["Symbiotic Virus"],"cards_obtained":["Regret"]},{"damage_healed":0.0,"max_hp_gain":0.0,"max_hp_loss":0.0,"gold_gain":0.0,"event_name":"Living Wall","player_choice":"Grow","floor":5.0,"gold_loss":0.0,"damage_taken":0.0,"cards_upgraded":["Zap"]},{"damage_healed":0.0,"max_hp_gain":0.0,"max_hp_loss":0.0,"gold_gain":0.0,"event_name":"Scrap Ooze","player_choice":"Success","floor":11.0,"gold_loss":0.0,"damage_taken":7.0,"relics_obtained":["MealTicket"]},{"damage_healed":0,"gold_gain":0,"player_choice":"Traded Relic","damage_taken":0,"relics_obtained":["Nloth\u0027s Gift"],"max_hp_gain":0,"max_hp_loss":0,"event_name":"N\u0027loth","floor":19,"relics_lost":["Whetstone"],"gold_loss":0},{"damage_healed":0,"gold_gain":0,"player_choice":"Bought 3 Potions","damage_taken":0,"max_hp_gain":0,"max_hp_loss":0,"event_name":"The Woman in Blue","floor":21,"gold_loss":0},{"damage_healed":0,"gold_gain":0,"player_choice":"Opened","damage_taken":0,"relics_obtained":["Omamori"],"max_hp_gain":0,"max_hp_loss":0,"event_name":"The Mausoleum","floor":24,"gold_loss":0,"cards_obtained":["Writhe"]}],"is_beta":false,"boss_relics":[{"not_picked":["Tiny House","SacredBark"],"picked":"Calling Bell"}],"items_purged_floors":[28],"is_endless":false,"potions_floor_spawned":[8,14,16,18,20,22,27,29],"killed_by":"Slavers","ascension_level":2}}