{"host":"cziotie8mnsl18m5","time":1609889738,"event":{"mods":["BaseMod","Minty Spire (QoL Compilation)","StSLib","The Animator","The Construct"],"gold_per_floor":[38,38,38,38,58,87,87,119,145,155,155,155,127,8,8,81,81,119,119,19,33,44,69,69,102,129,129,129,129,129,139,139,213,213,224,224,57,57,57,86,86,100,126,159,34,44,76,87,87,87,87,87,87,419,469,524,524,128,128,203,283,283,208,303,377,377,191,306,426,426],"floor_reached":71,"playtime":40775,"items_purged":["animator:Defend","animator:Strike","animator:Strike"],"score":3000,"play_id":"3fd4308b-f12f-441a-8527-080abc4fc2fe","local_time":"20210105183538","is_ascension_mode":true,"campfire_choices":[{"floor":7.0,"key":"REST"},{"floor":11.0,"key":"REST"},{"floor":15.0,"key":"RECALL"},{"floor":24.0,"key":"REST"},{"floor":27.0,"key":"REST"},{"data":"animator:Walpurgisnacht","floor":29.0,"key":"SMITH"},{"floor":32.0,"key":"REST"},{"floor":41.0,"key":"REST"},{"floor":49.0,"key":"REST"},{"data":"animator:YachiyoNanami","floor":53.0,"key":"SMITH"},{"data":"animator:KyokoSakura","floor":59.0,"key":"SMITH"}],"circlet_count":0,"master_deck":["AscendersBane","animator:Strike_MadokaMagica+1","animator:Defend_MadokaMagica+1","animator:Defend+1","animator:Defend+1","animator:IrohaTamaki+1","animator:YuiTsuruno+1","animator:Shizu+1","animator:SuzuneAmano+1","animator:YachiyoNanami+1","animator:Walpurgisnacht+1","animator:MamiTomoe+1","animator:Arpeggio+1","animator:HomuraAkemi+1","animator:OrikoMikuni+1","animator:KyokoSakura+1","animator:Kyubey+1","animator:SayakaMiki+1","animator:MadokaKaname+1","animator:Kaijin+1","animator:Zero+1","animator:HigakiRinne+1","animator:SayakaMiki+1","animator:NagisaMomoe+1","animator:HomuraAkemi+1","animator:Geryuganshoop+1","animator:HomuraAkemi+1","animator:Patchouli+1","animator:Eve+1","animator:Evileye+1"],"relics":["animator:CursedGlyph","animator:TheEgnaroPiece","animator:AncientMedallion"],"acts_visited":["Exordium","TheCity","TheBeyond","TheEnding","EYB:TheUnnamedReign"],"potions_floor_usage":[70,70],"damage_taken":[{"damage":11.0,"enemies":"Jaw Worm","floor":1.0,"turns":3.0},{"damage":1.0,"enemies":"2 Louse","floor":5.0,"turns":2.0},{"damage":40.0,"enemies":"3 Sentries","floor":6.0,"turns":12.0},{"damage":43.0,"enemies":"Lagavulin","floor":8.0,"turns":8.0},{"damage":2.0,"enemies":"Cultist","floor":10.0,"turns":5.0},{"damage":7.0,"enemies":"Looter","floor":13.0,"turns":4.0},{"damage":0.0,"enemies":"Hexaghost","floor":16.0,"turns":7.0},{"damage":13.0,"enemies":"Shell Parasite","floor":18.0,"turns":4.0},{"damage":12.0,"enemies":"Spheric Guardian","floor":21.0,"turns":6.0},{"damage":22.0,"enemies":"Centurion and Healer","floor":22.0,"turns":5.0},{"damage":2.0,"enemies":"Book of Stabbing","floor":23.0,"turns":4.0},{"damage":29.0,"enemies":"Gremlin Leader","floor":25.0,"turns":7.0},{"damage":13.0,"enemies":"Shelled Parasite and Fungi","floor":31.0,"turns":3.0},{"damage":16.0,"enemies":"Champ","floor":33.0,"turns":8.0},{"damage":22.0,"enemies":"3 Darklings","floor":35.0,"turns":7.0},{"damage":28.0,"enemies":"Nemesis","floor":40.0,"turns":8.0},{"damage":1.0,"enemies":"3 Shapes","floor":42.0,"turns":7.0},{"damage":43.0,"enemies":"Reptomancer","floor":44.0,"turns":6.0},{"damage":7.0,"enemies":"3 Darklings","floor":46.0,"turns":8.0},{"damage":37.0,"enemies":"Nemesis","floor":47.0,"turns":7.0},{"damage":1.0,"enemies":"Spire Growth","floor":48.0,"turns":7.0},{"damage":36.0,"enemies":"Donu and Deca","floor":50.0,"turns":12.0},{"damage":23.0,"enemies":"Time Eater","floor":51.0,"turns":9.0},{"damage":0.0,"enemies":"animator:TRIPLE_SHAPES_WEAK","floor":55.0,"turns":10.0},{"damage":0.0,"enemies":"animator:UNNAMED_HAT","floor":56.0,"turns":15.0},{"damage":38.0,"enemies":"animator:LARGE_CUBE","floor":60.0,"turns":6.0},{"damage":14.0,"enemies":"animator:TRIPLE_LAGAVULIN","floor":61.0,"turns":9.0},{"damage":0.0,"enemies":"animator:ULTIMATE_WISP","floor":64.0,"turns":8.0},{"damage":6.0,"enemies":"animator:ULTIMATE_CUBE","floor":68.0,"turns":12.0},{"damage":11.0,"enemies":"animator:ULTIMATE_CRYSTAL","floor":69.0,"turns":9.0}],"seed_played":"2830645649509933547","potions_obtained":[{"floor":1.0,"key":"FearPotion"},{"floor":6.0,"key":"LiquidMemories"},{"floor":55.0,"key":"animator:FalseLifePotion"},{"floor":56.0,"key":"animator:FalseLifePotion"},{"floor":60.0,"key":"animator:FalseLifePotion"},{"floor":61.0,"key":"animator:FalseLifePotion"},{"floor":64.0,"key":"animator:FalseLifePotion"},{"floor":68.0,"key":"animator:FalseLifePotion"},{"floor":69.0,"key":"animator:FalseLifePotion"}],"is_trial":false,"path_per_floor":["M","?","?","$","M","E","R","E","T","M","R","?","M","$","R","B",null,"M","?","$","M","M","E","R","E","T","R","?","R","T","M","R","B",null,"M","?","$","?","?","E","R","M","T","E","$","M","E","M","R","B","B",null,"R","??","M","M","T","?","R","M","M","?","$","E","T","?","$","E","E","B",null],"character_chosen":"THE_ANIMATOR","items_purchased":["animator:Arpeggio","PreservedInsect","animator:HomuraAkemi","animator:Patchouli"],"campfire_rested":7,"item_purchase_floors":[14,37,63,67],"current_hp_per_floor":[43,36,56,56,56,16,49,6,6,4,36,36,29,29,29,30,51,38,38,38,28,6,4,37,8,8,41,41,41,41,28,60,44,66,49,39,39,28,28,12,48,59,59,25,25,30,5,13,49,25,11,56,56,87,87,87,87,87,87,49,63,1,1,25,25,36,36,74,76,82],"gold":426,"neow_bonus":"THREE_RARE_CARDS","is_daily":false,"chose_seed":false,"campfire_upgraded":3,"win_rate":0.0,"timestamp":1609889738,"path_taken":["M","?","?","?","?","E","R","E","T","M","R","?","M","$","R","BOSS","M","?","$","M","M","E","R","E","T","R","?","R","?","M","R","BOSS","M","?","$","?","?","E","R","M","T","E","$","M","E","M","R","BOSS","BOSS","R","??","M","M","T","?","R","M","M","?","$","E","T","?","$","E","E","BOSS"],"items_purchased_type":["Card","Relic","Card","Card"],"build_version":"2020-12-22","purchased_purges":3,"victory":true,"max_hp_per_floor":[60,60,60,60,61,61,61,57,57,57,57,57,57,57,57,58,58,58,58,58,60,60,60,60,60,60,60,60,60,60,60,60,60,70,71,71,71,71,71,71,71,71,71,71,71,71,71,71,71,71,71,71,71,87,87,87,87,87,87,87,87,87,87,87,87,87,87,87,87,87],"card_choices":[{"not_picked":["animator:ItamiYouji","animator:SwordMaiden"],"picked":"animator:Shizu","floor":0.0},{"not_picked":["animator:Ciel","animator:RoryMercury"],"picked":"animator:SuzuneAmano","floor":1.0},{"not_picked":["animator:Entoma","animator:LizardPriest"],"picked":"animator:YachiyoNanami","floor":5.0},{"not_picked":["animator:SuzuneAmano","animator:Demiurge","animator:Witch"],"picked":"SKIP","floor":6.0},{"not_picked":["animator:KyokoSakura","animator:YachiyoNanami"],"picked":"animator:Walpurgisnacht","floor":8.0},{"not_picked":["animator:TukaLunaMarceau","animator:SilverFang","animator:Benimaru"],"picked":"SKIP","floor":10.0},{"not_picked":["animator:YuiTsuruno","animator:YaoHaDucy"],"picked":"animator:MamiTomoe","floor":13.0},{"not_picked":["animator:Eve","animator:Saitama"],"picked":"animator:HomuraAkemi","floor":16.0},{"not_picked":["animator:Tatsumaki","animator:MamiTomoe"],"picked":"animator:OrikoMikuni+1","floor":18.0},{"not_picked":["animator:YuiTsuruno","animator:MamiTomoe"],"picked":"animator:KyokoSakura","floor":21.0},{"not_picked":["animator:Entoma","animator:MetalKnight","animator:KyokoSakura"],"picked":"SKIP","floor":22.0},{"not_picked":["animator:MadokaKaname+1","animator:KyokoSakura"],"picked":"animator:Kyubey+1","floor":23.0},{"not_picked":["animator:Shion","animator:OrikoMikuni+1","animator:PandorasActor+1"],"picked":"SKIP","floor":25.0},{"not_picked":["animator:YachiyoNanami","animator:YuiTsuruno"],"picked":"animator:SayakaMiki+1","floor":31.0},{"not_picked":["animator:Saitama+1","animator:HomuraAkemi+1"],"picked":"animator:MadokaKaname+1","floor":33.0},{"not_picked":["animator:Cocytus","animator:Lu+1"],"picked":"animator:Kaijin","floor":35.0},{"not_picked":["animator:TanyaDegurechaff","animator:QuestionMark+1"],"picked":"animator:Zero+1","floor":36.0},{"not_picked":["animator:YuiTsuruno+1","animator:Entoma","animator:Shuna+1"],"picked":"SKIP","floor":40.0},{"not_picked":["animator:Shuna+1","animator:SuzuneAmano"],"picked":"animator:SayakaMiki+1","floor":42.0},{"not_picked":["animator:SayakaMiki+1","animator:SuzuneAmano"],"picked":"animator:NagisaMomoe+1","floor":44.0},{"not_picked":["animator:Entoma","animator:Lu","animator:LizardPriest+1"],"picked":"animator:HomuraAkemi+1","floor":46.0},{"not_picked":["animator:Elsword","animator:YuiTsuruno+1","animator:NagisaMomoe+1","animator:YaoHaDucy+1"],"picked":"SKIP","floor":47.0},{"not_picked":["animator:Kuribayashi","animator:Genos+1","animator:Chung+1","animator:Laby"],"picked":"SKIP","floor":48.0},{"not_picked":["animator:Tatsumaki","animator:Demiurge","animator:LeleiLaLalena"],"picked":"SKIP","floor":55.0},{"not_picked":["animator:Kaijin","animator:HighElfArcher"],"picked":"animator:Geryuganshoop","floor":56.0},{"not_picked":["animator:GazelDwargon","animator:DwarfShaman","animator:Benimaru"],"picked":"SKIP","floor":60.0},{"not_picked":["animator:GazelDwargon","animator:DwarfShaman","animator:Benimaru"],"picked":"SKIP","floor":60.0},{"not_picked":["animator:GazelDwargon","animator:DwarfShaman","animator:Benimaru"],"picked":"SKIP","floor":60.0},{"not_picked":["animator:Tyuule+1","animator:Ain","animator:NagisaMomoe"],"picked":"SKIP","floor":61.0},{"not_picked":["animator:Lu","animator:YuiTsuruno","animator:Tatsumaki"],"picked":"SKIP","floor":64.0},{"not_picked":["animator:Shalltear","animator:NarberalGamma+1"],"picked":"animator:Eve","floor":68.0},{"not_picked":["animator:Cocytus","animator:Shuna"],"picked":"animator:Evileye","floor":69.0}],"player_experience":2578047,"relics_obtained":[{"floor":6.0,"key":"Regal Pillow"},{"floor":8.0,"key":"Incense Burner"},{"floor":8.0,"key":"animator:CursedGlyph"},{"floor":9.0,"key":"animator:Buoy"},{"floor":23.0,"key":"Toxic Egg 2"},{"floor":25.0,"key":"Anchor"},{"floor":30.0,"key":"Shuriken"},{"floor":34.0,"key":"Omamori"},{"floor":34.0,"key":"Du-Vu Doll"},{"floor":34.0,"key":"Pear"},{"floor":40.0,"key":"Torii"},{"floor":43.0,"key":"Juzu Bracelet"},{"floor":44.0,"key":"Question Card"},{"floor":47.0,"key":"Centennial Puzzle"},{"floor":54.0,"key":"animator:TheEgnaroPiece"},{"floor":54.0,"key":"animator:AncientMedallion"},{"floor":57.0,"key":"animator:AncientMedallion"},{"floor":58.0,"key":"animator:AncientMedallion"},{"floor":58.0,"key":"animator:AncientMedallion"},{"floor":64.0,"key":"animator:AncientMedallion"},{"floor":65.0,"key":"animator:AncientMedallion"},{"floor":68.0,"key":"animator:AncientMedallion"},{"floor":69.0,"key":"animator:AncientMedallion"}],"event_choices":[{"cards_removed":["animator:Strike"],"damage_healed":0.0,"max_hp_gain":0.0,"max_hp_loss":0.0,"gold_gain":0.0,"event_name":"Golden Wing","player_choice":"Card Removal","floor":2.0,"gold_loss":0.0,"damage_taken":7.0},{"damage_healed":20.0,"max_hp_gain":0.0,"max_hp_loss":0.0,"gold_gain":0.0,"event_name":"Big Fish","player_choice":"Banana","floor":3.0,"gold_loss":0.0,"damage_taken":0.0},{"damage_healed":0.0,"max_hp_gain":0.0,"max_hp_loss":0.0,"gold_gain":0.0,"event_name":"Liars Game","player_choice":"Ignored","floor":12.0,"gold_loss":0.0,"damage_taken":0.0},{"damage_healed":0.0,"max_hp_gain":0.0,"max_hp_loss":0.0,"gold_gain":0.0,"event_name":"Drug Dealer","player_choice":"Inject Mutagens","floor":28.0,"gold_loss":0.0,"damage_taken":0.0,"relics_obtained":["MutagenicStrength"]},{"damage_healed":0.0,"max_hp_gain":0.0,"max_hp_loss":0.0,"gold_gain":0.0,"event_name":"SensoryStone","player_choice":"Memory 3","floor":36.0,"gold_loss":0.0,"damage_taken":10.0},{"damage_healed":0.0,"max_hp_gain":0.0,"max_hp_loss":0.0,"gold_gain":0.0,"event_name":"Winding Halls","player_choice":"Embrace Madness","floor":38.0,"gold_loss":0.0,"damage_taken":11.0,"cards_obtained":["animator:HigakiRinne"]},{"damage_healed":0.0,"max_hp_gain":0.0,"max_hp_loss":0.0,"gold_gain":0.0,"event_name":"Tomb of Lord Red Mask","player_choice":"Ignored","floor":39.0,"gold_loss":0.0,"damage_taken":0.0}],"is_beta":false,"boss_relics":[{"not_picked":["Fusion Hammer","Ectoplasm"],"picked":"Sozu"},{"not_picked":["Velvet Choker","SacredBark"],"picked":"Calling Bell"}],"items_purged_floors":[14,20,45],"is_endless":false,"potions_floor_spawned":[1,6,8,16,23,31,33,40,46,48,60,68,69],"ascension_level":20}}