{"host":"gkm149kh1ihaqy0o","time":1609891031,"event":{"mods":["AchievementEnabler","BaseMod","Colored Powertips","Googly Eyes","Key Reminder","Minty Spire (QoL Compilation)","Permanent Neow","Quick Restart","Random Character Button","Rare Cards Sparkle","Relic Sorter","Relic Stats","SuperFastMode","Unceasing Turn Reminder","everything is the same but u backflip on backflip"],"gold_per_floor":[119,119,131,131,144,169,169,200,251,271,306,326,276,286,286,388,388,405,365,38,51,67,67,83,118,141,141,164,183,183,204,204,204,204],"floor_reached":33,"playtime":1427,"items_purged":["Defend_P"],"score":378,"play_id":"fe6aa133-e490-42b4-b3a7-ffb645d7e6c7","local_time":"20210105175711","is_ascension_mode":true,"campfire_choices":[{"data":"Eruption","floor":7.0,"key":"SMITH"},{"floor":15.0,"key":"REST"},{"floor":23,"key":"REST"},{"data":"Vault","floor":27,"key":"SMITH"},{"data":"Ragnarok","floor":30,"key":"SMITH"},{"data":"ForeignInfluence","floor":32,"key":"SMITH"}],"circlet_count":0,"master_deck":["Strike_P","Strike_P","Strike_P","Defend_P+1","Defend_P","Defend_P+1","Eruption+1","Vigilance","PathToVictory+1","Wallop","FearNoEvil","FlurryOfBlows","CrushJoints","ForeignInfluence+1","Halt+1","ClearTheMind","DeusExMachina","Ragnarok+1","EmptyMind","WreathOfFlame+1","Protect","EmptyBody","Vault+1","FollowUp","CutThroughFate+1","Indignation"],"relics":["Runic Dome","Eternal Feather","War Paint","Bag of Marbles","Toy Ornithopter","Black Star","Pantograph","CeramicFish","Boot","keyreminder:keyreminder","Ancient Tea Set"],"acts_visited":["Exordium","TheCity"],"potions_floor_usage":[24,25,25,29,33],"damage_taken":[{"damage":4.0,"enemies":"2 Louse","floor":1.0,"turns":2.0},{"damage":0.0,"enemies":"Cultist","floor":3.0,"turns":2.0},{"damage":2.0,"enemies":"Jaw Worm","floor":5.0,"turns":3.0},{"damage":14.0,"enemies":"Gremlin Nob","floor":6.0,"turns":3.0},{"damage":1.0,"enemies":"3 Sentries","floor":8.0,"turns":5.0},{"damage":0.0,"enemies":"2 Fungi Beasts","floor":10.0,"turns":3.0},{"damage":30.0,"enemies":"Lagavulin","floor":11.0,"turns":4.0},{"damage":4.0,"enemies":"Red Slaver","floor":12.0,"turns":2.0},{"damage":0.0,"enemies":"Looter","floor":14.0,"turns":1.0},{"damage":20.0,"enemies":"The Guardian","floor":16.0,"turns":11.0},{"damage":15.0,"enemies":"3 Byrds","floor":18.0,"turns":5.0},{"damage":16.0,"enemies":"Spheric Guardian","floor":21.0,"turns":4.0},{"damage":32.0,"enemies":"Snake Plant","floor":22.0,"turns":3.0},{"damage":0,"enemies":"Cultist and Chosen","floor":24,"turns":3},{"damage":19,"enemies":"Slavers","floor":25,"turns":7},{"damage":0,"enemies":"Centurion and Healer","floor":28,"turns":3},{"damage":4,"enemies":"3 Cultists","floor":29,"turns":3},{"damage":19,"enemies":"Snake Plant","floor":31,"turns":3},{"damage":81,"enemies":"Champ","floor":33,"turns":8}],"seed_played":"4614375234166071758","potions_obtained":[{"floor":2.0,"key":"DuplicationPotion"},{"floor":2.0,"key":"Block Potion"},{"floor":2.0,"key":"GamblersBrew"},{"floor":6.0,"key":"Weak Potion"},{"floor":8.0,"key":"SpeedPotion"},{"floor":11.0,"key":"SkillPotion"},{"floor":12.0,"key":"DuplicationPotion"},{"floor":21.0,"key":"DistilledChaos"},{"floor":22,"key":"SkillPotion"},{"floor":28,"key":"SteroidPotion"},{"floor":31,"key":"EssenceOfSteel"}],"is_trial":false,"path_per_floor":["M","?","M","?","M","E","R","E","T","M","E","M","?","M","R","B",null,"M","?","$","M","M","R","M","E","T","R","M","M","R","M","R","B"],"character_chosen":"WATCHER","items_purchased":["Pantograph"],"campfire_rested":2,"item_purchase_floors":[20],"current_hp_per_floor":[61,61,61,66,64,50,56,55,55,55,25,21,21,21,53,38,67,52,52,52,36,9,44,49,40,40,52,52,53,68,49,64,0,0],"gold":204,"neow_bonus":"BOSS_RELIC","is_daily":false,"chose_seed":false,"campfire_upgraded":4,"win_rate":0.0,"timestamp":1609891031,"path_taken":["M","?","?","?","M","E","R","E","T","M","E","M","?","M","R","BOSS","M","?","$","?","M","R","M","E","T","R","M","?","R","M","R","BOSS"],"items_purchased_type":["Relic"],"build_version":"2020-12-22","purchased_purges":1,"victory":false,"max_hp_per_floor":[72,72,72,77,77,77,77,77,77,77,77,77,77,77,77,77,77,77,77,77,77,77,77,77,77,77,77,77,77,77,77,77,77,77],"relic_stats":{"counters":[19,75],"Pantograph":13,"CeramicFish":36,"Eternal Feather":69,"Black Star":1,"War Paint":["Defend_P","Defend_P"],"Boot":[9],"obtain_stats":[{"keyreminder:keyreminder":25,"Runic Dome":0,"Pantograph":20,"CeramicFish":25,"Eternal Feather":6,"Bag of Marbles":9,"Black Star":17,"PureWater":0,"War Paint":8,"Boot":25,"Ancient Tea Set":26,"Toy Ornithopter":11},{"keyreminder:keyreminder":15,"Runic Dome":0,"Pantograph":11,"CeramicFish":15,"Eternal Feather":4,"Bag of Marbles":5,"Black Star":10,"PureWater":0,"War Paint":5,"Boot":15,"Ancient Tea Set":15,"Toy Ornithopter":7},{"keyreminder:keyreminder":58,"Runic Dome":0,"Pantograph":41,"CeramicFish":58,"Eternal Feather":10,"Bag of Marbles":15,"Black Star":36,"PureWater":0,"War Paint":15,"Boot":58,"Ancient Tea Set":58,"Toy Ornithopter":22}],"Toy Ornithopter":30},"card_choices":[{"not_picked":["Halt","Adaptation"],"picked":"PathToVictory","floor":1.0},{"not_picked":["Prostrate","ForeignInfluence"],"picked":"Wallop","floor":3.0},{"not_picked":["MentalFortress","ReachHeaven"],"picked":"FearNoEvil","floor":5.0},{"not_picked":["Evaluate","WindmillStrike"],"picked":"FlurryOfBlows","floor":6.0},{"not_picked":["Crescendo","Sanctity"],"picked":"CrushJoints","floor":8.0},{"not_picked":["SashWhip","LikeWater"],"picked":"ForeignInfluence","floor":10.0},{"not_picked":["FlurryOfBlows","JustLucky"],"picked":"Halt","floor":11.0},{"not_picked":["CrushJoints","Study"],"picked":"ClearTheMind","floor":12.0},{"not_picked":["Halt","InnerPeace"],"picked":"DeusExMachina","floor":14.0},{"not_picked":["Blasphemy","Wish"],"picked":"Ragnarok","floor":16.0},{"not_picked":["SashWhip","JustLucky"],"picked":"EmptyMind","floor":18.0},{"not_picked":["Consecrate","ClearTheMind"],"picked":"WreathOfFlame+1","floor":21.0},{"not_picked":["CrushJoints","BowlingBash"],"picked":"Protect","floor":22},{"not_picked":["Study","Crescendo"],"picked":"EmptyBody","floor":24},{"not_picked":["FollowUp","Devotion"],"picked":"Vault","floor":25},{"not_picked":["Protect+1","Vengeance"],"picked":"FollowUp","floor":28},{"not_picked":["Pray","Consecrate"],"picked":"CutThroughFate+1","floor":29},{"not_picked":["Fasting2","DeceiveReality"],"picked":"Indignation","floor":31}],"player_experience":613728,"relics_obtained":[{"floor":6.0,"key":"Eternal Feather"},{"floor":8.0,"key":"War Paint"},{"floor":9.0,"key":"Bag of Marbles"},{"floor":11.0,"key":"Toy Ornithopter"},{"floor":25,"key":"CeramicFish"},{"floor":25,"key":"Boot"},{"floor":26,"key":"Ancient Tea Set"}],"event_choices":[{"damage_healed":0.0,"max_hp_gain":0.0,"max_hp_loss":0.0,"gold_gain":0.0,"event_name":"Lab","player_choice":"Got Potions","floor":2.0,"gold_loss":0.0,"damage_taken":0.0},{"damage_healed":0.0,"max_hp_gain":5.0,"max_hp_loss":0.0,"gold_gain":0.0,"event_name":"Big Fish","player_choice":"Donut","floor":4.0,"gold_loss":0.0,"damage_taken":0.0},{"cards_removed":["Strike_P"],"damage_healed":0.0,"max_hp_gain":0.0,"max_hp_loss":0.0,"gold_gain":0.0,"event_name":"The Cleric","player_choice":"Card Removal","floor":13.0,"gold_loss":50.0,"damage_taken":0.0},{"damage_healed":0.0,"max_hp_gain":0.0,"max_hp_loss":0.0,"gold_gain":0.0,"event_name":"Designer","player_choice":"Upgraded Two","floor":19.0,"gold_loss":40.0,"damage_taken":0.0,"cards_upgraded":["PathToVictory","Halt"]}],"is_beta":false,"boss_relics":[{"not_picked":["Coffee Dripper","Philosopher\u0027s Stone"],"picked":"Black Star"}],"items_purged_floors":[20],"is_endless":false,"potions_floor_spawned":[6,8,11,12,14,21,22,28,31],"killed_by":"Champ","ascension_level":6}}