{"host":"3w007pgvkin6up9o","time":1609809133,"event":{"mods":["100% Spire Juice","AchievementEnabler","Arknights The Spire","BaseMod","Bestiary","Better Altar","Better Match","Better Note","Better Sensory Stone","Better Skull","Better Third Choice","ChefMod","Evolution","Hermit","HololiveMod","Marisa????????","Minty Spire (QoL Compilation)","Poem Panic","Railgun Mod","Random Character Button","Reimu??????","Remilia??????","Replay The Spire","Shade Mod","Spicy Shops","StSLib","The Alterego","The Animator","The Bug Knight","The Cursed","The Gatherer","The Mystic","The Senshi","The Servant 0.9.4","The Wild Card","Trackpad","Waifu the Spire","WarShipGirlsR/????R mod","??????REMEMod"],"gold_per_floor":[116,138,154,2,26,26,36,36,59,74,74,108,108,108,108,210,210,224,299,318,318,9,9,24,24,24,123,133,133,133,160,160,262,262,273,290,302,52,52,107,121,121,198,213,231,249,124,152,152,164,164],"floor_reached":50,"playtime":3834,"items_purged":["animator:CowGirl","animator:ChaikaBohdan","Normality"],"score":528,"play_id":"1372d83d-ddac-4071-af69-02485323acb5","local_time":"20210104201213","is_ascension_mode":false,"campfire_choices":[{"data":"animator:Aqua","floor":6,"key":"SMITH"},{"data":"animator:Aqua","floor":11,"key":"SMITH"},{"data":"animator:Kazuma","floor":13,"key":"SMITH"},{"data":"animator:Albedo","floor":15,"key":"SMITH"},{"data":"animator:YunYun","floor":23,"key":"SMITH"},{"data":"animator:Verdia","floor":25,"key":"SMITH"},{"data":"J.A.X.","floor":30,"key":"SMITH"},{"floor":32,"key":"REST"},{"data":"animator:Vanir","floor":42,"key":"SMITH"},{"floor":49,"key":"REST"}],"circlet_count":0,"master_deck":["animator:ChaikaBohdan","animator:Chung","animator:Strike+1","animator:Strike","animator:Defend","animator:Defend","animator:Defend","animator:Kazuma+1","animator:Aqua+1","Hololive_CallUsadaPekora","animator:Shichika","animator:ElricAlphonse","animator:Sloth","animator:Megumin+19","animator:Aqua+1","animator:Albedo+1","animator:YunYun+1","animator:Verdia+1","J.A.X.+1","animator:Darkness","CurseOfTheBell","animator:Darkness","animator:Vanir+1","animator:Vanir","animator:Chris"],"relics":["animator:LivingPicture","animator:TheMissingPiece","EVO:Axolotl","REME_ComplimentaryCards","Mastiff:ReiMu","ReplayTheSpireMod:Lightbulb","trackpad:SneckoScepter","Philosopher\u0027s Stone","trackpad:Mousetrap","trackpad:BottledTsunami","Calling Bell","animator:WornHelmet","HollowMod:LifeEnderRelic","PureWhite:ReiMu","Cauldron","Ring of Fury","Ring of Panic","trackpad:WritersBlock","Frozen Egg 2"],"acts_visited":["Exordium","TheCity","TheBeyond"],"potions_floor_usage":[12,33,33,38,40,46,50,50,50],"damage_taken":[{"damage":4,"enemies":"Cultist","floor":1,"turns":4},{"damage":0,"enemies":"2 Louse","floor":2,"turns":4},{"damage":10,"enemies":"Small Slimes","floor":3,"turns":4},{"damage":0,"enemies":"3 Louse","floor":5,"turns":4},{"damage":0,"enemies":"Looter","floor":7,"turns":3},{"damage":0,"enemies":"Gremlin Gang","floor":10,"turns":2},{"damage":5,"enemies":"Replay:BlueRogue","floor":12,"turns":6},{"damage":30,"enemies":"Slime Boss","floor":16,"turns":13},{"damage":19,"enemies":"3 Byrds","floor":18,"turns":6},{"damage":12,"enemies":"Chosen","floor":20,"turns":5},{"damage":3,"enemies":"Snecko","floor":24,"turns":4},{"damage":9,"enemies":"Chosen and Byrds","floor":28,"turns":4},{"damage":13,"enemies":"Snake Plant","floor":31,"turns":2},{"damage":49,"enemies":"Collector","floor":33,"turns":9},{"damage":0,"enemies":"Orb Walker","floor":35,"turns":2},{"damage":0,"enemies":"3 Shapes","floor":36,"turns":2},{"damage":0,"enemies":"Writhing Mass","floor":37,"turns":3},{"damage":47,"enemies":"Nemesis","floor":40,"turns":7},{"damage":0,"enemies":"Jaw Worm Horde","floor":41,"turns":1},{"damage":0,"enemies":"4 Shapes","floor":44,"turns":3},{"damage":0,"enemies":"Sphere and 2 Shapes","floor":45,"turns":1},{"damage":49,"enemies":"HollowMod:SlobberingHusk","floor":46,"turns":6},{"damage":1,"enemies":"Transient","floor":48,"turns":5},{"damage":45,"enemies":"Awakened One","floor":50,"turns":7}],"seed_played":"1487947899564936239","potions_obtained":[{"floor":3,"key":"FearPotion"},{"floor":10,"key":"Weak Potion"},{"floor":12,"key":"SpeedPotion"},{"floor":31,"key":"PowerPotion"},{"floor":33,"key":"Energy Potion"},{"floor":36,"key":"Strength Potion"},{"floor":37,"key":"REME_GoldPotion"},{"floor":38,"key":"Fruit Juice"},{"floor":38,"key":"SkillPotion"},{"floor":40,"key":"Adrenaline Potion"},{"floor":46,"key":"SneckoOil"}],"is_trial":false,"path_per_floor":["M","M","M","$","M","R","M","?","T","M","R","E","R","?","R","B",null,"M","?","M","?","$","R","M","R","T","?","M","?","R","M","R","B",null,"M","M","M","$","?","E","M","R","T","M","M","M","$","M","R","B"],"character_chosen":"THE_ANIMATOR","items_purchased":["Mastiff:ReiMu","animator:Verdia","trackpad:Mousetrap","Elixir","animator:Darkness","Cauldron"],"campfire_rested":2,"item_purchase_floors":[4,22,22,22,38,38],"current_hp_per_floor":[68,70,63,63,65,65,68,68,68,68,68,68,68,68,68,43,73,55,48,42,42,42,42,42,42,42,42,39,39,39,29,51,9,75,75,75,75,80,80,39,39,39,39,45,48,7,7,12,36,0,0],"gold":164,"neow_bonus":"TEN_PERCENT_HP_BONUS","is_daily":false,"chose_seed":false,"campfire_upgraded":8,"win_rate":0.0,"timestamp":1609809133,"path_taken":["M","M","M","?","M","R","?","?","T","M","R","E","R","?","R","BOSS","M","?","M","?","$","R","M","R","T","?","M","?","R","?","R","BOSS","M","?","M","$","?","E","M","R","T","M","M","M","$","M","R","BOSS"],"items_purchased_type":["Relic","Card","Relic","Potion","Card","Relic"],"build_version":"2020-12-22","purchased_purges":3,"victory":false,"max_hp_per_floor":[72,72,73,73,73,73,73,73,73,73,73,73,73,73,73,73,73,74,74,74,74,74,74,74,74,74,74,74,74,74,74,74,75,75,75,75,75,80,80,80,80,80,80,80,80,82,82,82,82,82,82],"card_choices":[{"not_picked":["animator:OrikoMikuni","animator:Shuna"],"picked":"animator:Shichika","floor":1},{"not_picked":["animator:Pride","animator:OrikoMikuni"],"picked":"animator:ElricAlphonse","floor":2},{"not_picked":["animator:SayakaMiki","animator:DwarfShaman"],"picked":"animator:Sloth","floor":3},{"not_picked":["animator:YunYun","animator:Verdia"],"picked":"animator:Megumin","floor":5},{"not_picked":["animator:Pride","animator:KyokoSakura"],"picked":"animator:Aqua","floor":7},{"not_picked":["animator:Entoma","animator:OrikoMikuni"],"picked":"animator:CowGirl","floor":10},{"not_picked":["animator:GazelDwargon","animator:ElricEdward"],"picked":"animator:Albedo","floor":12},{"not_picked":["animator:Kazuma","animator:Megumin"],"picked":"animator:YunYun","floor":18},{"not_picked":["animator:YuiTsuruno","animator:DwarfShaman","animator:CowGirl"],"picked":"SKIP","floor":20},{"not_picked":["animator:Cocytus","animator:Sloth","animator:ZankiKiguchi"],"picked":"SKIP","floor":24},{"not_picked":["animator:Sebas","animator:DwarfShaman"],"picked":"animator:Megumin","floor":28},{"not_picked":["animator:Verdia","animator:YunYun"],"picked":"animator:Darkness","floor":31},{"not_picked":["animator:Kyubey","animator:GoblinSlayer"],"picked":"animator:Eris","floor":33},{"not_picked":["animator:Hitei","animator:RoyMustang+1","animator:Azekura"],"picked":"SKIP","floor":35},{"not_picked":["animator:Sloth","animator:Scar","animator:MaesHughes"],"picked":"SKIP","floor":36},{"not_picked":["animator:Scar+1","animator:ZankiKiguchi+1","animator:Kaijin+1"],"picked":"SKIP","floor":37},{"not_picked":["animator:Chris","animator:Aqua"],"picked":"animator:Vanir","floor":40},{"not_picked":["animator:CowGirl","animator:NarberalGamma+1"],"picked":"animator:Vanir","floor":41},{"not_picked":["animator:SayakaMiki","animator:SuzuneAmano","animator:Sebas"],"picked":"SKIP","floor":44},{"not_picked":["animator:Hakurou+1","animator:Entoma+1","animator:SuzuneAmano+1"],"picked":"SKIP","floor":45},{"not_picked":["animator:Vanir","animator:YunYun"],"picked":"animator:Chris","floor":46},{"not_picked":["animator:WinryRockbell+1","animator:GuildGirl+1","animator:MaesHughes+1"],"picked":"SKIP","floor":48}],"player_experience":199520,"relics_obtained":[{"floor":9,"key":"ReplayTheSpireMod:Lightbulb"},{"floor":12,"key":"trackpad:SneckoScepter"},{"floor":26,"key":"trackpad:BottledTsunami"},{"floor":34,"key":"animator:WornHelmet"},{"floor":34,"key":"HollowMod:LifeEnderRelic"},{"floor":34,"key":"PureWhite:ReiMu"},{"floor":39,"key":"Ring of Fury"},{"floor":39,"key":"Ring of Panic"},{"floor":40,"key":"trackpad:WritersBlock"},{"floor":43,"key":"Frozen Egg 2"}],"event_choices":[{"damage_healed":0,"gold_gain":75,"player_choice":"Touch","damage_taken":7,"max_hp_gain":0,"max_hp_loss":0,"event_name":"FaceTrader","floor":19,"gold_loss":0},{"cards_removed":["animator:Megumin"],"damage_healed":0,"gold_gain":0,"player_choice":"Take \u0026 Give","damage_taken":0,"max_hp_gain":0,"max_hp_loss":0,"event_name":"betterNote:BetterNote","floor":21,"gold_loss":0,"cards_obtained":["animator:Megumin"]},{"damage_healed":0,"gold_gain":99,"player_choice":"Steal","damage_taken":0,"max_hp_gain":0,"max_hp_loss":0,"event_name":"betterThird:BetterNest","floor":27,"gold_loss":0},{"damage_healed":0,"gold_gain":0,"player_choice":"Obtain J.A.X.","damage_taken":0,"max_hp_gain":0,"max_hp_loss":0,"event_name":"Drug Dealer","floor":29,"gold_loss":0,"cards_obtained":["J.A.X."]}],"is_beta":false,"boss_relics":[{"not_picked":["Busted Crown","animator:CursedBlade"],"picked":"Philosopher\u0027s Stone"},{"not_picked":["SacredBark","ReplayTheSpireMod:DimensionalGlitch"],"picked":"Calling Bell"}],"items_purged_floors":[22,38,47],"is_endless":false,"potions_floor_spawned":[3,10,12,31,33,36,37,40,44,46],"killed_by":"Awakened One","ascension_level":0}}