{"host":"i0boqj7z83tzxoi1","time":1609870220,"event":{"mods":["BaseMod","Minty Spire (QoL Compilation)","Replay The Spire","StSLib","The Construct"],"gold_per_floor":[115,190,190,243,258,291,305,318,318,318,337,337,32,52,52,154,154,174,226,242,37,37,37],"floor_reached":22,"playtime":1129,"items_purged":[],"score":186,"play_id":"d05ceeb2-ff8c-4d1a-94eb-a3d84aeca587","local_time":"20210106021020","is_ascension_mode":false,"campfire_choices":[{"floor":10,"key":"REST"},{"floor":12,"key":"REST"},{"floor":15,"key":"REST"}],"circlet_count":0,"master_deck":["construct:Strike_Gold","construct:Strike_Gold","construct:Strike_Gold","construct:Strike_Gold","construct:Strike_Gold","construct:Defend_Gold","construct:Defend_Gold","construct:Defend_Gold","construct:Defend_Gold","construct:Defend_Gold","construct:DefenseMode","Strike_P","Strike_P","construct:ShiftingStance","construct:Backfire","Inflame","construct:Versatility","construct:ShieldBurst","construct:MetalShell","construct:Missile","construct:MetalShell","construct:ShiftStrike","construct:Reinforce","construct:Versatility","construct:Anticipate","construct:ShiftStrike","construct:HyperBeam","AbeCurse","construct:ClusterMines+1","construct:PointDefense","construct:ClusterMines+1","construct:SaveState","construct:ClusterMines"],"relics":["construct:Cogwheel","Anchor","Sundial","Dream Catcher","Abe\u0027s Treasure","Blood Vial","Medical Kit"],"acts_visited":["Exordium","TheCity"],"potions_floor_usage":[8,16,20,22],"damage_taken":[{"damage":3,"enemies":"2 Louse","floor":1,"turns":4},{"damage":12,"enemies":"Small Slimes","floor":5,"turns":3},{"damage":39,"enemies":"Lagavulin","floor":6,"turns":8},{"damage":6,"enemies":"Cultist","floor":7,"turns":5},{"damage":10,"enemies":"Blue Slaver","floor":8,"turns":3},{"damage":0,"enemies":"3 Louse","floor":11,"turns":1},{"damage":2,"enemies":"Looter","floor":14,"turns":5},{"damage":72,"enemies":"The Guardian","floor":16,"turns":12},{"damage":8,"enemies":"Chosen","floor":18,"turns":6},{"damage":23,"enemies":"Shell Parasite","floor":20,"turns":8},{"damage":29,"enemies":"Centurion and Healer","floor":22,"turns":4}],"seed_played":"-4420740300886513791","potions_obtained":[{"floor":7,"key":"EssenceOfSteel"},{"floor":11,"key":"Death Potion"},{"floor":14,"key":"Swift Potion"},{"floor":19,"key":"construct:ShiftPotion"},{"floor":20,"key":"Flashbang"}],"is_trial":false,"path_per_floor":["M","?","?","?","M","E","M","M","T","R","M","R","$","M","R","B",null,"M","?","M","$","M"],"character_chosen":"THE_CONSTRUCT_MOD","items_purchased":["construct:ShiftStrike","construct:Reinforce","Dream Catcher","construct:Versatility","construct:ClusterMines","Medical Kit"],"campfire_rested":3,"item_purchase_floors":[13,13,13,13,21,21],"current_hp_per_floor":[82,71,71,71,59,20,14,4,4,29,29,54,54,52,77,5,85,77,43,22,22,0,0],"gold":37,"neow_bonus":"THREE_RARE_CARDS","is_daily":false,"chose_seed":false,"campfire_upgraded":0,"win_rate":0.0,"timestamp":1609870220,"path_taken":["M","?","?","?","M","E","M","M","T","R","M","R","$","M","R","BOSS","M","?","M","$","M"],"items_purchased_type":["Card","Card","Relic","Card","Card","Relic"],"build_version":"2020-12-22","purchased_purges":0,"victory":false,"max_hp_per_floor":[85,85,85,85,85,85,85,85,85,85,85,85,85,85,85,85,85,85,85,85,85,85,85],"card_choices":[{"not_picked":["construct:LongRangeLance","construct:MassProduction"],"picked":"construct:ShiftingStance","floor":0},{"not_picked":["construct:SaveState","construct:Anticipate"],"picked":"construct:Backfire","floor":1},{"not_picked":["construct:Isolate","construct:VentSteam"],"picked":"construct:Versatility","floor":5},{"not_picked":["construct:Boost","construct:Tumble"],"picked":"construct:ShieldBurst","floor":6},{"not_picked":["construct:ClusterMines","construct:Versatility"],"picked":"construct:MetalShell","floor":7},{"not_picked":["construct:Zapper","construct:SweepLaser"],"picked":"construct:Missile","floor":8},{"not_picked":["construct:CriticalHit","construct:Backfire"],"picked":"construct:MetalShell","floor":11},{"not_picked":["construct:FierceBash","construct:FocusedBeam"],"picked":"construct:Anticipate","floor":14},{"not_picked":["construct:UnbalancingBlast","construct:FocusedBeam"],"picked":"construct:ShiftStrike","floor":15},{"not_picked":["construct:PanicFire","construct:SpinDrive"],"picked":"construct:HyperBeam","floor":16},{"not_picked":["construct:Stasis","construct:HeavyBolt"],"picked":"construct:ClusterMines+1","floor":18},{"not_picked":["construct:SaveState","construct:Failsafe+1"],"picked":"construct:PointDefense","floor":19},{"not_picked":["construct:SuppressiveFire","construct:Disrupt"],"picked":"construct:ClusterMines+1","floor":19},{"not_picked":["construct:Analyze","construct:VentSteam"],"picked":"construct:SaveState","floor":20}],"player_experience":141536,"relics_obtained":[{"floor":6,"key":"Anchor"},{"floor":9,"key":"Sundial"},{"floor":19,"key":"Blood Vial"}],"event_choices":[{"damage_healed":0,"gold_gain":75,"player_choice":"Gather Gold","damage_taken":11,"max_hp_gain":0,"max_hp_loss":0,"event_name":"World of Goop","floor":2,"gold_loss":0},{"damage_healed":0,"gold_gain":53,"player_choice":"Gained Gold","damage_taken":0,"max_hp_gain":0,"max_hp_loss":0,"event_name":"Golden Wing","floor":4,"gold_loss":0}],"is_beta":false,"boss_relics":[{"not_picked":["SacredBark","Ectoplasm"],"picked":"Abe\u0027s Treasure"}],"items_purged_floors":[],"is_endless":false,"potions_floor_spawned":[7,11,14,20],"killed_by":"Centurion and Healer","ascension_level":0}}