{"host":"pno9h1fupbyz205f","time":1609808561,"event":{"mods":["BaseMod","Better Altar","Better Match","Better Note","Better Sensory Stone","Better Skull","Better Third Choice","Colored Map","Colored Powertips","Conspire","Hubris","Infinite Spire","Jedi Mod","Mad Scientist","Marisa????????","Minty Spire (QoL Compilation)","Permanent Neow","Potionbrewer","Replay The Spire","Shop Mod","StSLib","The Gatherer","The Hierophant","The Poker Player","The Runesmith","The Servant 0.9.4","thorton","vexMod"],"gold_per_floor":[116,81,6,27,27,57,73,73,151,171,210,210,22,22,22,143,143,182,107,139,176,217,268,10,55,55,55],"floor_reached":25,"playtime":1155,"items_purged":["Normality","thethorton:Strike"],"score":231,"play_id":"bff84bce-6ee8-482c-99cf-007a117c8c2c","local_time":"20210104170241","is_ascension_mode":false,"campfire_choices":[{"floor":8,"key":"REST"},{"data":"hubris:DuctTapeCard","floor":12,"key":"SMITH"},{"data":"thethorton:BattleTrash","floor":15,"key":"SMITH"}],"circlet_count":0,"master_deck":["thethorton:Strike","thethorton:Strike","thethorton:Strike","thethorton:Defend","thethorton:Defend","thethorton:Defend","thethorton:Heckle+1","thethorton:CreditCard","thethorton:BusinessCard","thethorton:GemGun","thethorton:MomentaryBreak","hubris:DuctTapeCard+2","thethorton:CashBash","thethorton:BattleTrash+1","thethorton:GoldBuffer+1","thethorton:BigBreak","thethorton:PowerUp+1","Master of Strategy","thethorton:CashBash","thethorton:BusinessCard","thethorton:Portfolio","Flash of Steel"],"relics":["Burning Blood","Nunchaku","jedi:bottledfury","hubris:DuctTape","hubris:TenFootPole","Lantern","infinitespire:Cubic Diamond","jedi:battlestandard","Smiling Mask","MerchantsRug"],"acts_visited":["Exordium","TheCity"],"potions_floor_usage":[6,11,16,23],"damage_taken":[{"damage":15,"enemies":"Jaw Worm","floor":1,"turns":7},{"damage":0,"enemies":"Small Slimes","floor":4,"turns":4},{"damage":41,"enemies":"3 Sentries","floor":6,"turns":12},{"damage":0,"enemies":"2 Louse","floor":7,"turns":1},{"damage":11,"enemies":"Looter","floor":10,"turns":4},{"damage":2,"enemies":"Gremlin Nob","floor":11,"turns":3},{"damage":34,"enemies":"Fading Forest","floor":16,"turns":11},{"damage":5,"enemies":"Chosen","floor":18,"turns":4},{"damage":17,"enemies":"Spheric Guardian","floor":20,"turns":4},{"damage":17,"enemies":"Snake Plant","floor":21,"turns":4},{"damage":16,"enemies":"Sentry and Sphere","floor":22,"turns":5},{"damage":42,"enemies":"Gremlin Leader","floor":23,"turns":6},{"damage":18,"enemies":"Centurion and Healer","floor":25,"turns":3}],"seed_played":"-3606786322423618524","potions_obtained":[{"floor":4,"key":"GamblersBrew"},{"floor":6,"key":"potionbrewer:ToxicPotion"},{"floor":7,"key":"potionbrewer:DiscountPotion"},{"floor":22,"key":"DuplicationPotion"}],"is_trial":false,"path_per_floor":["M","?","$","M","?","E","M","R","T","M","E","R","$","?","R","B",null,"M","?","M","M","M","E","$","M"],"character_chosen":"THE_THORT","items_purchased":["Lantern","thethorton:GoldBuffer+1","MerchantsRug","Flash of Steel"],"campfire_rested":1,"item_purchase_floors":[13,13,24,24],"current_hp_per_floor":[53,68,68,68,68,27,27,47,47,39,40,40,40,40,40,25,68,68,68,57,49,42,9,9,0,0,0],"gold":55,"neow_bonus":"UPGRADE_CARD","is_daily":false,"chose_seed":false,"campfire_upgraded":2,"win_rate":0.0,"timestamp":1609808561,"path_taken":["M","?","$","M","?","E","M","R","T","?","E","R","$","?","R","BOSS","M","?","M","M","M","E","$","M"],"items_purchased_type":["Relic","Card","Relic","Card"],"build_version":"2020-12-22","purchased_purges":2,"victory":false,"max_hp_per_floor":[68,68,68,68,68,68,68,68,68,68,68,68,68,68,68,68,68,68,68,68,68,68,68,68,68,68,68],"card_choices":[{"not_picked":["thethorton:FearfulRun","thethorton:AngerMoment"],"picked":"thethorton:BusinessCard","floor":1},{"not_picked":["thethorton:DualBap","thethorton:StumblingSlap"],"picked":"thethorton:GemGun","floor":4},{"not_picked":["thethorton:AdministrativeActions","thethorton:LongTermPayoff"],"picked":"thethorton:HitAhead","floor":6},{"not_picked":["thethorton:WhirlingBriefcase","thethorton:Crash"],"picked":"thethorton:MomentaryBreak","floor":7},{"not_picked":["thethorton:BookBash","thethorton:AngerMoment"],"picked":"thethorton:CashBash","floor":10},{"not_picked":["thethorton:DualBap","thethorton:BoardroomBlast"],"picked":"thethorton:BattleTrash","floor":11},{"not_picked":["thethorton:TemporalBlast","thethorton:CallShop"],"picked":"thethorton:BigBreak","floor":16},{"not_picked":["thethorton:HitAhead","thethorton:SicklyRun"],"picked":"thethorton:PowerUp+1","floor":18},{"not_picked":["Secret Weapon","Crow Ritual"],"picked":"Master of Strategy","floor":19},{"not_picked":["thethorton:Fatigue","thethorton:AngerMoment"],"picked":"thethorton:CashBash","floor":20},{"not_picked":["thethorton:DownPayment+1","thethorton:PocketChange"],"picked":"thethorton:BusinessCard","floor":21},{"not_picked":["thethorton:Crash","thethorton:CashBash+1","thethorton:SicklyRun"],"picked":"SKIP","floor":22},{"not_picked":["thethorton:ChartProject","thethorton:StampSmack"],"picked":"thethorton:Portfolio","floor":23}],"player_experience":95971,"relics_obtained":[{"floor":5,"key":"Nunchaku"},{"floor":6,"key":"jedi:bottledfury"},{"floor":9,"key":"hubris:DuctTape"},{"floor":11,"key":"hubris:TenFootPole"},{"floor":23,"key":"Smiling Mask"}],"event_choices":[{"damage_healed":17,"gold_gain":0,"player_choice":"Healed","damage_taken":0,"max_hp_gain":0,"max_hp_loss":0,"event_name":"The Cleric","floor":2,"gold_loss":35},{"damage_healed":0,"gold_gain":0,"player_choice":"1","damage_taken":0,"max_hp_gain":0,"max_hp_loss":0,"event_name":"betterMatch:BetterMatch","floor":19,"gold_loss":0,"cards_obtained":["betterMatch:ColorlessRareCard"]}],"is_beta":false,"boss_relics":[{"not_picked":["Ectoplasm","hubris:BlackHole"],"picked":"jedi:battlestandard"}],"items_purged_floors":[3,24],"is_endless":false,"potions_floor_spawned":[4,6,7,22],"killed_by":"Centurion and Healer","ascension_level":0}}