{"host":"2461dio7vetlq1z3","time":1609881246,"event":{"mods":["2.2 Compatiblity","AchievementEnabler","BaseMod","Better Third Choice","Friendly Minions","Minty Spire (QoL Compilation)","Relic Stats","Spicy Shops","StSLib","The Marked","Waifu the Spire"],"gold_per_floor":[360,360,371,32,43,75,75,107,107,137,137,157,186,200,200,297,297,311,322,421,421,421,452,452,96,96,96,106,138,148,176,176,278,278,291,291,307,326,18,18,51,51,51,79,96,109,109,128,128,128,128,128,3,38,38],"floor_reached":56,"playtime":3720,"items_purged":["theMarked:Strike","theMarked:Strike","theMarked:Strike","theMarked:Defend","theMarked:SwordAndMagic"],"score":1441,"play_id":"6edd8e18-bc0b-4f92-9285-65cc98da40bc","local_time":"20210105221406","is_ascension_mode":true,"campfire_choices":[{"floor":7,"key":"REST"},{"data":"theMarked:SoldierOfQuellstein","floor":11,"key":"SMITH"},{"floor":15,"key":"REST"},{"data":"theMarked:SoldierForm","floor":24,"key":"SMITH"},{"data":"theMarked:BindingBlade","floor":27,"key":"SMITH"},{"data":"theMarked:ParalyzingBlade","floor":32,"key":"SMITH"},{"data":"theMarked:TakeOffHeels","floor":40,"key":"SMITH"},{"data":"theMarked:Parry","floor":42,"key":"SMITH"},{"floor":47,"key":"RECALL"},{"data":"theMarked:Parry","floor":49,"key":"SMITH"},{"data":"theMarked:DeterminationOfTheMarked","floor":52,"key":"SMITH"}],"circlet_count":0,"master_deck":["theMarked:Defend","theMarked:Defend","theMarked:Defend","theMarked:SoldierOfQuellstein+1","theMarked:ElectricStrings","theMarked:EmpowerWeapon","theMarked:Parry+1","theMarked:Overthink","theMarked:Overcharge","theMarked:BindingBlade+1","theMarked:StartUp","theMarked:EnhanceMovement","theMarked:SoldierForm+1","theMarked:ReduceFriction+1","theMarked:Polarize","theMarked:GodGivenPower","theMarked:RepellingDischarge","theMarked:Parry+1","theMarked:WastefulDefense+1","theMarked:Improvise","theMarked:ParalyzingBlade+1","theMarked:TakeOffHeels+1","theMarked:DeterminationOfTheMarked+1","theMarked:EnhanceMovement+1","theMarked:ParalyzingBlade","theMarked:EmpowerWeapon+1","theMarked:RogueSparks+1","theMarked:ElementalBlade+1","theMarked:Opportunist","theMarked:MysticalArsenal"],"relics":["theMarked:ArtifactOfAir","Ornamental Fan","Letter Opener","Question Card","HornCleat","Darkstone Periapt","Odd Mushroom","theMarked:SpiritSword","Smiling Mask","Bottled Tornado","theMarked:VonisonLock","Anchor","PreservedInsect","Coffee Dripper","Meat on the Bone","Regal Pillow","Kunai","theMarked:NailFile"],"acts_visited":["Exordium","TheCity","TheBeyond","TheEnding"],"potions_floor_usage":[6,50,50,55,55],"damage_taken":[{"damage":1,"enemies":"Cultist","floor":1,"turns":3},{"damage":0,"enemies":"2 Louse","floor":3,"turns":3},{"damage":2,"enemies":"Small Slimes","floor":5,"turns":2},{"damage":12,"enemies":"Gremlin Nob","floor":6,"turns":3},{"damage":21,"enemies":"3 Sentries","floor":8,"turns":6},{"damage":4,"enemies":"Gremlin Nob","floor":10,"turns":4},{"damage":10,"enemies":"Red Slaver","floor":12,"turns":3},{"damage":1,"enemies":"The Mushroom Lair","floor":13,"turns":3},{"damage":3,"enemies":"Blue Slaver","floor":14,"turns":3},{"damage":8,"enemies":"Slime Boss","floor":16,"turns":6},{"damage":4,"enemies":"Shell Parasite","floor":18,"turns":4},{"damage":2,"enemies":"Chosen","floor":19,"turns":3},{"damage":5,"enemies":"Book of Stabbing","floor":23,"turns":4},{"damage":4,"enemies":"Snake Plant","floor":28,"turns":3},{"damage":14,"enemies":"Gremlin Leader","floor":29,"turns":5},{"damage":0,"enemies":"Centurion and Healer","floor":30,"turns":6},{"damage":11,"enemies":"Book of Stabbing","floor":31,"turns":3},{"damage":0,"enemies":"Automaton","floor":33,"turns":6},{"damage":0,"enemies":"3 Darklings","floor":35,"turns":5},{"damage":6,"enemies":"Orb Walker","floor":37,"turns":3},{"damage":30,"enemies":"Transient","floor":38,"turns":5},{"damage":18,"enemies":"Reptomancer","floor":41,"turns":5},{"damage":0,"enemies":"Nemesis","floor":44,"turns":3},{"damage":9,"enemies":"Writhing Mass","floor":45,"turns":4},{"damage":0,"enemies":"Sphere and 2 Shapes","floor":46,"turns":4},{"damage":18,"enemies":"Jaw Worm Horde","floor":48,"turns":4},{"damage":17,"enemies":"Awakened One","floor":50,"turns":8},{"damage":0,"enemies":"Shield and Spear","floor":54,"turns":5},{"damage":30,"enemies":"The Heart","floor":55,"turns":6}],"seed_played":"5530565795837656530","potions_obtained":[{"floor":1,"key":"BlessingOfTheForge"},{"floor":8,"key":"SpeedPotion"},{"floor":13,"key":"AttackPotion"},{"floor":18,"key":"GamblersBrew"},{"floor":28,"key":"Ancient Potion"},{"floor":37,"key":"Strength Potion"},{"floor":46,"key":"DuplicationPotion"},{"floor":54,"key":"AttackPotion"}],"is_trial":false,"path_per_floor":["M","?","M","$","M","E","R","E","T","E","R","M","?","M","R","B",null,"M","M","?","?","?","E","R","$","T","R","M","E","M","E","R","B",null,"M","?","M","M","$","R","E","R","T","E","M","M","R","M","R","B",null,"R","$","E","B",null],"character_chosen":"THE_DEFAULT","items_purchased":["Ornamental Fan","theMarked:SwordAndMagic","Bottled Tornado","Meat on the Bone","theMarked:Opportunist"],"campfire_rested":2,"item_purchase_floors":[4,4,25,39,53],"current_hp_per_floor":[48,48,48,48,46,34,55,34,34,30,30,20,19,16,37,29,70,66,64,64,64,64,59,59,59,59,59,55,41,41,30,30,30,70,70,70,64,34,34,34,28,28,28,40,43,43,43,37,37,32,70,70,70,70,40],"gold":38,"neow_bonus":"TWO_FIFTY_GOLD","is_daily":false,"chose_seed":false,"campfire_upgraded":8,"win_rate":0.0,"timestamp":1609881246,"path_taken":["M","?","M","$","M","E","R","E","T","E","R","M","?","M","R","BOSS","M","M","?","?","?","E","R","$","T","R","M","E","M","E","R","BOSS","M","?","M","?","$","R","E","R","T","E","M","M","R","M","R","BOSS","R","$","E","BOSS"],"items_purchased_type":["Relic","Card","Relic","Relic","Card"],"build_version":"2020-12-22","purchased_purges":5,"victory":true,"max_hp_per_floor":[70,70,70,70,70,70,70,70,70,70,70,70,70,70,70,70,70,70,70,70,70,70,70,70,70,70,70,70,70,70,70,70,70,70,70,70,70,70,70,70,70,70,70,70,70,70,70,70,70,70,70,70,70,70,70],"relic_stats":{"Darkstone Periapt":0,"Regal Pillow":0,"counters":[29,122],"Ornamental Fan":[228],"PreservedInsect":173,"Letter Opener":[292],"Kunai":[18],"Question Card":22,"Smiling Mask":350,"obtain_stats":[{"Darkstone Periapt":10,"theMarked:NailFile":54,"Regal Pillow":41,"theMarked:SpiritSword":17,"PreservedInsect":31,"Letter Opener":6,"Odd Mushroom":13,"Bottled Tornado":25,"Question Card":8,"Smiling Mask":23,"theMarked:ArtifactOfAir":0,"Anchor":29,"HornCleat":9,"Ornamental Fan":4,"theMarked:VonisonLock":26,"Coffee Dripper":34,"Kunai":44,"Meat on the Bone":39},{"Darkstone Periapt":6,"theMarked:NailFile":28,"Regal Pillow":22,"theMarked:SpiritSword":10,"PreservedInsect":17,"Letter Opener":4,"Odd Mushroom":8,"Bottled Tornado":13,"Question Card":5,"Smiling Mask":13,"theMarked:ArtifactOfAir":0,"Anchor":15,"HornCleat":5,"Ornamental Fan":2,"theMarked:VonisonLock":13,"Coffee Dripper":18,"Kunai":23,"Meat on the Bone":21},{"Darkstone Periapt":21,"theMarked:NailFile":116,"Regal Pillow":88,"theMarked:SpiritSword":36,"PreservedInsect":64,"Letter Opener":11,"Odd Mushroom":27,"Bottled Tornado":47,"Question Card":17,"Smiling Mask":47,"theMarked:ArtifactOfAir":0,"Anchor":55,"HornCleat":17,"Ornamental Fan":6,"theMarked:VonisonLock":47,"Coffee Dripper":70,"Kunai":91,"Meat on the Bone":83}],"Meat on the Bone":60},"card_choices":[{"not_picked":["theMarked:Polarize","theMarked:Frustration"],"picked":"theMarked:ElectricStrings","floor":1},{"not_picked":["theMarked:Panic","theMarked:ElectricStrings"],"picked":"theMarked:TunnelVision","floor":3},{"not_picked":["theMarked:Parkour","theMarked:ResourceFulStrike"],"picked":"theMarked:EmpowerWeapon","floor":5},{"not_picked":["theMarked:Indomitable","theMarked:WardOff"],"picked":"theMarked:Parry","floor":6},{"not_picked":["theMarked:HeightenedSenses","theMarked:WastefulDefense"],"picked":"theMarked:Overthink","floor":8},{"not_picked":["theMarked:ElectricStrings","theMarked:Aftermath","theMarked:StartUp"],"picked":"theMarked:Overcharge","floor":10},{"not_picked":["theMarked:Electrify","theMarked:ElectricStrings","theMarked:Improvise"],"picked":"theMarked:BindingBlade","floor":12},{"not_picked":["theMarked:Polarize","theMarked:Opportunist","theMarked:Parkour"],"picked":"theMarked:StartUp","floor":13},{"not_picked":["theMarked:WastefulDefense","theMarked:WastefulAttack","theMarked:Static"],"picked":"theMarked:EnhanceMovement","floor":14},{"not_picked":["theMarked:SummonStrength","theMarked:Levitate","theMarked:FavorableWinds"],"picked":"theMarked:SoldierForm","floor":16},{"not_picked":["theMarked:WastefulAttack","theMarked:Static+1","theMarked:BanishingStrike"],"picked":"theMarked:ReduceFriction+1","floor":18},{"not_picked":["theMarked:MaelstromOfLightning+1","theMarked:WastefulDefense","theMarked:ChainLightning","theMarked:Parkour+1"],"picked":"SKIP","floor":19},{"not_picked":["theMarked:ElectricStrings","theMarked:SwordAndMagic","theMarked:WardOff","theMarked:RepellingDischarge"],"picked":"SKIP","floor":23},{"not_picked":["theMarked:ElectricStrings","theMarked:SwordAndMagic","theMarked:WardOff"],"picked":"theMarked:RepellingDischarge","floor":23},{"not_picked":["theMarked:HeightenedSenses","theMarked:WastefulDefense","theMarked:ChainLightning"],"picked":"theMarked:Parry","floor":28},{"not_picked":["theMarked:Frustration","theMarked:Overthink","theMarked:LightningStrikesTwice+1"],"picked":"theMarked:WastefulDefense+1","floor":29},{"not_picked":["theMarked:GodGivenPower","theMarked:WastefulDefense+1","theMarked:Overcharge"],"picked":"theMarked:Improvise","floor":30},{"not_picked":["theMarked:RepellingDischarge","theMarked:ChainLightning","theMarked:WardOff"],"picked":"theMarked:ParalyzingBlade","floor":31},{"not_picked":["theMarked:MagicAdept","theMarked:TurnInvisible","theMarked:EternalStudent"],"picked":"theMarked:TakeOffHeels","floor":33},{"not_picked":["theMarked:Panic","theMarked:ShockingTouch","theMarked:Overthink+1","theMarked:Reabsorb"],"picked":"SKIP","floor":35},{"not_picked":["theMarked:Static+1","theMarked:EmpowerWeapon","theMarked:LightningStrikesTwice","theMarked:Aftermath+1"],"picked":"SKIP","floor":37},{"not_picked":["theMarked:Seal","theMarked:Aftermath","theMarked:TakeCover"],"picked":"theMarked:DeterminationOfTheMarked","floor":38},{"not_picked":["theMarked:SummonStrength","theMarked:WastefulAttack+1","theMarked:CreepingChasm"],"picked":"theMarked:EnhanceMovement+1","floor":41},{"not_picked":["theMarked:AttractMetal","theMarked:Electrify","theMarked:ElectricStrings+1"],"picked":"theMarked:ParalyzingBlade","floor":44},{"not_picked":["theMarked:Aftermath+1","theMarked:Improvise","theMarked:RepellingDischarge+1"],"picked":"theMarked:EmpowerWeapon+1","floor":45},{"not_picked":["theMarked:EmpowerWeapon+1","theMarked:RepellingDischarge","theMarked:ContemptForTheProud+1"],"picked":"theMarked:RogueSparks+1","floor":46},{"not_picked":["theMarked:BanishingStrike","theMarked:HeightenedSenses","theMarked:Static"],"picked":"theMarked:ElementalBlade+1","floor":48},{"not_picked":["theMarked:EnhanceMovement","theMarked:ContemptForTheProud+1","theMarked:Polarize+1"],"picked":"theMarked:MysticalArsenal","floor":54}],"player_experience":1063220,"relics_obtained":[{"floor":6,"key":"Letter Opener"},{"floor":8,"key":"Question Card"},{"floor":9,"key":"HornCleat"},{"floor":10,"key":"Darkstone Periapt"},{"floor":13,"key":"Odd Mushroom"},{"floor":23,"key":"Smiling Mask"},{"floor":26,"key":"theMarked:VonisonLock"},{"floor":29,"key":"Anchor"},{"floor":31,"key":"PreservedInsect"},{"floor":41,"key":"Regal Pillow"},{"floor":44,"key":"Kunai"},{"floor":54,"key":"theMarked:NailFile"}],"event_choices":[{"damage_healed":0,"gold_gain":0,"player_choice":"Ignored","damage_taken":360,"max_hp_gain":0,"max_hp_loss":0,"event_name":"betterThird:BetterSerpent","floor":2,"gold_loss":0},{"damage_healed":0,"gold_gain":0,"player_choice":"Fought Mushrooms","damage_taken":0,"max_hp_gain":0,"max_hp_loss":0,"event_name":"Mushrooms","floor":13,"gold_loss":0},{"damage_healed":0,"gold_gain":99,"player_choice":"Steal","damage_taken":0,"max_hp_gain":0,"max_hp_loss":0,"event_name":"betterThird:BetterNest","floor":20,"gold_loss":0},{"damage_healed":0,"gold_gain":0,"cards_transformed":["theMarked:Strike","theMarked:Strike"],"player_choice":"Became Test Subject","damage_taken":0,"max_hp_gain":0,"max_hp_loss":0,"event_name":"Drug Dealer","floor":21,"gold_loss":0,"cards_obtained":["theMarked:Polarize","theMarked:GodGivenPower"]},{"damage_healed":0,"gold_gain":0,"player_choice":"Ignored","damage_taken":0,"max_hp_gain":0,"max_hp_loss":0,"event_name":"Ghosts","floor":22,"gold_loss":0},{"cards_removed":["theMarked:TunnelVision"],"damage_healed":0,"gold_gain":0,"player_choice":"Purged","damage_taken":0,"max_hp_gain":0,"max_hp_loss":0,"event_name":"Purifier","floor":36,"gold_loss":0}],"is_beta":false,"boss_relics":[{"not_picked":["Black Star","Ectoplasm"],"picked":"theMarked:SpiritSword"},{"not_picked":["Philosopher\u0027s Stone","Tiny House"],"picked":"Coffee Dripper"}],"items_purged_floors":[4,25,25,39,53],"is_endless":false,"potions_floor_spawned":[1,8,13,18,23,28,33,35,37,41,46,54],"ascension_level":2}}