{"host":"mgc7o2tpy0ck407l","time":1609837979,"event":{"mods":["Alarm Clock","AlwaysNeverKeys","BaseMod","Better Altar","Better Match","Better Note","Better Sensory Stone","Better Skull","Better Third Choice","Better Vampires","Block Reminder","Booster Modes","Challenge The Spire","Colored Map","Colored Powertips","Disable Question Mark Monsters","Displayed Cursed Tome","Emptier Cage","Energized Spire","Evolution","Infinite Spire","Minty Spire (QoL Compilation)","Permanent Neow","Quick Restart","Rare Cards Sparkle","Reorder Act Four","Replay The Spire","Spicy Shops","StSLib","SuperFastMode","Transform Curses","Unceasing Turn Reminder"],"gold_per_floor":[114,133,150,27,42,42,42,42,42,53,82,0,0,12,12,115,115,134,59,59,71,71,71,90,90,117,117,2,16,115,125,125,125,125],"floor_reached":33,"playtime":871,"items_purged":["Regret","Languid"],"score":272,"play_id":"02b25dc5-81a3-46b9-abb5-ed2b752ddfd6","local_time":"20210105041259","is_ascension_mode":false,"campfire_choices":[{"data":"ReplayTheSpireMod:Limb From Limb","floor":6,"key":"SMITH"},{"data":"Bash","floor":8,"key":"SMITH"},{"data":"Enlightenment","floor":15,"key":"SMITH"},{"data":"Reaper","floor":23,"key":"SMITH"},{"data":"Flame Barrier","floor":25,"key":"SMITH"},{"data":"Defend_R+1","floor":27,"key":"SMITH"},{"data":"Juggernaut","floor":32,"key":"SMITH"}],"circlet_count":0,"master_deck":["Run Through+1","Run Through+1","Run Through+1","Run Through+1","Run Through+1","Armaments+1","Defend_R+2","Defend_R+1","Defend_R","Bash+1","ReplayTheSpireMod:Limb From Limb+1","Thunderclap","Flame Barrier+1","Cleave","Enlightenment+1","Reaper+1","ReplayTheSpireMod:Corrosion Curse","Berserk","Juggernaut+1"],"relics":["Burning Blood","EVO:Axolotl","StrikeDummy","infinitespire:Bottled Soul","Replay:Bottled Eggs","Replay:Ancient Bell","Tiny Chest","infinitespire:BottledMercury","TungstenRod","Simple Rune"],"acts_visited":["Exordium","TheCity"],"potions_floor_usage":[33,33],"damage_taken":[{"damage":0,"enemies":"Cultist","floor":1,"turns":3},{"damage":5,"enemies":"Small Slimes","floor":2,"turns":4},{"damage":11,"enemies":"Jaw Worm","floor":3,"turns":2},{"damage":8,"enemies":"Lots of Slimes","floor":5,"turns":5},{"damage":8,"enemies":"Red Slaver","floor":10,"turns":4},{"damage":16,"enemies":"Lagavulin","floor":11,"turns":8},{"damage":5,"enemies":"Looter","floor":14,"turns":2},{"damage":45,"enemies":"Hexaghost","floor":16,"turns":6},{"damage":28,"enemies":"Shell Parasite","floor":18,"turns":4},{"damage":0,"enemies":"Spheric Guardian","floor":21,"turns":1},{"damage":20,"enemies":"Centurion and Healer","floor":24,"turns":9},{"damage":0,"enemies":"Snecko","floor":29,"turns":3},{"damage":37,"enemies":"3 Cultists","floor":31,"turns":5},{"damage":77,"enemies":"Collector","floor":33,"turns":6}],"seed_played":"-6397896770525647403","potions_obtained":[{"floor":2,"key":"Dexterity Potion"},{"floor":13,"key":"Venom Potion"},{"floor":13,"key":"HeartOfIron"},{"floor":24,"key":"HeartOfIron"}],"is_trial":false,"path_per_floor":["M","M","M","$","M","R","$","R","T","M","E","?","?","M","R","B",null,"M","$","?","M","?","R","M","R","T","R","$","M","?","M","R","B"],"character_chosen":"IRONCLAD","items_purchased":["StrikeDummy","Berserk"],"campfire_rested":0,"item_purchase_floors":[4,28],"current_hp_per_floor":[80,80,75,75,73,73,73,73,73,71,61,67,67,68,68,29,86,64,64,64,70,70,70,71,71,71,71,71,86,86,65,65,0,0],"gold":125,"neow_bonus":"RANDOM_EVENT","is_daily":false,"chose_seed":false,"campfire_upgraded":7,"win_rate":0.0,"timestamp":1609837979,"path_taken":["M","M","M","$","?","R","$","R","T","M","E","?","?","?","R","BOSS","M","$","?","M","?","R","M","R","T","R","$","M","?","M","R","BOSS"],"items_purchased_type":["Relic","Card"],"build_version":"2020-12-22","purchased_purges":2,"victory":false,"max_hp_per_floor":[80,80,80,80,80,80,80,80,80,80,80,86,86,86,86,86,86,86,86,86,86,86,86,86,86,86,86,86,86,86,86,86,86,86],"card_choices":[{"not_picked":["Anger","Pommel Strike"],"picked":"ReplayTheSpireMod:Limb From Limb","floor":1},{"not_picked":["Twin Strike","Pommel Strike"],"picked":"Thunderclap","floor":2},{"not_picked":["Clash","Heavy Blade"],"picked":"Flame Barrier","floor":3},{"not_picked":["Headbutt","Perfected Strike"],"picked":"Cleave","floor":5},{"not_picked":["Wild Strike","Fire Breathing","Shrug It Off"],"picked":"SKIP","floor":10},{"not_picked":["Shrug It Off","Disarm","Infernal Blade"],"picked":"SKIP","floor":11},{"not_picked":["Sentinel","Clash","Cleave"],"picked":"SKIP","floor":14},{"not_picked":["Immolate","Feed"],"picked":"Reaper","floor":16},{"not_picked":["Hallucinations","ReplayTheSpireMod:Faulty Equipment"],"picked":"Languid","floor":17},{"not_picked":["Decay","Sickly"],"picked":"Writhe","floor":17},{"not_picked":["Parasite","Spreading Infection"],"picked":"Regret","floor":17},{"not_picked":["ReplayTheSpireMod:Limb From Limb","Sword Boomerang","True Grit"],"picked":"SKIP","floor":18},{"not_picked":["ReplayReversal","Reckless Charge","Fire Breathing"],"picked":"SKIP","floor":21},{"not_picked":["Havoc","Thunderclap","Twin Strike"],"picked":"SKIP","floor":24},{"not_picked":["Body Slam","Shrug It Off"],"picked":"Juggernaut","floor":29},{"not_picked":["Blood for Blood","Entrench","Havoc"],"picked":"SKIP","floor":31}],"player_experience":724608,"relics_obtained":[{"floor":9,"key":"infinitespire:Bottled Soul"},{"floor":11,"key":"Replay:Bottled Eggs"},{"floor":26,"key":"Simple Rune"}],"event_choices":[{"damage_healed":0,"gold_gain":0,"player_choice":"Grow","damage_taken":0,"max_hp_gain":0,"max_hp_loss":0,"event_name":"Living Wall","floor":0,"gold_loss":0,"cards_upgraded":["Armaments"]},{"damage_healed":0,"gold_gain":0,"player_choice":"RENOUNCE","damage_taken":82,"max_hp_gain":0,"max_hp_loss":0,"event_name":"betterThird:BetterSerpent","floor":12,"gold_loss":82,"cards_obtained":["Enlightenment"]},{"damage_healed":0,"gold_gain":0,"player_choice":"Got Potions","damage_taken":0,"max_hp_gain":0,"max_hp_loss":0,"event_name":"Lab","floor":13,"gold_loss":0},{"damage_healed":0,"gold_gain":0,"cards_transformed":["Writhe"],"player_choice":"Transformed","damage_taken":0,"max_hp_gain":0,"max_hp_loss":0,"event_name":"Transmorgrifier","floor":20,"gold_loss":0,"cards_obtained":["ReplayTheSpireMod:Corrosion Curse"]},{"cards_removed":["Defend_R"],"damage_healed":0,"gold_gain":0,"player_choice":"Give","damage_taken":0,"max_hp_gain":0,"max_hp_loss":0,"event_name":"betterNote:BetterNote","floor":22,"gold_loss":0,"cards_obtained":["Spot Weakness"]},{"damage_healed":0,"gold_gain":99,"player_choice":"Steal","damage_taken":0,"max_hp_gain":0,"max_hp_loss":0,"event_name":"betterThird:BetterNest","floor":30,"gold_loss":0}],"is_beta":false,"boss_relics":[{"not_picked":["ReplayTheSpireMod:SealedPack","Abe\u0027s Treasure"],"picked":"Replay:Ancient Bell"},{"not_picked":["Regal Pillow","King of Hearts"],"picked":"Tiny Chest"},{"not_picked":["Divine Protection","Frozen Egg 2"],"picked":"infinitespire:BottledMercury"},{"not_picked":["infinitespire:Magic Flask","Replay:Arrowhead"],"picked":"TungstenRod"}],"items_purged_floors":[19,28],"is_endless":false,"potions_floor_spawned":[2,14,24,29],"killed_by":"Collector","ascension_level":0}}