{"host":"ta9mufxydm4vkknf","time":1609876453,"event":{"mods":["AchievementEnabler","BaseMod","Minty Spire (QoL Compilation)","Quick Restart"],"gold_per_floor":[167,183,183,203,163,190,210,242,242,67,92,92,110,142,142,241,241,241,241,241,241,90,90,90,90,90,90,90,90,90,90,90,90,90,90,90,90,90,90,90,90,90,90,90,90,90,49,49,49,49,49,49,9,9,9],"floor_reached":54,"playtime":11562,"items_purged":["Defend_P","Defend_P"],"score":886,"play_id":"6a7becdf-8627-4471-a680-0e4349480e0b","local_time":"20210105205413","is_ascension_mode":true,"campfire_choices":[{"data":"PathToVictory","floor":12,"key":"SMITH"},{"data":"Vigilance","floor":15,"key":"SMITH"},{"data":"Perseverance","floor":28,"key":"SMITH"},{"floor":30,"key":"REST"},{"data":"EmptyBody","floor":32,"key":"SMITH"},{"data":"Eruption","floor":42,"key":"SMITH"},{"data":"FollowUp","floor":44,"key":"SMITH"},{"data":"Halt","floor":46,"key":"SMITH"},{"floor":49,"key":"RECALL"},{"data":"Sanctity","floor":52,"key":"SMITH"}],"circlet_count":0,"master_deck":["Defend_P","Defend_P+1","Eruption+1","Vigilance+1","EmptyBody+1","PathToVictory","SignatureMove","Indignation","PathToVictory+1","Sanctity+1","EmptyFist","Perseverance+1","DevaForm+1","Scrawl","Prostrate+1","ReachHeaven+1","Bite","Bite","Bite","Bite","Bite","Adaptation+1","FollowUp+1","PathToVictory","PathToVictory","WheelKick+1","InnerPeace","Fasting2+1","ConjureBlade","Protect","Sanctity+1","PathToVictory+1","Halt+1"],"relics":["Tiny House","The Courier","MealTicket","Frozen Egg 2","HandDrill","Thread and Needle","Bird Faced Urn","Ectoplasm","Bottled Tornado","Orichalcum","Bottled Flame","Meat on the Bone","Prayer Wheel","Coffee Dripper","Blood Vial","Strawberry","Anchor"],"acts_visited":["Exordium","TheCity","TheBeyond","TheEnding"],"potions_floor_usage":[5,11,23,27,29,40,45,48],"damage_taken":[{"damage":0,"enemies":"Jaw Worm","floor":1,"turns":7},{"damage":3,"enemies":"2 Louse","floor":2,"turns":3},{"damage":0,"enemies":"Cultist","floor":4,"turns":4},{"damage":6,"enemies":"Lagavulin","floor":6,"turns":6},{"damage":0,"enemies":"2 Fungi Beasts","floor":7,"turns":4},{"damage":11,"enemies":"Gremlin Nob","floor":8,"turns":3},{"damage":23,"enemies":"3 Sentries","floor":11,"turns":13},{"damage":6,"enemies":"Looter","floor":13,"turns":3},{"damage":2,"enemies":"Lagavulin","floor":14,"turns":5},{"damage":7,"enemies":"Hexaghost","floor":16,"turns":7},{"damage":8,"enemies":"Shell Parasite","floor":18,"turns":5},{"damage":14,"enemies":"Spheric Guardian","floor":19,"turns":6},{"damage":14,"enemies":"Shelled Parasite and Fungi","floor":20,"turns":7},{"damage":45,"enemies":"Slavers","floor":23,"turns":6},{"damage":2,"enemies":"3 Cultists","floor":24,"turns":3},{"damage":9,"enemies":"Gremlin Leader","floor":25,"turns":6},{"damage":19,"enemies":"Book of Stabbing","floor":27,"turns":5},{"damage":8,"enemies":"Gremlin Leader","floor":29,"turns":4},{"damage":34,"enemies":"Slavers","floor":31,"turns":5},{"damage":21,"enemies":"Automaton","floor":33,"turns":8},{"damage":5,"enemies":"Orb Walker","floor":35,"turns":3},{"damage":16,"enemies":"3 Darklings","floor":36,"turns":4},{"damage":11,"enemies":"Sphere and 2 Shapes","floor":39,"turns":6},{"damage":41,"enemies":"Reptomancer","floor":40,"turns":8},{"damage":16,"enemies":"Writhing Mass","floor":45,"turns":4},{"damage":31,"enemies":"Nemesis","floor":48,"turns":5},{"damage":63,"enemies":"Donu and Deca","floor":50,"turns":11},{"damage":88,"enemies":"Shield and Spear","floor":54,"turns":6}],"seed_played":"6247058939618004203","potions_obtained":[{"floor":0,"key":"EntropicBrew"},{"floor":1,"key":"FearPotion"},{"floor":5,"key":"FairyPotion"},{"floor":5,"key":"Fruit Juice"},{"floor":5,"key":"BlessingOfTheForge"},{"floor":8,"key":"Block Potion"},{"floor":11,"key":"PowerPotion"},{"floor":24,"key":"SkillPotion"},{"floor":27,"key":"Weak Potion"},{"floor":29,"key":"FairyPotion"},{"floor":38,"key":"StancePotion"},{"floor":40,"key":"Swift Potion"}],"is_trial":false,"path_per_floor":["M","M","?","M","?","E","M","E","T","$","E","R","M","E","R","B",null,"M","M","M","?","$","E","M","E","T","E","R","E","R","E","R","B",null,"M","M","?","?","M","E","?","R","T","R","M","R","$","E","R","B",null,"R","$","E"],"character_chosen":"WATCHER","items_purchased":["HandDrill","Adaptation+1","FollowUp","Swift Potion","FearPotion"],"campfire_rested":1,"item_purchase_floors":[10,22,22,47,53],"current_hp_per_floor":[77,74,59,59,64,58,58,47,47,62,39,39,33,31,31,24,82,74,62,48,48,57,18,24,29,29,20,20,22,39,27,27,40,57,56,49,49,49,53,27,27,27,34,34,36,36,51,34,34,32,61,61,61,0,0],"gold":9,"neow_bonus":"BOSS_RELIC","is_daily":false,"chose_seed":false,"campfire_upgraded":8,"win_rate":0.0,"timestamp":1609876453,"path_taken":["M","M","?","M","?","E","?","E","T","$","E","R","M","E","R","BOSS","M","M","M","?","$","E","M","E","T","E","R","E","R","E","R","BOSS","M","M","?","?","?","E","?","R","T","R","M","R","$","E","R","BOSS","R","$","E"],"items_purchased_type":["Relic","Card","Card","Potion","Potion"],"build_version":"2020-12-22","purchased_purges":2,"victory":false,"max_hp_per_floor":[77,77,77,77,82,82,82,82,82,82,82,82,82,82,82,82,82,82,82,82,57,57,57,57,57,57,57,57,57,57,57,57,57,57,57,57,54,54,54,54,54,54,61,61,61,61,61,61,61,61,61,61,61,61,61],"card_choices":[{"not_picked":["SashWhip","Pray"],"picked":"EmptyBody","floor":0},{"not_picked":["FollowUp","ThirdEye"],"picked":"PathToVictory","floor":1},{"not_picked":["BowlingBash","Crescendo"],"picked":"SignatureMove","floor":2},{"not_picked":["Brilliance","EmptyBody"],"picked":"Indignation","floor":4},{"not_picked":["SashWhip","SandsOfTime"],"picked":"PathToVictory","floor":6},{"not_picked":["Worship","Nirvana"],"picked":"FlyingSleeves","floor":7},{"not_picked":["ThirdEye","Pray"],"picked":"Sanctity","floor":8},{"not_picked":["CutThroughFate","Consecrate"],"picked":"EmptyFist","floor":11},{"not_picked":["FollowUp","LikeWater+1"],"picked":"Perseverance","floor":13},{"not_picked":["DeceiveReality","FlurryOfBlows"],"picked":"DevaForm+1","floor":14},{"not_picked":["Brilliance","MasterReality+1"],"picked":"Scrawl","floor":16},{"not_picked":["FlurryOfBlows","ThirdEye"],"picked":"Prostrate+1","floor":18},{"not_picked":["Protect","Evaluate","EmptyBody"],"picked":"SKIP","floor":19},{"not_picked":["EmptyFist+1","PathToVictory"],"picked":"ReachHeaven+1","floor":20},{"not_picked":["SignatureMove","FlyingSleeves+1"],"picked":"PathToVictory","floor":23},{"not_picked":["Omniscience","Conclude"],"picked":"PathToVictory","floor":24},{"not_picked":["Blasphemy","JustLucky+1"],"picked":"WheelKick+1","floor":25},{"not_picked":["Evaluate","Consecrate"],"picked":"InnerPeace","floor":27},{"not_picked":["SandsOfTime","WaveOfTheHand","SashWhip"],"picked":"SKIP","floor":29},{"not_picked":["SashWhip","Evaluate"],"picked":"Fasting2+1","floor":31},{"not_picked":["Brilliance","DevaForm+1"],"picked":"ConjureBlade","floor":33},{"not_picked":["FearNoEvil","CarveReality"],"picked":"Protect","floor":35},{"not_picked":["ThirdEye","SashWhip+1"],"picked":"Sanctity+1","floor":35},{"not_picked":["Consecrate+1","EmptyBody","CutThroughFate"],"picked":"SKIP","floor":36},{"not_picked":["LessonLearned","Protect","Weave+1"],"picked":"SKIP","floor":36},{"not_picked":["FlurryOfBlows","CutThroughFate","Consecrate+1"],"picked":"SKIP","floor":39},{"not_picked":["EmptyFist","Omniscience","FlyingSleeves"],"picked":"SKIP","floor":39},{"not_picked":["Judgement","FlurryOfBlows+1"],"picked":"PathToVictory+1","floor":40},{"not_picked":["SignatureMove","WheelKick+1"],"picked":"Halt","floor":45},{"not_picked":["Protect","WaveOfTheHand","SandsOfTime"],"picked":"SKIP","floor":45},{"not_picked":["Indignation","Halt","JustLucky+1"],"picked":"SKIP","floor":48}],"player_experience":230321,"relics_obtained":[{"floor":6,"key":"The Courier"},{"floor":8,"key":"MealTicket"},{"floor":9,"key":"Frozen Egg 2"},{"floor":11,"key":"Thread and Needle"},{"floor":14,"key":"Bird Faced Urn"},{"floor":23,"key":"Bottled Tornado"},{"floor":25,"key":"Orichalcum"},{"floor":27,"key":"Bottled Flame"},{"floor":29,"key":"Meat on the Bone"},{"floor":31,"key":"Prayer Wheel"},{"floor":40,"key":"Blood Vial"},{"floor":43,"key":"Strawberry"},{"floor":48,"key":"Anchor"}],"event_choices":[{"damage_healed":0,"gold_gain":0,"player_choice":"Entered Light","damage_taken":15,"max_hp_gain":0,"max_hp_loss":0,"event_name":"Shining Light","floor":3,"gold_loss":0,"cards_upgraded":["Strike_P","Defend_P"]},{"damage_healed":0,"gold_gain":0,"player_choice":"Bought 3 Potions","damage_taken":0,"max_hp_gain":0,"max_hp_loss":0,"event_name":"The Woman in Blue","floor":5,"gold_loss":0},{"damage_healed":0,"gold_gain":0,"player_choice":"Became a vampire","damage_taken":0,"max_hp_gain":0,"max_hp_loss":25,"event_name":"Vampires","floor":21,"gold_loss":0,"cards_obtained":["Bite","Bite","Bite","Bite","Bite"]},{"damage_healed":0,"gold_gain":0,"player_choice":"Max HP","damage_taken":0,"max_hp_gain":0,"max_hp_loss":3,"event_name":"Winding Halls","floor":37,"gold_loss":0},{"damage_healed":0,"gold_gain":0,"player_choice":"Got Potions","damage_taken":0,"max_hp_gain":0,"max_hp_loss":0,"event_name":"Lab","floor":38,"gold_loss":0},{"cards_removed":["FlyingSleeves"],"damage_healed":0,"gold_gain":0,"player_choice":"Removed Attack","damage_taken":0,"max_hp_gain":0,"max_hp_loss":0,"event_name":"Falling","floor":41,"gold_loss":0}],"is_beta":false,"boss_relics":[{"not_picked":["Runic Dome","Snecko Eye"],"picked":"Ectoplasm"},{"not_picked":["Pandora\u0027s Box","Empty Cage"],"picked":"Coffee Dripper"}],"items_purged_floors":[10,22],"is_endless":false,"potions_floor_spawned":[1,8,11,14,16,19,24,27,29,40],"killed_by":"Shield and Spear","ascension_level":1}}