{"host":"wonp23fsqqcu31ie","time":1609850416,"event":{"mods":["2.2 Compatiblity","AchievementEnabler","Aspiration","BaseMod","Bestiary","Better Altar","Better Match","Better Note","Better Sensory Stone","Better Skull","Better Third Choice","BetterRewards","Block Reminder","Colored Map","Colored Powertips","Conspire","Curses Come First","DeckTracker","Displayed Cursed Tome","Downfall","Evolution","Hermit","Highlight Path","Hubris","Marisa????????","Minty Spire (QoL Compilation)","Permanent Neow","Prisma Mod","Quick Restart","Rare Cards Sparkle","Relic Stats","Replay The Spire","Robot Space Explorer","Shade Mod","Shop Mod","StSLib","SuperFastMode","The Animator","The Bug Knight","The Construct","The Cursed","The Dragon Tamer","The Gatherer","The Marked","The Necromancer","The Runesmith","The Servant 0.9.4"],"gold_per_floor":[112,112,122,122,214,245,245,256,331,331,331,30,63,77,77,177,177,190,190,210,210,261,261,286,286,286,300,350,18,28,40,40,136,136,153,188,45,0,0,0,32,47,71,71,87,125,177,188,188,188],"floor_reached":51,"playtime":2077,"items_purged":[],"score":807,"play_id":"59e53fe3-d0f7-462b-bedc-f28f11ba1bd3","local_time":"20210105234016","is_ascension_mode":false,"campfire_choices":[{"floor":7,"key":"REST"},{"floor":11,"key":"RECALL"},{"floor":15,"key":"REST"},{"data":"PrismaMod:IllyaUberPoisonChannel","floor":23,"key":"SMITH"},{"data":"PrismaMod:IllyaPoisonTippedWeapons","floor":25,"key":"SMITH"},{"data":"PrismaMod:IllyaFriendMaker","floor":32,"key":"SMITH"},{"data":"PrismaMod:IllyaUberDefendChannel","floor":40,"key":"SMITH"},{"data":"PrismaMod:IllyaReinForce","floor":49,"key":"SMITH"}],"circlet_count":0,"master_deck":["PrismaMod:IllyaCommonAttack+1","PrismaMod:IllyaCommonDefend","PrismaMod:IllyaCommonAttack","PrismaMod:IllyaCommonDefend","PrismaMod:IllyaCommonAttack","PrismaMod:IllyaCommonDefend","PrismaMod:IllyaCommonAttack","PrismaMod:IllyaCommonDefend+1","PrismaMod:IllyaCommonAttack","PrismaMod:IllyaCommonDefend","PrismaMod:IllyaUncommonAttack","PrismaMod:IllyaUncommonDefend","PrismaMod:IllyaCarnivalPrismaAstolfo","PrismaMod:IllyaPartialInstallAssassin","PrismaMod:IllyaCheapChannelDefend","PrismaMod:IllyaRapidFire","PrismaMod:IllyaCarnivalOrbs","PrismaMod:IllyaPoisonTippedWeapons","Replay:UnknownCurse","PrismaMod:IllyaInstallCaster","PrismaMod:IllyaUberPoisonChannel+1","PrismaMod:IllyaMinorZwei","PrismaMod:IllyaCarnivalDefend","PrismaMod:IllyaFeed","PrismaMod:IllyaCarnivalPrismaAstolfo","PrismaMod:IllyaCommonEvoke+1","PrismaMod:IllyaPoisonTippedWeapons+1","PrismaMod:IllyaFeed+1","PrismaMod:IllyaFriendMaker+1","PrismaMod:IllyaInstallArcher","PrismaMod:IllyaStunPoison","PrismaMod:IllyaAOECommonAttack","PrismaMod:IllyaPoisonBomb","PrismaMod:IllyaPartialInstallAssassin","PrismaMod:IllyaUberDefendChannel+1","PrismaMod:IllyaUncommonAOEAttack+1","PrismaMod:IllyaDetonatingBlow+1","PrismaMod:IllyaRapidFire+1","PrismaMod:IllyaBoysLove+1","PrismaMod:IllyaAssassinRevenge","Parasite","PrismaMod:IllyaReinForce+1","PrismaMod:IllyaPoisonTippedWeapons+1","PrismaMod:IllyaCheapChannelAttack+1"],"relics":["PrismaMod:PrismaRuby","EVO:Axolotl","Vajra","Ancient Tea Set","White Beast Statue","Ring of Misfortune","Ring of Panic","aspiration:HatOfInfinitePower","SlaversCollar","GremlinMask","hubris:Reverence","Mummified Hand","MerchantsRug","conspire:SlowCooker","Bronze Scales","Red Mask","Nunchaku","MealTicket","CatCart"],"acts_visited":["Exordium","TheCity","TheBeyond"],"potions_floor_usage":[16,16,16,24,33,33,33,41,46,47,47,50,50],"damage_taken":[{"damage":0,"enemies":"Jaw Worm","floor":1,"turns":4},{"damage":4,"enemies":"Cultist","floor":3,"turns":7},{"damage":16,"enemies":"HollowMod:MossKnight","floor":6,"turns":8},{"damage":0,"enemies":"conspire:RoseBush","floor":8,"turns":2},{"damage":16,"enemies":"Lagavulin","floor":13,"turns":5},{"damage":1,"enemies":"Blue Slaver","floor":14,"turns":3},{"damage":0,"enemies":"Fading Forest","floor":16,"turns":11},{"damage":0,"enemies":"conspire:FuzzyDice","floor":18,"turns":4},{"damage":11,"enemies":"3 Byrds","floor":20,"turns":4},{"damage":0,"enemies":"conspire:HollyBat","floor":22,"turns":8},{"damage":6,"enemies":"conspire:Head Lice","floor":24,"turns":6},{"damage":5,"enemies":"Cultist and Chosen","floor":27,"turns":6},{"damage":0,"enemies":"Snecko","floor":30,"turns":4},{"damage":0,"enemies":"Centurion and Healer","floor":31,"turns":4},{"damage":55,"enemies":"Champ","floor":33,"turns":8},{"damage":1,"enemies":"3 Shapes","floor":35,"turns":5},{"damage":10,"enemies":"Orb Walker","floor":36,"turns":4},{"damage":5,"enemies":"Giant Head","floor":41,"turns":7},{"damage":38,"enemies":"Sphere and 2 Shapes","floor":42,"turns":4},{"damage":30,"enemies":"Maw","floor":45,"turns":6},{"damage":20,"enemies":"Writhing Mass","floor":46,"turns":4},{"damage":9,"enemies":"Orin","floor":47,"turns":6},{"damage":0,"enemies":"3 Darklings","floor":48,"turns":4},{"damage":36,"enemies":"Donu and Deca","floor":50,"turns":7}],"seed_played":"-7886494699265669098","potions_obtained":[{"floor":1,"key":"SpeedPotion"},{"floor":8,"key":"DuplicationPotion"},{"floor":13,"key":"BlessingOfTheForge"},{"floor":14,"key":"Dexterity Potion"},{"floor":16,"key":"DistilledChaos"},{"floor":18,"key":"SkillPotion"},{"floor":20,"key":"hexamod:EctoCoolerPotion"},{"floor":24,"key":"LiquidMemories"},{"floor":33,"key":"Strength Potion"},{"floor":35,"key":"Energy Potion"},{"floor":36,"key":"DuplicationPotion"},{"floor":41,"key":"SteroidPotion"},{"floor":46,"key":"LifebloodPotion"},{"floor":47,"key":"Strength Potion"},{"floor":48,"key":"CultistPotion"}],"is_trial":false,"path_per_floor":["M","?","M","?","?","E","R","M","T","?","R","$","E","M","R","B",null,"M","?","M","?","M","R","E","R","T","M","?","$","M","M","R","B",null,"M","M","$","?","$","R","E","M","T","$","M","M","?","M","R","B",null],"character_chosen":"ILLYA","items_purchased":["PrismaMod:IllyaInstallCaster","Strawberry","MerchantsRug","PrismaMod:IllyaInstallArcher","PrismaMod:IllyaStunPoison","PrismaMod:IllyaAOECommonAttack","Bronze Scales"],"campfire_rested":2,"item_purchase_floors":[12,12,29,29,29,29,37],"current_hp_per_floor":[75,68,66,51,33,19,42,42,42,42,42,49,33,32,57,70,84,84,84,73,73,73,73,78,78,78,78,78,78,78,92,92,44,94,95,96,96,96,96,96,94,66,66,81,83,65,88,102,102,68],"gold":188,"neow_bonus":"ONE_RANDOM_RARE_CARD","is_daily":false,"chose_seed":false,"campfire_upgraded":5,"win_rate":0.0,"timestamp":1609850416,"path_taken":["M","?","?","?","?","E","R","?","T","?","R","$","E","M","R","BOSS","M","?","M","?","?","R","E","R","T","M","?","$","M","?","R","BOSS","M","M","$","?","$","R","E","M","T","$","M","M","?","?","R","BOSS"],"items_purchased_type":["Card","Relic","Relic","Card","Card","Card","Relic"],"build_version":"2020-12-22","purchased_purges":0,"victory":true,"max_hp_per_floor":[75,75,75,75,75,77,77,77,77,77,77,84,84,84,84,84,84,84,84,84,84,84,84,86,86,86,90,90,90,90,92,92,94,94,96,96,96,96,96,96,98,100,100,100,100,100,102,102,102,104],"relic_stats":{"Nunchaku":[6],"counters":[46,241],"Mummified Hand":[62],"Bronze Scales":[109],"MealTicket":15,"obtain_stats":[{"Lantern":6,"animator:TheMissingPiece":0,"Vajra":5,"GremlinMask":21,"Juzu Bracelet":26,"EVO:Axolotl":29,"Ancient Tea Set":6,"conspire:TopHat":24,"SsserpentHead":2,"PrismaMod:PrismaRuby":0,"Nunchaku":41,"animator:PurgingStone":0,"Mummified Hand":26,"Strawberry":7,"MealTicket":43,"Red Mask":38,"Ring of Panic":10,"MerchantsRug":0,"conspire:TreasureMap":0,"aspiration:Nostalgia":0,"Blue Candle":27,"Oddly Smooth Stone":20,"Ring of Chaos":17,"conspire:SlowCooker":34,"aspiration:HummingbirdHeart":20,"Odd Mushroom":8,"Medical Kit":5,"Akabeko":0,"White Beast Statue":9,"SlaversCollar":17,"Shuriken":9,"Ring of Misfortune":10,"Bronze Scales":37,"animator:LivingPicture":0,"hubris:TenFootPole":12,"CatCart":47,"aspiration:HatOfInfinitePower":13,"hubris:Potato":0,"hubris:Reverence":24},{"Lantern":3,"animator:TheMissingPiece":0,"Vajra":24,"GremlinMask":31,"Juzu Bracelet":20,"EVO:Axolotl":34,"Ancient Tea Set":25,"conspire:TopHat":19,"SsserpentHead":9,"PrismaMod:PrismaRuby":0,"Nunchaku":40,"animator:PurgingStone":0,"Mummified Hand":33,"Strawberry":11,"MealTicket":41,"Red Mask":39,"Ring of Panic":26,"MerchantsRug":8,"conspire:TreasureMap":8,"aspiration:Nostalgia":0,"Blue Candle":21,"Oddly Smooth Stone":17,"Ring of Chaos":16,"conspire:SlowCooker":37,"aspiration:HummingbirdHeart":17,"Odd Mushroom":12,"Medical Kit":10,"Akabeko":8,"White Beast Statue":26,"SlaversCollar":29,"Shuriken":4,"Ring of Misfortune":26,"Bronze Scales":39,"animator:LivingPicture":0,"hubris:TenFootPole":6,"CatCart":44,"aspiration:HatOfInfinitePower":27,"hubris:Potato":8,"hubris:Reverence":33},{"Lantern":15,"animator:TheMissingPiece":0,"Vajra":121,"GremlinMask":158,"Juzu Bracelet":93,"EVO:Axolotl":178,"Ancient Tea Set":129,"conspire:TopHat":89,"SsserpentHead":30,"PrismaMod:PrismaRuby":0,"Nunchaku":210,"animator:PurgingStone":0,"Mummified Hand":172,"Strawberry":45,"MealTicket":214,"Red Mask":203,"Ring of Panic":131,"MerchantsRug":26,"conspire:TreasureMap":26,"aspiration:Nostalgia":0,"Blue Candle":102,"Oddly Smooth Stone":74,"Ring of Chaos":69,"conspire:SlowCooker":194,"aspiration:HummingbirdHeart":74,"Odd Mushroom":50,"Medical Kit":33,"Akabeko":26,"White Beast Statue":131,"SlaversCollar":150,"Shuriken":18,"Ring of Misfortune":131,"Bronze Scales":203,"animator:LivingPicture":0,"hubris:TenFootPole":22,"CatCart":230,"aspiration:HatOfInfinitePower":136,"hubris:Potato":26,"hubris:Reverence":172}]},"card_choices":[{"not_picked":["PrismaMod:IllyaAssassinRevenge","PrismaMod:IllyaAlice"],"picked":"PrismaMod:IllyaPartialInstallAssassin","floor":1},{"not_picked":["PrismaMod:IllyaRubysPotion","PrismaMod:IllyaSaphire"],"picked":"PrismaMod:IllyaCheapChannelDefend","floor":3},{"not_picked":["PrismaMod:IllyaBerserCAR","PrismaMod:IllyaMinorRapidFire"],"picked":"PrismaMod:IllyaRapidFire","floor":5},{"not_picked":["PrismaMod:IllyaBlindPoisonToss","PrismaMod:IllyaPoisonBomb"],"picked":"PrismaMod:IllyaCarnivalOrbs","floor":5},{"not_picked":["PrismaMod:IllyaEvokeAll","PrismaMod:IllyaSaphire","PrismaMod:IllyaUpgradeOrbs"],"picked":"SKIP","floor":6},{"not_picked":["PrismaMod:IllyaCheapChannelPoison","PrismaMod:IllyaUncommonEvoke"],"picked":"PrismaMod:IllyaPoisonTippedWeapons","floor":8},{"not_picked":["PrismaMod:IllyaGun","PrismaMod:IllyaBerserCAR"],"picked":"PrismaMod:IllyaUberPoisonChannel","floor":13},{"not_picked":["PrismaMod:IllyaUpgradeOrbs","PrismaMod:IllyaFeed"],"picked":"PrismaMod:IllyaMinorZwei","floor":14},{"not_picked":["PrismaMod:IllyaUberAttackChannel","PrismaMod:IllyaInstallShielder"],"picked":"PrismaMod:IllyaCarnivalDefend","floor":16},{"not_picked":["PrismaMod:IllyaMinorRapidFire","PrismaMod:IllyaPoisonBomb"],"picked":"PrismaMod:IllyaFeed","floor":18},{"not_picked":["PrismaMod:IllyaMinorRapidFire+1","PrismaMod:IllyaGrailKun"],"picked":"PrismaMod:IllyaCommonEvoke+1","floor":20},{"not_picked":["PrismaMod:IllyaBride","PrismaMod:IllyaCheapChannelDefend"],"picked":"PrismaMod:IllyaPoisonTippedWeapons","floor":22},{"not_picked":["PrismaMod:IllyaRussianRoulette","PrismaMod:IllyaAOECommonAttack"],"picked":"PrismaMod:IllyaFeed+1","floor":24},{"not_picked":["PrismaMod:IllyaGrailKun+1","PrismaMod:IllyaStunPoison"],"picked":"PrismaMod:IllyaFriendMaker","floor":27},{"not_picked":["PrismaMod:IllyaStunPoison","PrismaMod:IllyaInstallLancer"],"picked":"PrismaMod:IllyaPoisonBomb","floor":30},{"not_picked":["PrismaMod:IllyaFriendMaker","PrismaMod:IllyaUpgradeOrbs"],"picked":"PrismaMod:IllyaPartialInstallAssassin","floor":31},{"not_picked":["PrismaMod:IllyaUberPoisonChannel","PrismaMod:IllyaCarnivalOrbs"],"picked":"PrismaMod:IllyaUberDefendChannel","floor":33},{"not_picked":["PrismaMod:IllyaBoysLove+1","PrismaMod:IllyaBerserCAR+1"],"picked":"PrismaMod:IllyaUncommonAOEAttack+1","floor":35},{"not_picked":["PrismaMod:IllyaUncommonEvoke","PrismaMod:IllyaMinorReinForce"],"picked":"PrismaMod:IllyaDetonatingBlow+1","floor":36},{"not_picked":["PrismaMod:IllyaUncommonAttack+1","PrismaMod:IllyaUncommonEvoke+1"],"picked":"PrismaMod:IllyaRapidFire+1","floor":41},{"not_picked":["PrismaMod:IllyaCommonEvoke+1","PrismaMod:IllyaCheapChannelAttack+1"],"picked":"PrismaMod:IllyaBoysLove+1","floor":42},{"not_picked":["PrismaMod:IllyaRubysPotion+1","PrismaMod:IllyaDetonatingBlow+1"],"picked":"PrismaMod:IllyaAssassinRevenge","floor":45},{"not_picked":["PrismaMod:IllyaMinorReinForce","PrismaMod:IllyaCheapChannelDefend"],"picked":"PrismaMod:IllyaReinForce","floor":46},{"not_picked":["PrismaMod:IllyaTestament+1","PrismaMod:IllyaCheapChannelDefend"],"picked":"PrismaMod:IllyaPoisonTippedWeapons+1","floor":47},{"not_picked":["PrismaMod:IllyaAlice","PrismaMod:IllyaRubysPotion"],"picked":"PrismaMod:IllyaCheapChannelAttack+1","floor":48}],"player_experience":461981,"relics_obtained":[{"floor":5,"key":"Vajra"},{"floor":6,"key":"Ancient Tea Set"},{"floor":9,"key":"White Beast Statue"},{"floor":10,"key":"Ring of Misfortune"},{"floor":10,"key":"Ring of Panic"},{"floor":13,"key":"aspiration:HatOfInfinitePower"},{"floor":24,"key":"hubris:Reverence"},{"floor":26,"key":"Mummified Hand"},{"floor":41,"key":"Nunchaku"},{"floor":43,"key":"MealTicket"},{"floor":47,"key":"CatCart"}],"event_choices":[{"damage_healed":0,"gold_gain":0,"player_choice":"Damaged","damage_taken":7,"max_hp_gain":0,"max_hp_loss":0,"event_name":"Wheel of Change","floor":2,"gold_loss":0},{"damage_healed":66,"gold_gain":0,"player_choice":"Upgrade","damage_taken":15,"max_hp_gain":0,"max_hp_loss":75,"event_name":"betterThird:BetterShining","floor":4,"gold_loss":0,"cards_upgraded":["PrismaMod:IllyaCommonDefend","PrismaMod:IllyaCommonAttack"]},{"damage_healed":0,"gold_gain":0,"player_choice":"Copied","damage_taken":0,"max_hp_gain":0,"max_hp_loss":0,"event_name":"Duplicator","floor":19,"gold_loss":0,"cards_obtained":["PrismaMod:IllyaCarnivalPrismaAstolfo"]},{"damage_healed":0,"gold_gain":0,"player_choice":"Trade","damage_taken":0,"relics_obtained":["GremlinMask"],"max_hp_gain":0,"max_hp_loss":0,"event_name":"FaceTrader","floor":21,"gold_loss":0},{"damage_healed":0,"gold_gain":100,"player_choice":"Bet on Murderer","damage_taken":0,"max_hp_gain":0,"max_hp_loss":0,"event_name":"The Joust","floor":28,"gold_loss":50},{"damage_healed":0,"gold_gain":0,"player_choice":"Paid","damage_taken":0,"relics_obtained":["Red Mask"],"max_hp_gain":0,"max_hp_loss":0,"event_name":"Tomb of Lord Red Mask","floor":38,"gold_loss":45},{"damage_healed":0,"gold_gain":0,"player_choice":"Fight","damage_taken":0,"max_hp_gain":0,"max_hp_loss":0,"event_name":"OrinTheCat","floor":47,"gold_loss":0}],"is_beta":false,"boss_relics":[{"not_picked":["conspire:RunicOctahedron","Replay:Bronze Core"],"picked":"SlaversCollar"},{"not_picked":["aspiration:RitualDagger","Empty Cage"],"picked":"conspire:SlowCooker"}],"items_purged_floors":[],"is_endless":false,"potions_floor_spawned":[1,8,13,14,16,18,20,22,24,27,30,31,33,35,36,41,42,45,46,47,48],"ascension_level":0}}