{"host":"8by3m8mve9y2rhh4","time":1609806337,"event":{"mods":["BaseMod","Minty Spire (QoL Compilation)","Quick Restart"],"gold_per_floor":[118,135,135,150,65,99,119,144,144,163,192,30,61,79,79,180,180,192,209,228,246,265,297,297,326,326,326,226,255,81,98,98,193,193,210,260,271,271,271,271,303,303,357,383,20,34,65,79,79,79,79,79,30,56,56],"floor_reached":56,"playtime":4918,"items_purged":["Strike_G","Strike_G","Strike_G"],"score":1511,"play_id":"9eabc8cd-a8a7-48c9-ba1a-33ebc926197d","local_time":"20210105002537","is_ascension_mode":true,"campfire_choices":[{"floor":15,"key":"RECALL"},{"floor":24,"key":"REST"},{"floor":27,"key":"REST"},{"data":"Accuracy","floor":32,"key":"SMITH"},{"data":"Footwork","floor":40,"key":"SMITH"},{"data":"Footwork","floor":42,"key":"SMITH"},{"data":"Footwork","floor":49,"key":"SMITH"},{"data":"Accuracy","floor":52,"key":"SMITH"}],"circlet_count":0,"master_deck":["Strike_G","Defend_G","Defend_G","Defend_G","Defend_G","Defend_G","Survivor","Neutralize","Blur","Accuracy+1","Leg Sweep","Accuracy+1","Blade Dance","Die Die Die","Blade Dance","Footwork+1","Escape Plan","Footwork+1","Blade Dance","Dodge and Roll","Venomology","Well Laid Plans","Footwork+1","Leg Sweep+1","Phantasmal Killer","Terror+1","Parasite","Caltrops+1"],"relics":["Ring of the Snake","Orichalcum","InkBottle","Pantograph","Bottled Flame","MealTicket","SlaversCollar","Blood Vial","Juzu Bracelet","Bottled Tornado","Strawberry","Black Star","TungstenRod","Ancient Tea Set","Vajra","Lantern","Potion Belt","Ice Cream","Shuriken","Anchor","Happy Flower","Oddly Smooth Stone"],"acts_visited":["Exordium","TheCity","TheBeyond","TheEnding"],"potions_floor_usage":[3,8,18,19,23,25,29,33,33,36,37,37,44,47,50,50,54,55,55,55,55],"damage_taken":[{"damage":0,"enemies":"2 Louse","floor":1,"turns":4},{"damage":0,"enemies":"Cultist","floor":2,"turns":5},{"damage":0,"enemies":"Jaw Worm","floor":4,"turns":5},{"damage":17,"enemies":"3 Sentries","floor":6,"turns":10},{"damage":0,"enemies":"Gremlin Gang","floor":7,"turns":3},{"damage":0,"enemies":"Gremlin Nob","floor":8,"turns":2},{"damage":0,"enemies":"2 Fungi Beasts","floor":10,"turns":2},{"damage":7,"enemies":"Lagavulin","floor":11,"turns":7},{"damage":3,"enemies":"3 Sentries","floor":13,"turns":3},{"damage":0,"enemies":"3 Louse","floor":14,"turns":1},{"damage":35,"enemies":"The Guardian","floor":16,"turns":11},{"damage":10,"enemies":"2 Thieves","floor":18,"turns":4},{"damage":4,"enemies":"Chosen","floor":19,"turns":5},{"damage":14,"enemies":"Centurion and Healer","floor":20,"turns":6},{"damage":12,"enemies":"3 Cultists","floor":21,"turns":5},{"damage":5,"enemies":"Snecko","floor":22,"turns":4},{"damage":0,"enemies":"Book of Stabbing","floor":23,"turns":6},{"damage":0,"enemies":"Gremlin Leader","floor":25,"turns":8},{"damage":6,"enemies":"Book of Stabbing","floor":29,"turns":6},{"damage":3,"enemies":"Snake Plant","floor":31,"turns":7},{"damage":0,"enemies":"Automaton","floor":33,"turns":8},{"damage":23,"enemies":"3 Shapes","floor":35,"turns":8},{"damage":0,"enemies":"Mind Bloom Boss Battle","floor":36,"turns":4},{"damage":10,"enemies":"Orb Walker","floor":37,"turns":6},{"damage":9,"enemies":"Giant Head","floor":41,"turns":7},{"damage":0,"enemies":"Nemesis","floor":44,"turns":7},{"damage":2,"enemies":"4 Shapes","floor":46,"turns":10},{"damage":0,"enemies":"Giant Head","floor":47,"turns":6},{"damage":1,"enemies":"Writhing Mass","floor":48,"turns":5},{"damage":35,"enemies":"Time Eater","floor":50,"turns":8},{"damage":22,"enemies":"Shield and Spear","floor":54,"turns":5},{"damage":12,"enemies":"The Heart","floor":55,"turns":8}],"seed_played":"-8322789698312612335","potions_obtained":[{"floor":1,"key":"SteroidPotion"},{"floor":2,"key":"Ancient Potion"},{"floor":3,"key":"Fruit Juice"},{"floor":3,"key":"LiquidMemories"},{"floor":3,"key":"FairyPotion"},{"floor":10,"key":"GhostInAJar"},{"floor":23,"key":"PowerPotion"},{"floor":25,"key":"CunningPotion"},{"floor":35,"key":"LiquidMemories"},{"floor":48,"key":"PowerPotion"},{"floor":54,"key":"Strength Potion"}],"is_trial":false,"path_per_floor":["M","M","?","M","$","E","M","E","T","M","E","$","E","M","R","B",null,"M","M","M","M","M","E","R","E","T","R","$","E","$","M","R","B",null,"M","?","M","?","?","R","E","R","T","E","$","M","E","M","R","B",null,"R","$","E","B",null],"character_chosen":"THE_SILENT","items_purchased":["Accuracy","Blade Dance","Footwork","Blade Dance","PowerPotion","Ice Cream","Fire Potion","PowerPotion"],"campfire_rested":2,"item_purchase_floors":[5,5,12,12,30,45,45,53],"current_hp_per_floor":[77,77,82,82,82,65,65,65,65,65,58,58,55,55,55,45,82,72,68,54,42,37,37,61,63,63,82,82,83,89,86,86,89,89,66,89,79,79,79,79,72,72,72,74,85,83,85,84,84,50,85,85,85,63,73],"gold":56,"neow_bonus":"TEN_PERCENT_HP_BONUS","is_daily":false,"chose_seed":false,"campfire_upgraded":5,"win_rate":0.0,"timestamp":1609806337,"path_taken":["M","M","?","M","?","E","M","E","T","?","E","$","E","M","R","BOSS","M","M","M","M","?","E","R","E","T","R","$","E","$","M","R","BOSS","M","?","M","?","?","R","E","R","T","E","$","M","E","M","R","BOSS","R","$","E","BOSS"],"items_purchased_type":["Card","Card","Card","Card","Potion","Relic","Potion","Potion"],"build_version":"2020-12-22","purchased_purges":3,"victory":true,"max_hp_per_floor":[77,77,82,82,82,82,82,82,82,82,82,82,82,82,82,82,82,82,82,82,82,82,82,82,82,82,82,82,89,89,89,89,89,89,89,89,89,85,85,85,85,85,85,85,85,85,85,85,85,85,85,85,85,85,85],"card_choices":[{"not_picked":["Deflect","Backflip"],"picked":"Blur","floor":1},{"not_picked":["Underhanded Strike","All Out Attack"],"picked":"Accuracy","floor":2},{"not_picked":["Bane","Dagger Throw"],"picked":"Leg Sweep","floor":4},{"not_picked":["Slice","Caltrops"],"picked":"Die Die Die","floor":6},{"not_picked":["Skewer","Dagger Spray"],"picked":"Blade Dance","floor":7},{"not_picked":["Leg Sweep","Dodge and Roll"],"picked":"Footwork","floor":8},{"not_picked":["Blade Dance","Well Laid Plans"],"picked":"Escape Plan","floor":10},{"not_picked":["Backstab","Finisher","Eviscerate"],"picked":"SKIP","floor":11},{"not_picked":["Sucker Punch","Dagger Spray"],"picked":"Dodge and Roll","floor":13},{"not_picked":["Poisoned Stab","Dagger Spray","Bane"],"picked":"SKIP","floor":14},{"not_picked":["Grand Finale","A Thousand Cuts"],"picked":"Venomology","floor":16},{"not_picked":["Quick Slash","Dagger Spray","Deflect"],"picked":"SKIP","floor":18},{"not_picked":["Poisoned Stab","Flying Knee","Slice"],"picked":"SKIP","floor":19},{"not_picked":["Poisoned Stab","Riddle With Holes","Expertise+1"],"picked":"SKIP","floor":20},{"not_picked":["Tactician+1","Deflect"],"picked":"Well Laid Plans","floor":21},{"not_picked":["Flying Knee+1","PiercingWail","Deflect"],"picked":"SKIP","floor":22},{"not_picked":["Endless Agony","Dash"],"picked":"Footwork","floor":23},{"not_picked":["Heel Hook","Slice"],"picked":"Leg Sweep+1","floor":25},{"not_picked":["Underhanded Strike","Skewer","Flying Knee+1"],"picked":"SKIP","floor":29},{"not_picked":["Eviscerate+1","Quick Slash","Catalyst"],"picked":"SKIP","floor":31},{"not_picked":["Unload","Tools of the Trade"],"picked":"Phantasmal Killer","floor":33},{"not_picked":["Dodge and Roll","Blade Dance+1","Riddle With Holes+1"],"picked":"SKIP","floor":35},{"not_picked":["PiercingWail","Underhanded Strike","Die Die Die"],"picked":"SKIP","floor":37},{"not_picked":["Bullet Time","Flying Knee"],"picked":"Terror+1","floor":41},{"not_picked":["Slice","Prepared+1","Blade Dance"],"picked":"SKIP","floor":44},{"not_picked":["Expertise+1","Distraction","Bane"],"picked":"SKIP","floor":46},{"not_picked":["Flying Knee","Dagger Throw","Blade Dance+1"],"picked":"SKIP","floor":47},{"not_picked":["Sucker Punch","Poisoned Stab"],"picked":"Caltrops+1","floor":48},{"not_picked":["Skewer","Outmaneuver","Deflect+1"],"picked":"SKIP","floor":54}],"player_experience":649404,"relics_obtained":[{"floor":6,"key":"Orichalcum"},{"floor":8,"key":"InkBottle"},{"floor":9,"key":"Pantograph"},{"floor":11,"key":"Bottled Flame"},{"floor":13,"key":"MealTicket"},{"floor":23,"key":"Blood Vial"},{"floor":25,"key":"Juzu Bracelet"},{"floor":26,"key":"Bottled Tornado"},{"floor":29,"key":"Strawberry"},{"floor":36,"key":"TungstenRod"},{"floor":41,"key":"Ancient Tea Set"},{"floor":41,"key":"Vajra"},{"floor":44,"key":"Lantern"},{"floor":44,"key":"Potion Belt"},{"floor":47,"key":"Shuriken"},{"floor":47,"key":"Anchor"},{"floor":54,"key":"Happy Flower"},{"floor":54,"key":"Oddly Smooth Stone"}],"event_choices":[{"damage_healed":0,"gold_gain":0,"player_choice":"Got Potions","damage_taken":0,"max_hp_gain":0,"max_hp_loss":0,"event_name":"Lab","floor":3,"gold_loss":0},{"damage_healed":0,"gold_gain":0,"player_choice":"Fight","damage_taken":0,"max_hp_gain":0,"max_hp_loss":0,"event_name":"MindBloom","floor":36,"gold_loss":0},{"damage_healed":0,"gold_gain":0,"player_choice":"Max HP","damage_taken":0,"max_hp_gain":0,"max_hp_loss":4,"event_name":"Winding Halls","floor":38,"gold_loss":0},{"cards_removed":["Strike_G"],"damage_healed":0,"gold_gain":0,"player_choice":"Removed Attack","damage_taken":0,"max_hp_gain":0,"max_hp_loss":0,"event_name":"Falling","floor":39,"gold_loss":0}],"is_beta":false,"boss_relics":[{"not_picked":["SacredBark","Velvet Choker"],"picked":"SlaversCollar"},{"not_picked":["Tiny House","Cursed Key"],"picked":"Black Star"}],"items_purged_floors":[12,28,30],"is_endless":false,"potions_floor_spawned":[1,2,7,10,11,21,22,23,25,29,31,35,46,48,54],"ascension_level":1}}