{"host":"qswkx8hggytna0kc","time":1609819178,"event":{"mods":["Aspiration","BaseMod","BetterRewards","Colored Map","Colored Powertips","Highlight Path","Hubris","Mimic Mod","Minty Spire (QoL Compilation)","Quick Restart","Replay The Spire","StSLib","SuperFastMode"],"gold_per_floor":[118,138,148,148,161,193,193,222,222,222,242,253,253,264,264,363,363,378,398,411,411,411,411],"floor_reached":22,"playtime":770,"items_purged":[],"score":275,"play_id":"8f4eb5bf-0d45-48a6-a27d-e0d9a73bfd00","local_time":"20210105115938","is_ascension_mode":true,"campfire_choices":[{"data":"Defragment","floor":7.0,"key":"SMITH"},{"data":"Zap","floor":13.0,"key":"SMITH"},{"data":"Crystallizer","floor":15.0,"key":"SMITH"}],"circlet_count":0,"master_deck":["Strike_B","Strike_B","Strike_B","Strike_B","Defend_B","Defend_B","Defend_B","Defend_B","Zap+1","Dualcast","Steam","Defragment+1","Chill","Scrape","Time Bomb","Crystallizer+1","Seek","Defragment","Tempest","Redo"],"relics":["Cracked Core","aspiration:Nostalgia","Sizzling Blood","Pen Nib","hubris:BallOfYels","Snack Pack","Pear","hubris:Towel","hubris:HollowSoul"],"acts_visited":["Exordium","TheCity"],"potions_floor_usage":[16],"damage_taken":[{"damage":4.0,"enemies":"Small Slimes","floor":1.0,"turns":3.0},{"damage":0.0,"enemies":"2 Louse","floor":2.0,"turns":2.0},{"damage":1.0,"enemies":"Cultist","floor":3.0,"turns":4.0},{"damage":0.0,"enemies":"2 Fungi Beasts","floor":5.0,"turns":4.0},{"damage":16.0,"enemies":"3 Sentries","floor":6.0,"turns":12.0},{"damage":16.0,"enemies":"Lagavulin","floor":8.0,"turns":6.0},{"damage":0.0,"enemies":"3 Louse","floor":11.0,"turns":4.0},{"damage":0.0,"enemies":"Looter","floor":12.0,"turns":3.0},{"damage":4.0,"enemies":"Lots of Slimes","floor":14.0,"turns":4.0},{"damage":23,"enemies":"Hexaghost","floor":16,"turns":6},{"damage":23,"enemies":"3 Byrds","floor":18,"turns":4},{"damage":23,"enemies":"2 Thieves","floor":19,"turns":4},{"damage":18,"enemies":"Centurion and Healer","floor":20,"turns":7},{"damage":21,"enemies":"Shelled Parasite and Fungi","floor":22,"turns":2}],"seed_played":"1544657749979340412","potions_obtained":[{"floor":5.0,"key":"Cursed Concoction"},{"floor":6.0,"key":"Adrenaline Potion"},{"floor":12.0,"key":"FocusPotion"},{"floor":14.0,"key":"SpeedPotion"},{"floor":20,"key":"Explosive Potion"}],"is_trial":false,"path_per_floor":["M","M","M","?","M","E","R","E","T","?","M","M","R","M","R","B",null,"M","M","M","?","M"],"character_chosen":"DEFECT","items_purchased":[],"campfire_rested":0,"item_purchase_floors":[],"current_hp_per_floor":[79,79,79,76,79,67,67,55,65,65,69,75,75,75,75,56,81,62,45,31,14,0,0],"gold":411,"neow_bonus":"NOSTALGIA","is_daily":false,"chose_seed":false,"campfire_upgraded":3,"win_rate":0.0,"timestamp":1609819178,"path_taken":["M","M","M","?","M","E","R","E","T","?","M","M","R","M","R","BOSS","M","M","M","?","M"],"items_purchased_type":[],"build_version":"2020-12-22","purchased_purges":0,"victory":false,"max_hp_per_floor":[79,79,79,79,79,79,79,79,89,89,89,89,89,89,89,89,89,89,89,89,94,94,94],"card_choices":[{"not_picked":["Rebound","Panic Button"],"picked":"Steam","floor":1.0},{"not_picked":["Recycle","Coolheaded"],"picked":"Defragment","floor":2.0},{"not_picked":["Turbo","Compile Driver"],"picked":"Chill","floor":3.0},{"not_picked":["Sweeping Beam","Turbo","Hologram"],"picked":"SKIP","floor":5.0},{"not_picked":["hubris:Ukulele","Turbo"],"picked":"Scrape","floor":6.0},{"not_picked":["Aggregate","Barrage","Lockon"],"picked":"SKIP","floor":8.0},{"not_picked":["Rebound","Compile Driver"],"picked":"Time Bomb","floor":11.0},{"not_picked":["Heatsinks","Rebound","ReplayRNGCard"],"picked":"SKIP","floor":12.0},{"not_picked":["Leap","BootSequence"],"picked":"Crystallizer","floor":14.0},{"not_picked":["Amplify","hubris:DoWhile"],"picked":"Seek","floor":16},{"not_picked":["Storm","Stack"],"picked":"Defragment","floor":18},{"not_picked":["Turbo","Leap"],"picked":"Tempest","floor":19},{"not_picked":["Steam","Chaos"],"picked":"Redo","floor":20}],"player_experience":219001,"relics_obtained":[{"floor":6.0,"key":"hubris:BallOfYels"},{"floor":8.0,"key":"Snack Pack"},{"floor":9.0,"key":"Pear"}],"event_choices":[{"damage_healed":0.0,"max_hp_gain":0.0,"max_hp_loss":0.0,"gold_gain":0.0,"event_name":"Scrap Ooze","player_choice":"Success","floor":4.0,"gold_loss":0.0,"damage_taken":3.0,"relics_obtained":["Pen Nib"]},{"damage_healed":0,"gold_gain":0,"player_choice":"Shed Blood","damage_taken":22,"max_hp_gain":5,"max_hp_loss":0,"event_name":"Forgotten Altar","floor":21,"gold_loss":0}],"is_beta":false,"boss_relics":[{"not_picked":["aspiration:RandomNobGenerator","Pandora\u0027s Box"],"picked":"hubris:HollowSoul"}],"items_purged_floors":[],"is_endless":false,"potions_floor_spawned":[5,6,12,14,20],"killed_by":"Shelled Parasite and Fungi","ascension_level":5}}