{"host":"y89x8uui45kcjy42","time":1609818787,"event":{"mods":["2.2 Compatiblity","BaseMod","CapriCore","Colored Map","Colored Powertips","Custom Start","Friendly Minions","Keyboard Shortcuts","Lobotomy","Minty Spire (QoL Compilation)","Relic Stats","Slay the Relics Exporter","StSLib","SuperFastMode","Uncapped"],"gold_per_floor":[118,293,293,293,311,311,329,360,409,434,494,513,513,531,531,626,626,637,637,330,330,82,82,93,93,93],"floor_reached":25,"playtime":743,"items_purged":["Parasite","Parasite"],"score":235,"play_id":"187dd24d-34b4-4a19-831b-b12f9f17dcf9","local_time":"20210105125307","is_ascension_mode":true,"campfire_choices":[{"data":"Carnage","floor":6,"key":"SMITH"},{"data":"Disarm","floor":15,"key":"SMITH"},{"data":"Barricade","floor":23,"key":"SMITH"}],"circlet_count":0,"master_deck":["Bash","Sentinel+1","Carnage+1","OldLady","Ghostly Armor","WhitesApple","VoidDream","Entrench","CherryBlossoms","Sword Boomerang+1","Parasite","Laetitia","Clothesline+1","Parasite","BigBadWolf","Disarm+1","OSAHOGD","Fiend Fire+1","Barricade+1","Reaper+1","Bloodletting","Metallicize","Armaments+1","Double Tap+1","Uppercut+1","Wild Strike+1","Feed+1","Parasite","Freischutz","J.A.X.","Sever Soul+1","Writhe","CENSORED"],"relics":["Burning Blood","CogitoBucket","Omamori","Potion Belt","Odd Mushroom","Molten Egg 2","ResearcherNote","Bird Faced Urn","Pandora\u0027s Box","Vajra","Bag of Preparation","War Paint"],"acts_visited":["Exordium","TheCity"],"potions_floor_usage":[8,14,16,16],"damage_taken":[{"damage":0,"enemies":"Small Slimes","floor":1,"turns":3},{"damage":6,"enemies":"Cultist","floor":5,"turns":3},{"damage":0,"enemies":"2 Louse","floor":7,"turns":3},{"damage":0,"enemies":"Gremlin Nob","floor":8,"turns":2},{"damage":22,"enemies":"The Mushroom Lair","floor":10,"turns":4},{"damage":29,"enemies":"Gremlin Nob","floor":11,"turns":5},{"damage":32,"enemies":"Blue Slaver","floor":12,"turns":4},{"damage":17,"enemies":"3 Louse","floor":14,"turns":3},{"damage":13,"enemies":"Hexaghost","floor":16,"turns":9},{"damage":30,"enemies":"2 Thieves","floor":18,"turns":3},{"damage":23,"enemies":"Shell Parasite","floor":24,"turns":3},{"damage":58,"enemies":"Shelled Parasite and Fungi","floor":25,"turns":4}],"seed_played":"4714903278579207226","potions_obtained":[{"floor":1,"key":"ElixirPotion"},{"floor":7,"key":"DuplicationPotion"},{"floor":12,"key":"BloodPotion"},{"floor":14,"key":"Fire Potion"}],"is_trial":false,"path_per_floor":["M","?","?","?","M","R","M","E","T","?","?","M","?","M","R","B",null,"M","?","$","?","$","R","M","M"],"character_chosen":"IRONCLAD","items_purchased":["Vajra","Sever Soul+1","War Paint"],"campfire_rested":0,"item_purchase_floors":[20,20,22],"current_hp_per_floor":[80,80,64,80,80,80,80,80,80,64,41,15,8,13,13,7,80,74,74,74,74,74,74,57,66,66],"gold":93,"neow_bonus":"","is_daily":false,"chose_seed":false,"campfire_upgraded":3,"win_rate":0.0,"timestamp":1609818787,"path_taken":["M","?","?","?","?","R","M","E","T","?","?","M","?","M","R","BOSS","M","?","$","?","?","R","?","M"],"items_purchased_type":["Relic","Card","Relic"],"build_version":"2020-12-22","purchased_purges":2,"victory":false,"max_hp_per_floor":[80,80,80,80,80,80,80,80,80,80,80,80,80,80,80,80,80,80,80,77,77,74,74,74,74,74],"relic_stats":{"counters":[14,48],"Bird Faced Urn":[0],"Pandora\u0027s Box":["Barricade","Reaper","Bloodletting","Metallicize","Armaments","Double Tap","Uppercut","Wild Strike","Feed"],"Bag of Preparation":[4],"War Paint":["Armaments","Double Tap"],"obtain_stats":[{"Potion Belt":8,"CogitoBucket":0,"Bird Faced Urn":13,"Vajra":20,"Molten Egg 2":11,"ResearcherNote":12,"Pandora\u0027s Box":17,"Omamori":2,"Bag of Preparation":21,"Odd Mushroom":10,"War Paint":22,"Burning Blood":0},{"Potion Belt":4,"CogitoBucket":0,"Bird Faced Urn":8,"Vajra":11,"Molten Egg 2":6,"ResearcherNote":8,"Pandora\u0027s Box":10,"Omamori":1,"Bag of Preparation":11,"Odd Mushroom":5,"War Paint":11,"Burning Blood":0},{"Potion Belt":11,"CogitoBucket":0,"Bird Faced Urn":25,"Vajra":40,"Molten Egg 2":20,"ResearcherNote":25,"Pandora\u0027s Box":37,"Omamori":3,"Bag of Preparation":40,"Odd Mushroom":15,"War Paint":40,"Burning Blood":0}],"Burning Blood":48},"card_choices":[{"not_picked":["VoidDream","OldLady"],"picked":"LittleHelper","floor":1},{"not_picked":["Perfected Strike","Warcry"],"picked":"Sentinel","floor":1},{"not_picked":["Dark Embrace","Power Through"],"picked":"Carnage","floor":5},{"not_picked":["UniverseFragment","FairyFestival"],"picked":"OldLady","floor":7},{"not_picked":["Heavy Blade","Pummel"],"picked":"Ghostly Armor","floor":7},{"not_picked":["MHz","WallGazer"],"picked":"WhitesApple","floor":8},{"not_picked":["Whirlwind","Clash","Power Through"],"picked":"SKIP","floor":8},{"not_picked":["CrumblingArmor","UniverseFragment"],"picked":"VoidDream","floor":10},{"not_picked":["Wild Strike","Corruption"],"picked":"Entrench","floor":10},{"not_picked":["Rudolta","WallGazer"],"picked":"CherryBlossoms","floor":11},{"not_picked":["Reckless Charge+1","Battle Trance"],"picked":"Sword Boomerang+1","floor":11},{"not_picked":["Porccubus","BeautyBeast"],"picked":"Laetitia","floor":12},{"not_picked":["Power Through","Perfected Strike+1"],"picked":"Clothesline+1","floor":12},{"not_picked":["Funeral","Scarecrow"],"picked":"BigBadWolf","floor":14},{"not_picked":["Perfected Strike+1","True Grit"],"picked":"Disarm","floor":14},{"not_picked":["Rudolta","SpiderBud"],"picked":"OSAHOGD","floor":16},{"not_picked":["Feed+1","Demon Form"],"picked":"Fiend Fire+1","floor":16},{"not_picked":["NakedNest","RedShoes"],"picked":"Freischutz","floor":18},{"not_picked":["Reckless Charge+1","Headbutt+1","Ghostly Armor"],"picked":"SKIP","floor":18},{"not_picked":["Murderer","LaLuna"],"picked":"CENSORED","floor":24},{"not_picked":["Anger+1","Flex","Iron Wave+1"],"picked":"SKIP","floor":24}],"player_experience":569921,"relics_obtained":[{"floor":8,"key":"Potion Belt"},{"floor":10,"key":"Odd Mushroom"},{"floor":11,"key":"Molten Egg 2"}],"event_choices":[{"damage_healed":0,"gold_gain":175,"player_choice":"AGREE","damage_taken":0,"max_hp_gain":0,"max_hp_loss":0,"event_name":"Liars Game","floor":2,"gold_loss":0,"cards_obtained":["Doubt"]},{"damage_healed":0,"gold_gain":0,"player_choice":"Entered Light","damage_taken":16,"max_hp_gain":0,"max_hp_loss":0,"event_name":"Shining Light","floor":3,"gold_loss":0,"cards_upgraded":["Defend_R","Sentinel"]},{"cards_removed":["LittleHelper"],"damage_healed":16,"gold_gain":0,"player_choice":"Offered Uncommon","damage_taken":0,"max_hp_gain":0,"max_hp_loss":0,"event_name":"Bonfire Elementals","floor":4,"gold_loss":0},{"damage_healed":0,"gold_gain":0,"player_choice":"Fought Mushrooms","damage_taken":0,"max_hp_gain":0,"max_hp_loss":0,"event_name":"Mushrooms","floor":10,"gold_loss":0},{"damage_healed":0,"gold_gain":30,"player_choice":"Searched \u00272\u0027 times","damage_taken":0,"max_hp_gain":0,"max_hp_loss":0,"event_name":"Dead Adventurer","floor":11,"gold_loss":0},{"damage_healed":0,"gold_gain":0,"player_choice":"Success","damage_taken":7,"relics_obtained":["Bird Faced Urn"],"max_hp_gain":0,"max_hp_loss":0,"event_name":"Scrap Ooze","floor":13,"gold_loss":0},{"damage_healed":0,"gold_gain":0,"player_choice":"Obtain J.A.X.","damage_taken":0,"max_hp_gain":0,"max_hp_loss":0,"event_name":"Drug Dealer","floor":19,"gold_loss":0,"cards_obtained":["J.A.X."]},{"damage_healed":0,"gold_gain":0,"player_choice":"Opened","damage_taken":0,"relics_obtained":["Bag of Preparation"],"max_hp_gain":0,"max_hp_loss":0,"event_name":"The Mausoleum","floor":21,"gold_loss":0,"cards_obtained":["Writhe"]}],"is_beta":false,"boss_relics":[{"not_picked":["Black Star","Snecko Eye"],"picked":"Pandora\u0027s Box"}],"items_purged_floors":[20,22],"is_endless":false,"potions_floor_spawned":[1,7,12,14],"killed_by":"Shelled Parasite and Fungi","ascension_level":1}}