{"host":"hwdg34753f7m8ow2","time":1609867833,"event":{"mods":["AchievementEnabler","BaseMod","Koishi","Marisa????????","Minty Spire (QoL Compilation)","Permanent Neow","Quick Restart","Shop Mod","StSLib","The Senshi","The Servant 0.9.4"],"gold_per_floor":[117,117,192,28,28,28,68,94,117,117,117],"floor_reached":10,"playtime":283,"items_purged":[],"score":74,"play_id":"8e868aac-210c-4081-8c0e-e57612dde414","local_time":"20210105103033","is_ascension_mode":true,"campfire_choices":[{"data":"1","floor":6,"key":"LIFT"}],"circlet_count":0,"master_deck":["theSenshi:SailorKick","theSenshi:SailorKick","theSenshi:SailorKick","theSenshi:SailorKick","theSenshi:SailorBlock","theSenshi:SailorBlock","theSenshi:SailorBlock","theSenshi:SailorBlock","theSenshi:RoseThrow","theSenshi:MoonPrismPowerMakeUp","Writhe","theSenshi:TallSilhouette","HandOfGreed","theSenshi:SailorMarsAssists"],"relics":["theSenshi:TransformationBroochRelic","Girya","Potion Belt","Bag of Preparation"],"acts_visited":["Exordium"],"potions_floor_usage":[],"damage_taken":[{"damage":0,"enemies":"2 Louse","floor":1,"turns":4},{"damage":6,"enemies":"Jaw Worm","floor":7,"turns":4},{"damage":43,"enemies":"3 Sentries","floor":8,"turns":13},{"damage":24,"enemies":"Gremlin Nob","floor":10,"turns":3}],"seed_played":"-6844756008408741546","potions_obtained":[{"floor":8,"key":"EssenceOfSteel"}],"is_trial":false,"path_per_floor":["M","?","?","$","?","R","M","E","T","E"],"character_chosen":"THE_SENSHI","items_purchased":["HandOfGreed"],"campfire_rested":0,"item_purchase_floors":[4],"current_hp_per_floor":[75,80,69,69,69,69,63,20,20,0,0],"gold":117,"neow_bonus":"ONE_RARE_RELIC","is_daily":false,"chose_seed":false,"campfire_upgraded":0,"win_rate":0.0,"timestamp":1609867833,"path_taken":["M","?","?","?","?","R","?","E","T","E"],"items_purchased_type":["Card"],"build_version":"2020-12-22","purchased_purges":0,"victory":false,"max_hp_per_floor":[75,80,80,80,80,80,80,80,80,80,80],"card_choices":[{"not_picked":["theSenshi:MoonPrincessHalation","theSenshi:LunaWiseMentor"],"picked":"theSenshi:TallSilhouette","floor":1},{"not_picked":["theSenshi:Overload","theSenshi:KlutzyLuck"],"picked":"theSenshi:SailorMarsAssists","floor":7},{"not_picked":["theSenshi:MoonsReflection","theSenshi:LateForSchool","theSenshi:DramaticEntrance"],"picked":"SKIP","floor":8}],"player_experience":724641,"relics_obtained":[{"floor":8,"key":"Potion Belt"},{"floor":9,"key":"Bag of Preparation"}],"event_choices":[{"damage_healed":0,"gold_gain":0,"player_choice":"Donut","damage_taken":0,"max_hp_gain":5,"max_hp_loss":0,"event_name":"Big Fish","floor":2,"gold_loss":0},{"damage_healed":0,"gold_gain":75,"player_choice":"Gather Gold","damage_taken":11,"max_hp_gain":0,"max_hp_loss":0,"event_name":"World of Goop","floor":3,"gold_loss":0},{"damage_healed":0,"gold_gain":0,"player_choice":"Ignored","damage_taken":0,"max_hp_gain":0,"max_hp_loss":0,"event_name":"WeMeetAgain","floor":5,"gold_loss":0}],"is_beta":false,"boss_relics":[],"items_purged_floors":[],"is_endless":false,"potions_floor_spawned":[8],"killed_by":"Gremlin Nob","ascension_level":3}}