{"host":"u4pncpybdtxxvw4r","time":1609888632,"event":{"mods":["AchievementEnabler","BaseMod","Block Reminder","Colored Powertips","Downfall","Marisa£®ÏF”Í°°ƒß¿Ì…≥£©","Minty Spire (QoL Compilation)","Permanent Neow","Potion Indicator Mod","Rare Cards Sparkle","StSLib","SuperFastMode"],"gold_per_floor":[111,15,28,41,41,41,68,68,68,68,68,87,107,107,107,209,209,220,220,220,235,235,235,235],"floor_reached":23,"playtime":762,"items_purged":[],"score":189,"play_id":"cdbdeaf3-ea78-48cc-8bbc-a895fbfca086","local_time":"20210106071712","is_ascension_mode":false,"campfire_choices":[{"floor":6,"key":"REST"},{"data":"Noxious Fumes","floor":8,"key":"SMITH"},{"floor":15,"key":"REST"}],"circlet_count":0,"master_deck":["Strike_G+1","Strike_G+1","Strike_G+1","Strike_G+1","Defend_G+1","Defend_G+1","Defend_G+1","Defend_G+1","Defend_G+1","Survivor","Neutralize","Noxious Fumes+1","Noxious Fumes","Deadly Poison","Footwork","Leg Sweep","Slice","Escape Plan","Tools of the Trade","Poisoned Stab+1","Deflect"],"relics":["Ring of the Snake","Snake Skull","Du-Vu Doll","Unceasing Top","Black Star","FaceOfCleric"],"acts_visited":["Exordium","TheCity"],"potions_floor_usage":[16],"damage_taken":[{"damage":1.0,"enemies":"Cultist","floor":1.0,"turns":4.0},{"damage":5,"enemies":"Jaw Worm","floor":3,"turns":4},{"damage":5,"enemies":"Small Slimes","floor":4,"turns":4},{"damage":14,"enemies":"3 Sentries","floor":7,"turns":6},{"damage":0,"enemies":"Blue Slaver","floor":12,"turns":4},{"damage":9,"enemies":"Red Slaver","floor":13,"turns":4},{"damage":26,"enemies":"The Guardian","floor":16,"turns":8},{"damage":14,"enemies":"Chosen","floor":18,"turns":5},{"damage":20,"enemies":"2 Thieves","floor":21,"turns":5},{"damage":51,"enemies":"Slavers","floor":23,"turns":3}],"seed_played":"-8197531391394119441","potions_obtained":[{"floor":1.0,"key":"Strength Potion"},{"floor":12,"key":"PowerPotion"}],"is_trial":false,"path_per_floor":["M","$","M","M","?","R","E","R","T","?","$","M","M","?","R","B",null,"M","?","?","M","?","E"],"character_chosen":"THE_SILENT","items_purchased":["Noxious Fumes","Deadly Poison"],"campfire_rested":2,"item_purchase_floors":[2,2],"current_hp_per_floor":[69,69,64,59,52,70,56,56,56,49,49,49,40,40,61,35,70,56,70,70,50,50,0,0],"gold":235,"neow_bonus":"RANDOM_COMMON_RELIC","is_daily":false,"chose_seed":false,"campfire_upgraded":1,"win_rate":0.0,"timestamp":1609888632,"path_taken":["M","$","?","M","?","R","E","R","T","?","?","?","M","?","R","BOSS","M","?","?","M","?","E"],"items_purchased_type":["Card","Card"],"build_version":"2020-12-22","purchased_purges":0,"victory":false,"max_hp_per_floor":[70,70,70,70,70,70,70,70,70,70,70,70,70,70,70,70,70,70,70,70,70,70,70,70],"card_choices":[{"not_picked":["Blur","Poisoned Stab"],"picked":"Noxious Fumes","floor":1.0},{"not_picked":["Deadly Poison","Slice"],"picked":"Footwork","floor":3},{"not_picked":["PiercingWail","Dagger Throw"],"picked":"Leg Sweep","floor":4},{"not_picked":["Unload","Skewer"],"picked":"Slice","floor":7},{"not_picked":["Prepared","Predator"],"picked":"Escape Plan","floor":12},{"not_picked":["PiercingWail","Underhanded Strike","Slice"],"picked":"SKIP","floor":13},{"not_picked":["Unload","Phantasmal Killer"],"picked":"Tools of the Trade","floor":16},{"not_picked":["Deflect","Terror"],"picked":"Poisoned Stab+1","floor":18},{"not_picked":["Dagger Throw","Dash"],"picked":"Deflect","floor":21}],"player_experience":44521,"relics_obtained":[{"floor":7,"key":"Unceasing Top"}],"event_choices":[{"damage_healed":0,"gold_gain":0,"player_choice":"Success","damage_taken":7,"relics_obtained":["Du-Vu Doll"],"max_hp_gain":0,"max_hp_loss":0,"event_name":"Scrap Ooze","floor":5,"gold_loss":0},{"cards_removed":["Strike_G"],"damage_healed":0,"gold_gain":0,"player_choice":"Card Removal","damage_taken":7,"max_hp_gain":0,"max_hp_loss":0,"event_name":"Golden Wing","floor":10,"gold_loss":0},{"damage_healed":0,"gold_gain":0,"player_choice":"Ignored","damage_taken":0,"max_hp_gain":0,"max_hp_loss":0,"event_name":"Liars Game","floor":14,"gold_loss":0},{"damage_healed":23,"gold_gain":0,"player_choice":"Heal","damage_taken":0,"max_hp_gain":0,"max_hp_loss":0,"event_name":"The Library","floor":19,"gold_loss":0},{"damage_healed":0,"gold_gain":0,"player_choice":"Simplicity","damage_taken":0,"max_hp_gain":0,"max_hp_loss":0,"event_name":"Back to Basics","floor":20,"gold_loss":0,"cards_upgraded":["Strike_G","Strike_G","Strike_G","Strike_G","Defend_G","Defend_G","Defend_G","Defend_G","Defend_G"]},{"damage_healed":0,"gold_gain":0,"player_choice":"Trade","damage_taken":0,"relics_obtained":["FaceOfCleric"],"max_hp_gain":0,"max_hp_loss":0,"event_name":"FaceTrader","floor":22,"gold_loss":0}],"is_beta":false,"boss_relics":[{"not_picked":["Astrolabe","Philosopher\u0027s Stone"],"picked":"Black Star"}],"items_purged_floors":[],"is_endless":false,"potions_floor_spawned":[1,12],"killed_by":"Slavers","ascension_level":0}}