{"host":"0v07cr0k93jhgkpm","time":1609834441,"event":{"mods":["BaseMod","Colored Map","DeckTracker","Minty Spire (QoL Compilation)","Quick Restart","SuperFastMode"],"gold_per_floor":[111,126,19,32,45,45,57,91,115,143,143,143,68,80,80,80,80],"floor_reached":16,"playtime":441,"items_purged":["Defend_B"],"score":224,"play_id":"5b43fc76-3d13-4bda-b606-6201d623f79a","local_time":"20210105171401","is_ascension_mode":true,"campfire_choices":[{"data":"Zap","floor":6.0,"key":"SMITH"},{"data":"Buffer","floor":11.0,"key":"SMITH"},{"floor":15,"key":"REST"}],"circlet_count":0,"master_deck":["AscendersBane","Strike_B","Strike_B","Strike_B","Strike_B","Defend_B","Defend_B","Defend_B","Zap+1","Dualcast","Core Surge","Cold Snap","Coolheaded","Self Repair","Compile Driver","Buffer+1","Leap","Conserve Battery","Steam Power","Genetic Algorithm"],"relics":["Cracked Core","Darkstone Periapt","Tiny Chest","Akabeko"],"acts_visited":["Exordium"],"potions_floor_usage":[16],"damage_taken":[{"damage":1.0,"enemies":"Cultist","floor":1.0,"turns":3.0},{"damage":0.0,"enemies":"Small Slimes","floor":2.0,"turns":3.0},{"damage":10.0,"enemies":"Jaw Worm","floor":4.0,"turns":4.0},{"damage":13.0,"enemies":"Looter","floor":5.0,"turns":3.0},{"damage":2.0,"enemies":"Red Slaver","floor":7.0,"turns":4.0},{"damage":8.0,"enemies":"Gremlin Nob","floor":8.0,"turns":4.0},{"damage":25.0,"enemies":"Lagavulin","floor":10.0,"turns":7.0},{"damage":8,"enemies":"Blue Slaver","floor":14,"turns":3},{"damage":41,"enemies":"The Guardian","floor":16,"turns":15}],"seed_played":"-7545537752395225821","potions_obtained":[{"floor":2.0,"key":"EssenceOfDarkness"},{"floor":8.0,"key":"LiquidBronze"},{"floor":10.0,"key":"Strength Potion"},{"floor":14,"key":"Block Potion"}],"is_trial":false,"path_per_floor":["M","M","$","M","M","R","M","E","T","E","R","?","$","M","R","B"],"character_chosen":"DEFECT","items_purchased":["Self Repair","Compile Driver"],"campfire_rested":1,"item_purchase_floors":[3,3],"current_hp_per_floor":[63,63,63,60,47,47,45,44,44,19,19,19,19,18,39,0,0],"gold":80,"neow_bonus":"ONE_RANDOM_RARE_CARD","is_daily":false,"chose_seed":false,"campfire_upgraded":2,"win_rate":0.0,"timestamp":1609834441,"path_taken":["M","M","?","M","M","R","?","E","T","E","R","?","$","M","R","BOSS"],"items_purchased_type":["Card","Card"],"build_version":"2020-12-22","purchased_purges":1,"victory":false,"max_hp_per_floor":[71,71,71,71,71,71,71,71,71,71,71,71,71,71,71,71,71],"card_choices":[{"not_picked":["Turbo","Beam Cell"],"picked":"Cold Snap","floor":1.0},{"not_picked":["Hologram","Barrage"],"picked":"Coolheaded","floor":2.0},{"not_picked":["Hologram","Sweeping Beam"],"picked":"Buffer","floor":4.0},{"not_picked":["Reprogram","Heatsinks"],"picked":"Leap","floor":5.0},{"not_picked":["Barrage","Steam"],"picked":"Conserve Battery","floor":7.0},{"not_picked":["Static Discharge","Reinforced Body"],"picked":"Steam Power","floor":8.0},{"not_picked":["Reprogram","Doom and Gloom"],"picked":"Genetic Algorithm","floor":10.0},{"not_picked":["Rebound","Redo","Doom and Gloom"],"picked":"SKIP","floor":14}],"player_experience":2477586,"relics_obtained":[{"floor":8.0,"key":"Darkstone Periapt"},{"floor":9.0,"key":"Tiny Chest"},{"floor":10.0,"key":"Akabeko"}],"event_choices":[{"damage_healed":0,"gold_gain":0,"player_choice":"Searched \u00270\u0027 times","damage_taken":0,"max_hp_gain":0,"max_hp_loss":0,"event_name":"Dead Adventurer","floor":12,"gold_loss":0}],"is_beta":false,"boss_relics":[],"items_purged_floors":[13],"is_endless":false,"potions_floor_spawned":[2,8,10,14],"killed_by":"The Guardian","ascension_level":20}}