{"host":"mfnyjbfkyfsz33u9","time":1609857331,"event":{"mods":["2.2 Compatiblity","BaseMod","Colored Powertips","Downfall","Marisa£¨Ùöéë¡¡Øª×âÞÞ£©","Minty Spire (QoL Compilation)","Rare Cards Sparkle","Replay The Spire","StSLib","SuperFastMode","The Cursed"],"gold_per_floor":[115,29,29,29,39,67,22,55,78,90,265,35,45,79,79,175,175,188,188,202,162,177,177,188,207,207,236,236,262,184,200,200,298,348,366,366,17,28,44,44,44,75,149,199,215,233,249,266,266,266],"floor_reached":51,"playtime":2007,"items_purged":["Doubt"],"score":914,"play_id":"f38536e3-2476-487a-9f50-189fd2151dab","local_time":"20210105233531","is_ascension_mode":false,"campfire_choices":[{"data":"Zap","floor":15,"key":"SMITH"},{"data":"BasicCrystalCard","floor":23,"key":"SMITH"},{"data":"Fission","floor":28,"key":"SMITH"},{"data":"Ghostly","floor":32,"key":"SMITH"},{"data":"Double Energy","floor":40,"key":"SMITH"},{"data":"Chill","floor":49,"key":"SMITH"}],"circlet_count":0,"master_deck":["Strike_B","Strike_B","Strike_B","Strike_B","Defend_B","Defend_B+1","Defend_B","Zap+1","Dualcast","Capacitor","BasicCrystalCard+1","Crystallizer","Barrage","Chill+1","Panic Button","Cold Snap","ReplayTheSpireMod:Calculation Training","White Noise","Fission+1","Steam+1","Ghostly+1","Ghostly","Ghostly+1","Ghostly","Ghostly","ReplaySort","Barrage+1","Storm","Double Energy+1","Conserve Battery","Time Bomb","Mirror Shield","ReplayRNGCard","Coolheaded","Tempest+1","FIFO Queue+1","Bandage Up","Double Energy+1","Glacier"],"relics":["Cracked Core","NeowsBlessing","Toy Ornithopter","Vajra","Blood Vial","ClockworkSouvenir","Molten Egg 2","Runic Pyramid","Bottled Flame","Mummified Hand","Pen Nib","Tiny House","Pondfish Scales","Darkstone Periapt","Mango"],"acts_visited":["Exordium","TheCity","TheBeyond"],"potions_floor_usage":[8,14,21,22,35,39,50,50,50],"damage_taken":[{"damage":0,"enemies":"Small Slimes","floor":1,"turns":1},{"damage":0,"enemies":"Cultist","floor":5,"turns":1},{"damage":0,"enemies":"Lagavulin","floor":6,"turns":1},{"damage":27,"enemies":"Gremlin Nob","floor":8,"turns":4},{"damage":2,"enemies":"2 Louse","floor":10,"turns":2},{"damage":19,"enemies":"Exordium Thugs","floor":13,"turns":5},{"damage":15,"enemies":"Lagavulin","floor":14,"turns":7},{"damage":21,"enemies":"Slime Boss","floor":16,"turns":10},{"damage":14,"enemies":"3 Byrds","floor":18,"turns":6},{"damage":2,"enemies":"Spheric Guardian","floor":20,"turns":6},{"damage":9,"enemies":"Chosen and Byrds","floor":22,"turns":8},{"damage":0,"enemies":"Cultist and Chosen","floor":24,"turns":6},{"damage":1,"enemies":"Sentry and Sphere","floor":25,"turns":6},{"damage":1,"enemies":"Slavers","floor":27,"turns":7},{"damage":0,"enemies":"Book of Stabbing","floor":29,"turns":6},{"damage":8,"enemies":"Snake Plant","floor":31,"turns":5},{"damage":34,"enemies":"Collector","floor":33,"turns":10},{"damage":2,"enemies":"Orb Walker","floor":35,"turns":4},{"damage":3,"enemies":"3 Darklings","floor":38,"turns":5},{"damage":1,"enemies":"Jaw Worm Horde","floor":39,"turns":5},{"damage":0,"enemies":"Nemesis","floor":42,"turns":6},{"damage":0,"enemies":"Mind Bloom Boss Battle","floor":44,"turns":5},{"damage":0,"enemies":"Spire Growth","floor":45,"turns":6},{"damage":2,"enemies":"Transient","floor":46,"turns":5},{"damage":0,"enemies":"Maw","floor":47,"turns":6},{"damage":0,"enemies":"Spire Growth","floor":48,"turns":5},{"damage":0,"enemies":"Donu and Deca","floor":50,"turns":9}],"seed_played":"4665976729004468120","potions_obtained":[{"floor":1,"key":"BlessingOfTheForge"},{"floor":13,"key":"SneckoOil"},{"floor":21,"key":"Fruit Juice"},{"floor":21,"key":"PowerPotion"},{"floor":21,"key":"Venom Potion"},{"floor":29,"key":"SpeedPotion"},{"floor":33,"key":"SteroidPotion"},{"floor":35,"key":"LiquidBronze"},{"floor":39,"key":"BlessingOfTheForge"},{"floor":46,"key":"PotionOfCapacity"}],"is_trial":false,"path_per_floor":["M","$","?","?","M","E","$","E","T","M","?","$","M","E","R","B",null,"M","?","M","?","M","R","M","M","T","E","R","E","$","M","R","B",null,"M","?","$","M","M","R","?","E","T","?","M","M","M","M","R","B",null],"character_chosen":"DEFECT","items_purchased":["BasicCrystalCard","Crystallizer","Panic Button","ClockworkSouvenir","Time Bomb","Pondfish Scales","FIFO Queue+1"],"campfire_rested":0,"item_purchase_floors":[2,2,7,12,30,37,37],"current_hp_per_floor":[75,75,75,75,75,75,75,48,48,48,48,48,31,23,23,4,75,61,37,35,42,33,33,35,36,36,37,37,39,39,33,33,1,47,45,45,45,44,46,46,46,47,47,61,61,61,61,61,61,61],"gold":266,"neow_bonus":"THREE_ENEMY_KILL","is_daily":false,"chose_seed":false,"campfire_upgraded":6,"win_rate":0.0,"timestamp":1609857331,"path_taken":["M","$","?","?","?","E","$","E","T","M","?","$","M","E","R","BOSS","M","?","M","?","?","R","?","M","T","E","R","E","$","?","R","BOSS","M","?","$","M","M","R","?","E","T","?","?","M","M","M","R","BOSS"],"items_purchased_type":["Card","Card","Card","Relic","Card","Relic","Card"],"build_version":"2020-12-22","purchased_purges":1,"victory":true,"max_hp_per_floor":[75,75,75,75,75,75,75,75,75,75,75,75,75,75,75,75,75,75,37,37,42,42,42,42,42,42,42,42,42,42,42,42,42,47,47,47,47,47,47,47,47,47,47,61,61,61,61,61,61,61],"card_choices":[{"not_picked":["Hello World","Reinforced Body"],"picked":"Capacitor","floor":1},{"not_picked":["Beam Cell","Loop"],"picked":"Barrage","floor":5},{"not_picked":["Steam","Stack"],"picked":"Chill","floor":6},{"not_picked":["Force Field","Rip and Tear","Hologram"],"picked":"SKIP","floor":8},{"not_picked":["Barrage","Redo"],"picked":"Cold Snap","floor":10},{"not_picked":["Cold Snap","Panic Button"],"picked":"ReplayTheSpireMod:Calculation Training","floor":13},{"not_picked":["Leap","Sweeping Beam+1"],"picked":"White Noise","floor":14},{"not_picked":["All For One+1","Machine Learning"],"picked":"Fission","floor":16},{"not_picked":["Ball Lightning+1","Rip and Tear+1"],"picked":"Steam+1","floor":18},{"not_picked":["Stack","Steam"],"picked":"ReplaySort","floor":20},{"not_picked":["Blizzard+1","ReplayTheSpireMod:Calculation Training"],"picked":"Barrage+1","floor":22},{"not_picked":["Beam Cell+1","Sweeping Beam+1","Streamline+1"],"picked":"SKIP","floor":24},{"not_picked":["BasicCrystalCard","Steam"],"picked":"Storm","floor":25},{"not_picked":["Scrape+1","ReplayGash+1"],"picked":"Double Energy","floor":27},{"not_picked":["Streamline+1","Gash+1"],"picked":"Conserve Battery","floor":29},{"not_picked":["Streamline+1","Reinforced Body"],"picked":"Mirror Shield","floor":31},{"not_picked":["Reboot","Biased Cognition"],"picked":"ReplayRNGCard","floor":33},{"not_picked":["Leap+1","Ball Lightning+1"],"picked":"Coolheaded","floor":34},{"not_picked":["Stack+1","Go for the Eyes+1"],"picked":"Tempest+1","floor":35},{"not_picked":["Compile Driver+1","Hologram","FIFO Queue"],"picked":"SKIP","floor":38},{"not_picked":["Barrage+1","Sweeping Beam+1","ReplayTheSpireMod:Calculation Training+1"],"picked":"SKIP","floor":39},{"not_picked":["expansioncontent:ChargeUp","expansioncontent:DefensiveStance"],"picked":"Bandage Up","floor":41},{"not_picked":["Genetic Algorithm+1","Streamline+1"],"picked":"Double Energy+1","floor":42},{"not_picked":["Blizzard+1","Aggregate","FIFO Queue+1"],"picked":"SKIP","floor":45},{"not_picked":["Beam Cell+1","Gash+1"],"picked":"Glacier","floor":46},{"not_picked":["Chill","Barrage+1","Steam+1"],"picked":"SKIP","floor":47},{"not_picked":["Go for the Eyes+1","Heatsinks","Capacitor"],"picked":"SKIP","floor":48}],"player_experience":10784,"relics_obtained":[{"floor":6,"key":"Toy Ornithopter"},{"floor":8,"key":"Vajra"},{"floor":9,"key":"Blood Vial"},{"floor":14,"key":"Molten Egg 2"},{"floor":26,"key":"Bottled Flame"},{"floor":27,"key":"Mummified Hand"},{"floor":29,"key":"Pen Nib"},{"floor":43,"key":"Darkstone Periapt"},{"floor":44,"key":"Mango"}],"event_choices":[{"cards_removed":["Defend_B"],"damage_healed":0,"gold_gain":0,"player_choice":"Offered Basic","damage_taken":0,"max_hp_gain":0,"max_hp_loss":0,"event_name":"Bonfire Elementals","floor":4,"gold_loss":0},{"damage_healed":0,"gold_gain":175,"player_choice":"AGREE","damage_taken":0,"max_hp_gain":0,"max_hp_loss":0,"event_name":"Liars Game","floor":11,"gold_loss":0,"cards_obtained":["Doubt"]},{"damage_healed":0,"gold_gain":0,"player_choice":"Became a Ghost","damage_taken":0,"max_hp_gain":0,"max_hp_loss":38,"event_name":"Ghosts","floor":19,"gold_loss":0,"cards_obtained":["Ghostly","Ghostly","Ghostly","Ghostly","Ghostly"]},{"damage_healed":0,"gold_gain":0,"player_choice":"Bought 3 Potions","damage_taken":0,"max_hp_gain":0,"max_hp_loss":0,"event_name":"The Woman in Blue","floor":21,"gold_loss":0},{"damage_healed":0,"gold_gain":0,"player_choice":"Ignored","damage_taken":0,"max_hp_gain":0,"max_hp_loss":0,"event_name":"Tomb of Lord Red Mask","floor":36,"gold_loss":0},{"damage_healed":0,"gold_gain":0,"player_choice":"Memory 1","damage_taken":0,"max_hp_gain":0,"max_hp_loss":0,"event_name":"SensoryStone","floor":41,"gold_loss":0},{"damage_healed":0,"gold_gain":0,"player_choice":"Fight","damage_taken":0,"max_hp_gain":0,"max_hp_loss":0,"event_name":"MindBloom","floor":44,"gold_loss":0}],"is_beta":false,"boss_relics":[{"not_picked":["Snecko Eye","Honey Jar"],"picked":"Runic Pyramid"},{"not_picked":["Empty Cage","Velvet Choker"],"picked":"Tiny House"}],"items_purged_floors":[12],"is_endless":false,"potions_floor_spawned":[1,13,29,33,35,38,39,45,46,47],"ascension_level":0}}