{"host":"yekvm0llnambltim","time":1609845138,"event":{"mods":["Act Like it!","BaseMod","CapriCore","Challenge The Spire","Minty Spire (QoL Compilation)","MostiFishMod","Quick Restart","Relic Stats","Replay The Spire","Spicy Shops","StSLib","Waifu the Spire","¡¾ÒÅÎï¿¨ÅÆ¡¿REMEMod"],"gold_per_floor":[-1284,-1284,-1284,-1268,-1252,-1223,-1223,-1035,-1035,-1035,-1000,-1000,-1000,-1000,-1000,-922,-922,-903,-903,17,17,29,84,84,4,4,4,16,16,26,37,37,115,115,115],"floor_reached":34,"playtime":4477,"items_purged":[],"score":1306,"play_id":"cad43698-56e8-434f-847d-1fa739a7f052","local_time":"20210105191218","is_ascension_mode":true,"campfire_choices":[{"data":"Mirror Shield","floor":7.0,"key":"SMITH"},{"data":"Recycle","floor":10.0,"key":"SMITH"},{"data":"Coolheaded","floor":12.0,"key":"SMITH"},{"floor":15.0,"key":"REST"},{"floor":24.0,"key":"REST"},{"floor":29.0,"key":"REST"},{"data":"Fission","floor":32.0,"key":"SMITH"}],"circlet_count":0,"master_deck":["AscendersBane","Defend_B","Defend_B","Defend_B","Zap","MostiFishMod:Hijack+1","Recycle+1","Mirror Shield+1","Coolheaded+1","Auto Shields+1","Blizzard","Fission+1","ReplaySort","MostiFishMod:TalkingToTheRain","Hyperbeam"],"relics":["Cracked Core","DaveBox","REME_ComplimentaryCards","SynthV:MejaisSoulstealer","NeowsBlessing","SynthV:TestCard","DaCapo","Kunai","Lantern","Empty Cage","Pet Ghost","Unceasing Top"],"acts_visited":["Exordium","TheCity"],"potions_floor_usage":[],"damage_taken":[{"damage":0.0,"enemies":"Small Slimes","floor":1.0,"turns":1.0},{"damage":0.0,"enemies":"Cultist","floor":4.0,"turns":1.0},{"damage":0.0,"enemies":"Jaw Worm","floor":5.0,"turns":1.0},{"damage":0.0,"enemies":"3 Sentries","floor":6.0,"turns":3.0},{"damage":11.0,"enemies":"Lagavulin","floor":11.0,"turns":4.0},{"damage":4.0,"enemies":"The Guardian","floor":16.0,"turns":6.0},{"damage":4.0,"enemies":"3 Byrds","floor":18.0,"turns":2.0},{"damage":0.0,"enemies":"2 Thieves","floor":20.0,"turns":4.0},{"damage":1.0,"enemies":"Shelled Parasite and Fungi","floor":22.0,"turns":2.0},{"damage":26.0,"enemies":"REME_1_Revenger","floor":23.0,"turns":3.0},{"damage":0.0,"enemies":"Snecko","floor":28.0,"turns":3.0},{"damage":0.0,"enemies":"Centurion and Healer","floor":30.0,"turns":3.0},{"damage":0.0,"enemies":"Cultist and Chosen","floor":31.0,"turns":4.0},{"damage":4.0,"enemies":"Pondfish","floor":33.0,"turns":7.0}],"seed_played":"8179336336099400813","potions_obtained":[{"floor":5.0,"key":"ColorlessPotion"},{"floor":11.0,"key":"Adrenaline Potion"},{"floor":16.0,"key":"REME_GoldPotion"},{"floor":23.0,"key":"EssenceOfSteel"}],"is_trial":false,"path_per_floor":["M","?","$","M","M","E","R","?","T","R","E","R","?","?","R","B",null,"M","$","M","?","M","E","R","?","T","?","M","R","M","M","R","B",null],"character_chosen":"DEFECT","items_purchased":[],"campfire_rested":3,"item_purchase_floors":[],"current_hp_per_floor":[64,64,64,64,64,64,64,41,41,41,30,30,30,30,51,47,65,61,61,61,61,60,34,55,55,55,35,35,57,57,57,57,53,53,53],"gold":115,"neow_bonus":"THREE_ENEMY_KILL","is_daily":false,"chose_seed":false,"campfire_upgraded":4,"win_rate":0.0,"timestamp":1609845138,"path_taken":["M","?","?","M","?","E","R","?","T","R","E","R","?","?","R","BOSS","M","?","?","?","M","E","R","?","T","?","M","R","M","M","R","BOSS"],"items_purchased_type":[],"build_version":"2020-12-22","purchased_purges":0,"victory":false,"max_hp_per_floor":[71,71,71,71,71,71,71,71,71,71,71,71,71,71,71,71,71,71,71,71,71,71,71,71,71,71,76,76,76,76,76,76,76,76,76],"relic_stats":{"counters":[14,44],"Kunai":[4],"obtain_stats":[{"Lantern":11,"SynthV:MejaisSoulstealer":0,"SynthV:TestCard":1,"DaveBox":0,"NeowsBlessing":0,"DaCapo":6,"Kunai":9,"Cracked Core":0,"Empty Cage":17,"Pet Ghost":23,"Unceasing Top":26,"REME_ComplimentaryCards":0},{"Lantern":5,"SynthV:MejaisSoulstealer":0,"SynthV:TestCard":1,"DaveBox":0,"NeowsBlessing":0,"DaCapo":4,"Kunai":4,"Cracked Core":0,"Empty Cage":6,"Pet Ghost":10,"Unceasing Top":10,"REME_ComplimentaryCards":0},{"Lantern":10,"SynthV:MejaisSoulstealer":0,"SynthV:TestCard":1,"DaveBox":0,"NeowsBlessing":0,"DaCapo":6,"Kunai":6,"Cracked Core":0,"Empty Cage":16,"Pet Ghost":27,"Unceasing Top":27,"REME_ComplimentaryCards":0}],"Unceasing Top":[1]},"card_choices":[{"not_picked":["Darkness","Beam Cell","Panic Button"],"picked":"SKIP","floor":1.0},{"not_picked":["Sweeping Beam","Force Field","Loop","MostiFishMod:GatherIntelligence"],"picked":"Recycle","floor":4.0},{"not_picked":["Recycle","Barrage","Panic Button","Stack"],"picked":"Mirror Shield","floor":5.0},{"not_picked":["Rebound","Streamline","Tempest","MostiFishMod:Impulse","Conserve Battery"],"picked":"SKIP","floor":6.0},{"not_picked":["MostiFishMod:FluxCapactior","Leap","BasicCrystalCard","BootSequence"],"picked":"Coolheaded","floor":11.0},{"not_picked":["MostiFishMod:TalkingToTheRain","All For One","Mirror Shield","MostiFishMod:Culaccino"],"picked":"Fission","floor":16.0},{"not_picked":["Sunder+1","Ball Lightning","Time Bomb","Leap"],"picked":"ReplaySort","floor":18.0},{"not_picked":["Cold Snap","Conserve Battery+1","ReplaySolidLightProjector","Go for the Eyes","MostiFishMod:PushDownKick+1"],"picked":"SKIP","floor":20.0},{"not_picked":["REME_Whirling+1","MostiFishMod:LinkProtocol+1","Compile Driver","MostiFishMod:Overload","ReplaySolidLightProjector"],"picked":"SKIP","floor":22.0},{"not_picked":["Barrage","MostiFishMod:PushDownKick","Leap","ReplayTheSpireMod:Reroute Power","ReplayRNGCard"],"picked":"SKIP","floor":23.0},{"not_picked":["Leap","Redo","Hologram","Aggregate+1","REME_Whirling"],"picked":"SKIP","floor":28.0},{"not_picked":["MostiFishMod:FluxCapactior","Rebound","Ball Lightning+1","Barrage","MostiFishMod:PushDownKick"],"picked":"SKIP","floor":30.0},{"not_picked":["Conserve Battery","Mirror Shield","Streamline","Sweeping Beam","Redo"],"picked":"SKIP","floor":31.0}],"player_experience":301849,"relics_obtained":[{"floor":1.0,"key":"SynthV:TestCard"},{"floor":6.0,"key":"DaCapo"},{"floor":9.0,"key":"Kunai"},{"floor":11.0,"key":"Lantern"},{"floor":23.0,"key":"Pet Ghost"},{"floor":26.0,"key":"Unceasing Top"}],"event_choices":[{"damage_healed":0.0,"max_hp_gain":0.0,"max_hp_loss":0.0,"gold_gain":0.0,"event_name":"Accursed Blacksmith","player_choice":"Forge","floor":2.0,"gold_loss":0.0,"damage_taken":0.0,"cards_upgraded":["MostiFishMod:Hijack"]},{"damage_healed":0.0,"max_hp_gain":0.0,"max_hp_loss":0.0,"gold_gain":0.0,"cards_transformed":["Strike_B"],"event_name":"Transmorgrifier","player_choice":"Transformed","floor":14.0,"gold_loss":0.0,"damage_taken":0.0,"cards_obtained":["Blizzard"]},{"damage_healed":0.0,"max_hp_gain":0.0,"max_hp_loss":0.0,"gold_gain":0.0,"cards_transformed":["Defend_B","Dualcast"],"event_name":"Drug Dealer","player_choice":"Became Test Subject","floor":21.0,"gold_loss":0.0,"damage_taken":0.0,"cards_obtained":["MostiFishMod:TalkingToTheRain","Hyperbeam"]},{"damage_healed":0.0,"max_hp_gain":5.0,"max_hp_loss":0.0,"gold_gain":0.0,"event_name":"Forgotten Altar","player_choice":"Shed Blood","floor":27.0,"gold_loss":0.0,"damage_taken":25.0}],"is_beta":false,"boss_relics":[{"not_picked":["BloodWine","Replay:Wanted Poster"],"picked":"Empty Cage"}],"items_purged_floors":[],"is_endless":false,"potions_floor_spawned":[5,11,16,22,23,33],"ascension_level":20}}