{"host":"37dk0reb6x0du8wx","time":1609834221,"event":{"mods":["BaseMod","Colored Map","DeckTracker","Minty Spire (QoL Compilation)","Quick Restart","StSLib"],"gold_per_floor":[110,32,50,125,55,86,86,120,120,120,135,135,135,154,154,256,256,275,275,275,57,57,57,156,156,156,156,156],"floor_reached":27,"playtime":551,"items_purged":["Strike_B"],"score":276,"play_id":"8ae12fa2-98fa-4950-ace9-5dbf9dd79219","local_time":"20210105171021","is_ascension_mode":true,"campfire_choices":[{"data":"Consume","floor":7,"key":"SMITH"},{"data":"Auto Shields","floor":10,"key":"SMITH"},{"data":"Conserve Battery","floor":13,"key":"SMITH"},{"floor":15,"key":"REST"},{"data":"Loop","floor":23,"key":"SMITH"},{"data":"Conserve Battery","floor":25,"key":"SMITH"}],"circlet_count":0,"master_deck":["Strike_B","Strike_B","Defend_B","Defend_B","Defend_B","Defend_B","Zap","Dualcast","Auto Shields+1","Self Repair","Capacitor","Consume+1","Conserve Battery+1","Leap","Conserve Battery+1","Core Surge","Loop+1"],"relics":["Cracked Core","NeowsBlessing","Symbiotic Virus","Omamori","Prayer Wheel","Calling Bell","Bronze Scales","Eternal Feather","Ice Cream","Pen Nib","Lee\u0027s Waffle","MutagenicStrength","Letter Opener"],"acts_visited":["Exordium","TheCity"],"potions_floor_usage":[],"damage_taken":[{"damage":0,"enemies":"Jaw Worm","floor":1,"turns":1},{"damage":0,"enemies":"Small Slimes","floor":3,"turns":1},{"damage":0,"enemies":"Gremlin Nob","floor":6,"turns":1},{"damage":19,"enemies":"Lagavulin","floor":8,"turns":5},{"damage":0,"enemies":"2 Louse","floor":11,"turns":3},{"damage":22,"enemies":"2 Fungi Beasts","floor":14,"turns":5},{"damage":8,"enemies":"Hexaghost","floor":16,"turns":9},{"damage":22,"enemies":"Shell Parasite","floor":18,"turns":5},{"damage":77,"enemies":"Slavers","floor":27,"turns":6}],"seed_played":"2290428717953930874","potions_obtained":[{"floor":8,"key":"BlessingOfTheForge"},{"floor":14,"key":"SpeedPotion"}],"is_trial":false,"path_per_floor":["M","$","M","?","$","E","R","E","T","R","M","?","R","M","R","B",null,"M","?","?","$","?","R","?","R","T","E"],"character_chosen":"DEFECT","items_purchased":["Auto Shields","Capacitor","Lee\u0027s Waffle"],"campfire_rested":1,"item_purchase_floors":[2,5,21],"current_hp_per_floor":[75,75,75,64,64,64,64,52,52,52,59,52,52,37,59,51,75,60,60,60,82,82,82,82,82,82,5,5],"gold":156,"neow_bonus":"THREE_ENEMY_KILL","is_daily":false,"chose_seed":false,"campfire_upgraded":5,"win_rate":0.0,"timestamp":1609834221,"path_taken":["M","$","M","?","$","E","R","E","T","R","M","?","R","M","R","BOSS","M","?","?","$","?","R","?","R","T","E"],"items_purchased_type":["Card","Card","Relic"],"build_version":"2020-12-22","purchased_purges":1,"victory":false,"max_hp_per_floor":[75,75,75,75,75,75,75,75,75,75,75,75,75,75,75,75,75,75,75,75,82,82,82,82,82,82,82,82],"card_choices":[{"not_picked":["Turbo","Compile Driver","Sweeping Beam"],"picked":"SKIP","floor":1},{"not_picked":["Hologram","Fission"],"picked":"Self Repair","floor":3},{"not_picked":["Streamline","Force Field"],"picked":"Consume","floor":6},{"not_picked":["Turbo","FTL"],"picked":"Conserve Battery","floor":8},{"not_picked":["Streamline","Ball Lightning"],"picked":"Leap","floor":11},{"not_picked":["Blizzard","Go for the Eyes","Compile Driver"],"picked":"SKIP","floor":11},{"not_picked":["Glacier","Core Surge"],"picked":"Conserve Battery","floor":14},{"not_picked":["Glacier","Cold Snap","White Noise"],"picked":"SKIP","floor":14},{"not_picked":["Reboot","Hyperbeam"],"picked":"Core Surge","floor":16},{"not_picked":["Reinforced Body","Tempest"],"picked":"Loop","floor":18},{"not_picked":["Skim","Doom and Gloom","Hologram+1"],"picked":"SKIP","floor":18}],"player_experience":148016,"relics_obtained":[{"floor":6,"key":"Symbiotic Virus"},{"floor":8,"key":"Omamori"},{"floor":9,"key":"Prayer Wheel"},{"floor":17,"key":"Bronze Scales"},{"floor":17,"key":"Eternal Feather"},{"floor":17,"key":"Ice Cream"},{"floor":26,"key":"Letter Opener"}],"event_choices":[{"damage_healed":0,"gold_gain":75,"player_choice":"Gather Gold","damage_taken":11,"max_hp_gain":0,"max_hp_loss":0,"event_name":"World of Goop","floor":4,"gold_loss":0},{"cards_removed":["Strike_B"],"damage_healed":0,"gold_gain":0,"player_choice":"Card Removal","damage_taken":7,"max_hp_gain":0,"max_hp_loss":0,"event_name":"Golden Wing","floor":12,"gold_loss":0},{"damage_healed":0,"gold_gain":0,"player_choice":"Opened","damage_taken":0,"relics_obtained":["Pen Nib"],"max_hp_gain":0,"max_hp_loss":0,"event_name":"The Mausoleum","floor":19,"gold_loss":0},{"damage_healed":0,"gold_gain":0,"player_choice":"Ignored","damage_taken":0,"max_hp_gain":0,"max_hp_loss":0,"event_name":"Ghosts","floor":20,"gold_loss":0},{"damage_healed":0,"gold_gain":0,"player_choice":"Inject Mutagens","damage_taken":0,"relics_obtained":["MutagenicStrength"],"max_hp_gain":0,"max_hp_loss":0,"event_name":"Drug Dealer","floor":22,"gold_loss":0},{"damage_healed":0,"gold_gain":99,"player_choice":"Stole From Cult","damage_taken":0,"max_hp_gain":0,"max_hp_loss":0,"event_name":"Nest","floor":24,"gold_loss":0}],"is_beta":false,"boss_relics":[{"not_picked":["Busted Crown","Nuclear Battery"],"picked":"Calling Bell"}],"items_purged_floors":[21],"is_endless":false,"potions_floor_spawned":[8,14],"killed_by":"Slavers","ascension_level":3}}