{"host":"Ceyx","time":1609842700,"event":{"mods":["BaseMod","Beaked The Cultist","BetterRewards","Conspire","Downfall","Hermit","Lobotomy","Minty Spire (QoL Compilation)","Shop Mod","StSLib","The Jungle","The Poker Player"],"gold_per_floor":[115,115,168,21,21,36,52,72,72,91,116,127,138,154,154,259,309,327,346,356,356,370,382,382,394,394,408,434,434,465,465,465,560,560,574,574,574,574,574,574,609,609,636,648,194,194,194,194,194,194,194,194,48,81,81,81,81],"floor_reached":55,"playtime":4482,"items_purged":[],"score":839,"play_id":"da7dec58-abc2-40de-a5ab-94b7a4172ca9","local_time":"20210105173140","is_ascension_mode":false,"metric_token":786,"campfire_choices":[{"data":"PokerPlayerMod:Diamond4","floor":15.0,"key":"SMITH"},{"data":"PokerPlayerMod:Configure","floor":29.0,"key":"SMITH"},{"data":"PokerPlayerMod:Diamond4","floor":32.0,"key":"SMITH"},{"data":"PokerPlayerMod:Diamond5","floor":40.0,"key":"SMITH"},{"floor":42.0,"key":"REST"},{"data":"PokerPlayerMod:Diamond5","floor":46.0,"key":"SMITH"},{"floor":49.0,"key":"RECALL"},{"data":"PokerPlayerMod:Diamond6","floor":52.0,"key":"SMITH"}],"circlet_count":0,"master_deck":["PokerPlayerMod:Diamond6","PokerPlayerMod:Diamond2","PokerPlayerMod:Diamond5","PokerPlayerMod:Diamond7","PokerPlayerMod:Diamond5","PokerPlayerMod:Spade4","PokerPlayerMod:Spade3","PokerPlayerMod:Spade3","PokerPlayerMod:Spade4","PokerPlayerMod:Club2","PokerPlayerMod:TrumpStrike+1","PokerPlayerMod:BadJoker+1","PokerPlayerMod:Mulligan","PokerPlayerMod:Configure+1","PokerPlayerMod:Heart3","PokerPlayerMod:Spade3","PokerPlayerMod:SpadeStrike","PokerPlayerMod:Diamond3","PokerPlayerMod:Spade6","PokerPlayerMod:Club4","PokerPlayerMod:DiamondStrike","PokerPlayerMod:Diamond9","PokerPlayerMod:JackOfSpades","PokerPlayerMod:DiamondStrike","PokerPlayerMod:MagicTrick","PokerPlayerMod:Diamond4","PokerPlayerMod:DartThrow+1","PokerPlayerMod:Diamond4","PokerPlayerMod:Heart5","PokerPlayerMod:Club8","PokerPlayerMod:Diamond3","PokerPlayerMod:Diamond7","Apotheosis","PokerPlayerMod:Configure","PokerPlayerMod:Diamond8","PokerPlayerMod:CardBurn+1"],"relics":["PokerPlayerMod:DeckCase","PokerPlayerMod:PenAndEraser","WarpedTongs","PreservedInsect","Mercury Hourglass","Tiny House","NlothsMask","Oddly Smooth Stone","PokerPlayerMod:BottledPoker","Empty Cage","conspire:BottledYoYo","Anchor","MerchantsRug","Pear","PokerPlayerMod:PendantOfEscape","War Paint"],"acts_visited":["Exordium","TheCity","TheBeyond","TheEnding"],"potions_floor_usage":[],"damage_taken":[{"damage":0.0,"enemies":"2 Louse","floor":1.0,"turns":1.0},{"damage":0.0,"enemies":"Jaw Worm","floor":6.0,"turns":2.0},{"damage":1.0,"enemies":"Cultist","floor":7.0,"turns":3.0},{"damage":5.0,"enemies":"Lots of Slimes","floor":8.0,"turns":2.0},{"damage":4.0,"enemies":"Looter","floor":10.0,"turns":3.0},{"damage":8.0,"enemies":"Gremlin Nob","floor":11.0,"turns":5.0},{"damage":1.0,"enemies":"2 Fungi Beasts","floor":12.0,"turns":3.0},{"damage":0.0,"enemies":"Exordium Thugs","floor":13.0,"turns":3.0},{"damage":1.0,"enemies":"3 Louse","floor":14.0,"turns":2.0},{"damage":2.0,"enemies":"Slime Boss","floor":16.0,"turns":5.0},{"damage":0.0,"enemies":"Spheric Guardian","floor":18.0,"turns":2.0},{"damage":1.0,"enemies":"conspire:FuzzyDice","floor":19.0,"turns":4.0},{"damage":3.0,"enemies":"Centurion and Healer","floor":20.0,"turns":4.0},{"damage":7.0,"enemies":"Sentry and Sphere","floor":22.0,"turns":3.0},{"damage":12.0,"enemies":"Snake Plant","floor":23.0,"turns":3.0},{"damage":2.0,"enemies":"Chosen and Byrds","floor":25.0,"turns":3.0},{"damage":0.0,"enemies":"Cultist and Chosen","floor":27.0,"turns":4.0},{"damage":0.0,"enemies":"conspire:SneckoGhost","floor":28.0,"turns":2.0},{"damage":0.0,"enemies":"conspire:Head Lice","floor":30.0,"turns":3.0},{"damage":66.0,"enemies":"Automaton","floor":33.0,"turns":8.0},{"damage":0.0,"enemies":"3 Shapes","floor":35.0,"turns":4.0},{"damage":31.0,"enemies":"Nemesis","floor":41.0,"turns":5.0},{"damage":0.0,"enemies":"Orb Walker","floor":44.0,"turns":3.0},{"damage":19.0,"enemies":"Donu and Deca","floor":50.0,"turns":8.0},{"damage":63,"enemies":"Shield and Spear","floor":54,"turns":5},{"damage":19,"enemies":"The Heart","floor":55,"turns":2}],"seed_played":"221568825653700418","potions_obtained":[{"floor":7.0,"key":"Fruit Juice"},{"floor":8.0,"key":"FearPotion"},{"floor":10.0,"key":"GamblersBrew"},{"floor":12.0,"key":"BlessingOfTheForge"},{"floor":17.0,"key":"SkillPotion"},{"floor":22.0,"key":"Explosive Potion"},{"floor":25.0,"key":"EssenceOfSteel"},{"floor":27.0,"key":"Energy Potion"},{"floor":41.0,"key":"Dexterity Potion"},{"floor":54,"key":"Energy Potion"}],"is_trial":false,"path_per_floor":["M","?","?","$","?","M","M","M","T","M","E","M","M","M","R","B",null,"M","M","M","?","M","M","?","M","T","M","E","R","E","?","R","B",null,"M","$","?","?","$","R","E","R","T","M","$","R","?","T","R","B",null,"R","$","E","B"],"character_chosen":"THE_POKER_PLAYER","items_purchased":["PokerPlayerMod:PenAndEraser","PokerPlayerMod:Diamond8","PokerPlayerMod:CardBurn","Anchor","MerchantsRug","PokerPlayerMod:PendantOfEscape"],"campfire_rested":1,"item_purchase_floors":[4,45,45,45,45,53],"current_hp_per_floor":[52,42,42,42,42,45,57,52,52,53,53,55,57,57,57,55,62,62,61,62,62,55,51,51,49,49,51,62,62,62,62,62,11,62,62,62,62,52,52,52,31,49,49,54,54,54,54,64,64,63,72,72,72,19,0,0,0],"gold":81,"neow_bonus":"REMOVE_CARD","is_daily":false,"chose_seed":false,"campfire_upgraded":6,"win_rate":0.0,"timestamp":1609842700,"path_taken":["M","?","?","$","?","M","M","M","T","M","E","M","M","M","R","BOSS","M","M","M","?","?","M","?","M","T","?","E","R","E","?","R","BOSS","M","$","?","?","$","R","E","R","T","M","$","R","?","?","R","BOSS","R","$","E","BOSS"],"items_purchased_type":["Relic","Card","Card","Relic","Relic","Relic"],"build_version":"2020-12-18","purchased_purges":0,"victory":false,"max_hp_per_floor":[52,52,52,52,52,52,57,57,57,57,57,57,57,57,57,57,62,62,62,62,62,62,62,62,62,62,62,62,62,62,62,62,62,62,62,62,62,62,62,62,62,62,62,62,62,62,62,72,72,72,72,72,72,72,72,72,72],"card_choices":[{"not_picked":["PokerPlayerMod:Spade7","PokerPlayerMod:FlyingCard"],"picked":"PokerPlayerMod:Configure","floor":1.0},{"not_picked":["PokerPlayerMod:Diamond5","PokerPlayerMod:MagicTrick"],"picked":"PokerPlayerMod:Heart3","floor":6.0},{"not_picked":["PokerPlayerMod:ClubStrike","PokerPlayerMod:Sharpen"],"picked":"PokerPlayerMod:Spade3","floor":7.0},{"not_picked":["PokerPlayerMod:Diamond2","PokerPlayerMod:Spade2"],"picked":"PokerPlayerMod:SpadeStrike","floor":8.0},{"not_picked":["PokerPlayerMod:Spade3","PokerPlayerMod:Spade1"],"picked":"PokerPlayerMod:Diamond3","floor":10.0},{"not_picked":["PokerPlayerMod:Heart1","PokerPlayerMod:SpadeStrike"],"picked":"PokerPlayerMod:Spade6","floor":11.0},{"not_picked":["PokerPlayerMod:Spade3","PokerPlayerMod:Spade4"],"picked":"PokerPlayerMod:Club4","floor":12.0},{"not_picked":["PokerPlayerMod:Diamond1","PokerPlayerMod:Spade3"],"picked":"PokerPlayerMod:DiamondStrike","floor":13.0},{"not_picked":["PokerPlayerMod:Diamond3","PokerPlayerMod:Diamond1"],"picked":"PokerPlayerMod:CardBurn","floor":14.0},{"not_picked":["PokerPlayerMod:ChangeRules","PokerPlayerMod:Spade8"],"picked":"PokerPlayerMod:Diamond9","floor":16.0},{"not_picked":["PokerPlayerMod:Club3","PokerPlayerMod:Diamond2"],"picked":"PokerPlayerMod:JackOfSpades","floor":17.0},{"not_picked":["PokerPlayerMod:Spade3","PokerPlayerMod:HotShotCut","PokerPlayerMod:Diamond1"],"picked":"SKIP","floor":18.0},{"not_picked":["PokerPlayerMod:ClubStrike","PokerPlayerMod:Fold"],"picked":"PokerPlayerMod:DiamondStrike","floor":19.0},{"not_picked":["PokerPlayerMod:Diamond1","PokerPlayerMod:CloakAndDiamond"],"picked":"PokerPlayerMod:MagicTrick","floor":20.0},{"not_picked":["PokerPlayerMod:Spade6","PokerPlayerMod:Spade1"],"picked":"PokerPlayerMod:Diamond4","floor":22.0},{"not_picked":["PokerPlayerMod:Diamond4","PokerPlayerMod:CloakAndDiamond"],"picked":"PokerPlayerMod:DartThrow+1","floor":23.0},{"not_picked":["PokerPlayerMod:Overdeal+1","PokerPlayerMod:MagicTrick"],"picked":"PokerPlayerMod:Diamond4","floor":25.0},{"not_picked":["PokerPlayerMod:Club3","PokerPlayerMod:VarietyAttack"],"picked":"PokerPlayerMod:Heart5","floor":27.0},{"not_picked":["PokerPlayerMod:Diamond2","PokerPlayerMod:Spade2"],"picked":"PokerPlayerMod:Club8","floor":28.0},{"not_picked":["PokerPlayerMod:Spade2","PokerPlayerMod:Spade3"],"picked":"PokerPlayerMod:Diamond3","floor":30.0},{"not_picked":["PokerPlayerMod:SecretDealer","PokerPlayerMod:WasteCollection"],"picked":"PokerPlayerMod:Diamond7","floor":33.0},{"not_picked":["PokerPlayerMod:ClubsClub+1","PokerPlayerMod:Diamond1","PokerPlayerMod:DartThrow"],"picked":"SKIP","floor":35.0},{"not_picked":["expansioncontent:DashGenerateEvil","Dark Shackles"],"picked":"Apotheosis","floor":38.0},{"not_picked":["PokerPlayerMod:CardBurn","PokerPlayerMod:Spade2","PokerPlayerMod:ClubShade+1"],"picked":"SKIP","floor":41.0},{"not_picked":["PokerPlayerMod:Heart3","PokerPlayerMod:Trickery"],"picked":"PokerPlayerMod:Configure","floor":44.0},{"not_picked":["PokerPlayerMod:Club1","PokerPlayerMod:Heart2","PokerPlayerMod:Spade3"],"picked":"SKIP","floor":54}],"player_experience":518743,"relics_obtained":[{"floor":9.0,"key":"PreservedInsect"},{"floor":11.0,"key":"Mercury Hourglass"},{"floor":28.0,"key":"Oddly Smooth Stone"},{"floor":30.0,"key":"PokerPlayerMod:BottledPoker"},{"floor":41.0,"key":"conspire:BottledYoYo"},{"floor":48.0,"key":"Pear"},{"floor":54,"key":"War Paint"}],"event_choices":[{"damage_healed":0.0,"max_hp_gain":0.0,"max_hp_loss":0.0,"gold_gain":0.0,"event_name":"Shining Light","player_choice":"Entered Light","floor":2.0,"gold_loss":0.0,"damage_taken":10.0,"cards_upgraded":["PokerPlayerMod:Spade3","PokerPlayerMod:Diamond5"]},{"damage_healed":0.0,"max_hp_gain":0.0,"max_hp_loss":0.0,"gold_gain":53.0,"event_name":"Golden Wing","player_choice":"Gained Gold","floor":3.0,"gold_loss":0.0,"damage_taken":0.0},{"damage_healed":0.0,"max_hp_gain":0.0,"max_hp_loss":0.0,"gold_gain":0.0,"event_name":"Accursed Blacksmith","player_choice":"Rummage","floor":5.0,"gold_loss":0.0,"damage_taken":0.0,"relics_obtained":["WarpedTongs"],"cards_obtained":["Pain"]},{"damage_healed":0.0,"max_hp_gain":0.0,"max_hp_loss":0.0,"gold_gain":0.0,"event_name":"Upgrade Shrine","player_choice":"Upgraded","floor":21.0,"gold_loss":0.0,"damage_taken":0.0,"cards_upgraded":["PokerPlayerMod:TrumpStrike"]},{"damage_healed":0.0,"max_hp_gain":0.0,"max_hp_loss":0.0,"gold_gain":0.0,"event_name":"FaceTrader","player_choice":"Trade","floor":24.0,"gold_loss":0.0,"damage_taken":0.0,"relics_obtained":["NlothsMask"]},{"damage_healed":0.0,"max_hp_gain":0.0,"max_hp_loss":0.0,"gold_gain":0.0,"event_name":"conspire:Investor","player_choice":"Leave","floor":31.0,"gold_loss":0.0,"damage_taken":0.0},{"damage_healed":0.0,"max_hp_gain":0.0,"max_hp_loss":0.0,"gold_gain":0.0,"event_name":"Tomb of Lord Red Mask","player_choice":"Ignored","floor":37.0,"gold_loss":0.0,"damage_taken":0.0},{"damage_healed":0.0,"max_hp_gain":0.0,"max_hp_loss":0.0,"gold_gain":0.0,"event_name":"SensoryStone","player_choice":"Memory 3","floor":38.0,"gold_loss":0.0,"damage_taken":10.0},{"cards_removed":["PokerPlayerMod:CardBurn"],"damage_healed":0.0,"max_hp_gain":0.0,"max_hp_loss":0.0,"gold_gain":0.0,"event_name":"Falling","player_choice":"Removed Skill","floor":47.0,"gold_loss":0.0,"damage_taken":0.0}],"is_beta":true,"boss_relics":[{"not_picked":["Astrolabe","Cursed Key"],"picked":"Tiny House"},{"not_picked":["PokerPlayerMod:AceCard","Velvet Choker"],"picked":"Empty Cage"}],"items_purged_floors":[],"is_endless":false,"potions_floor_spawned":[7,8,10,12,14,22,25,27,41,54],"killed_by":"The Heart","ascension_level":0}}