{"host":"7gewg82ormp6yt4e","time":1609848996,"event":{"mods":["BaseMod","Block Reminder","Colored Map","Colored Powertips","DeckTracker","Highlight Path","Minty Spire (QoL Compilation)","Relic Stats","StSLib","ojb\u0027s Info Mod"],"gold_per_floor":[110,35,45,45,2,2,30,30,30,30,48,48,78,78,78,168,168,187,187,187,212,225,225,225,225,225,238,261,176,192,192,192,192,192],"floor_reached":33,"playtime":1504,"items_purged":[],"score":506,"play_id":"87b3b8f4-0397-438e-9f5b-19ca026edfe8","local_time":"20210105211636","is_ascension_mode":true,"campfire_choices":[{"data":"Zap","floor":6,"key":"SMITH"},{"data":"Blind","floor":8,"key":"SMITH"},{"data":"Scrape","floor":10,"key":"SMITH"},{"data":"Sunder","floor":12,"key":"SMITH"},{"data":"Dualcast","floor":15,"key":"SMITH"},{"floor":23,"key":"REST"},{"data":"Defragment","floor":25,"key":"SMITH"},{"data":"Reinforced Body","floor":32,"key":"SMITH"}],"circlet_count":0,"master_deck":["AscendersBane","Strike_B","Strike_B+1","Defend_B","Defend_B","Defend_B","Zap+1","Dualcast+1","Blind+1","Scrape+1","Genetic Algorithm","Undo","Cold Snap+1","Sunder+1","Scrape","Electrodynamics","Defragment+1","Reinforced Body+1","Genetic Algorithm","Ball Lightning+1","Sweeping Beam+1","Normality","Gash+1","Hologram+1","Compile Driver"],"relics":["Cracked Core","StrikeDummy","Whetstone","Eternal Feather","PreservedInsect","Golden Idol","Cursed Key","Symbiotic Virus","Unceasing Top"],"acts_visited":["Exordium","TheCity"],"potions_floor_usage":[7,13,13,27,33],"damage_taken":[{"damage":4,"enemies":"Jaw Worm","floor":1,"turns":4},{"damage":4,"enemies":"Small Slimes","floor":3,"turns":4},{"damage":17,"enemies":"Lagavulin","floor":7,"turns":8},{"damage":0,"enemies":"2 Louse","floor":11,"turns":2},{"damage":9,"enemies":"Gremlin Nob","floor":13,"turns":3},{"damage":7,"enemies":"The Guardian","floor":16,"turns":12},{"damage":5,"enemies":"2 Thieves","floor":18,"turns":3},{"damage":4,"enemies":"Shell Parasite","floor":21,"turns":4},{"damage":46,"enemies":"3 Cultists","floor":22,"turns":5},{"damage":20,"enemies":"Sentry and Sphere","floor":27,"turns":6},{"damage":5,"enemies":"Centurion and Healer","floor":28,"turns":5},{"damage":0,"enemies":"Snake Plant","floor":30,"turns":4},{"damage":83,"enemies":"Automaton","floor":33,"turns":14}],"seed_played":"5860955095516007933","potions_obtained":[{"floor":1,"key":"Energy Potion"},{"floor":7,"key":"Energy Potion"},{"floor":11,"key":"Ancient Potion"},{"floor":20,"key":"FairyPotion"},{"floor":20,"key":"Ancient Potion"},{"floor":22,"key":"Regen Potion"},{"floor":27,"key":"Block Potion"}],"is_trial":false,"path_per_floor":["M","?","M","?","$","R","E","R","T","R","M","R","E","?","R","B",null,"M","?","?","M","M","R","?","R","T","M","M","?","M","?","R","B"],"character_chosen":"DEFECT","items_purchased":["Undo"],"campfire_rested":1,"item_purchase_floors":[5],"current_hp_per_floor":[60,60,56,51,51,51,34,34,34,43,43,52,43,43,52,45,59,54,54,54,50,4,35,35,47,47,42,37,37,37,37,52,0,0],"gold":192,"neow_bonus":"RANDOM_COLORLESS","is_daily":false,"chose_seed":false,"campfire_upgraded":7,"win_rate":0.0,"timestamp":1609848996,"path_taken":["M","?","M","?","$","R","E","R","T","R","M","R","E","?","R","BOSS","M","?","?","?","M","R","?","R","T","M","M","?","M","?","R","BOSS"],"items_purchased_type":["Card"],"build_version":"2020-12-22","purchased_purges":0,"victory":false,"max_hp_per_floor":[71,71,71,71,71,71,71,71,71,71,71,71,71,64,64,64,64,64,64,64,64,64,64,64,64,64,64,64,64,64,64,64,64,64],"relic_stats":{"counters":[13,74],"Golden Idol":41,"Eternal Feather":66,"PreservedInsect":0,"Whetstone":["Strike_B","Cold Snap"],"Cursed Key":1,"obtain_stats":[{"Golden Idol":14,"Eternal Feather":9,"PreservedInsect":13,"Whetstone":7,"Cracked Core":0,"StrikeDummy":4,"Cursed Key":17,"Symbiotic Virus":26,"Unceasing Top":29},{"Golden Idol":5,"Eternal Feather":3,"PreservedInsect":5,"Whetstone":3,"Cracked Core":0,"StrikeDummy":2,"Cursed Key":6,"Symbiotic Virus":9,"Unceasing Top":11},{"Golden Idol":21,"Eternal Feather":16,"PreservedInsect":21,"Whetstone":16,"Cracked Core":0,"StrikeDummy":8,"Cursed Key":33,"Symbiotic Virus":45,"Unceasing Top":56}],"Unceasing Top":[0]},"card_choices":[{"not_picked":["Trip","Impatience"],"picked":"Blind","floor":0},{"not_picked":["Streamline","Storm"],"picked":"Scrape","floor":1},{"not_picked":["Hologram","Reinforced Body"],"picked":"Genetic Algorithm","floor":3},{"not_picked":["Barrage","Stack"],"picked":"Cold Snap","floor":7},{"not_picked":["Beam Cell","Go for the Eyes"],"picked":"Sunder","floor":11},{"not_picked":["Static Discharge","Coolheaded"],"picked":"Scrape","floor":13},{"not_picked":["Meteor Strike","Fission"],"picked":"Electrodynamics","floor":16},{"not_picked":["Steam","Scrape"],"picked":"Defragment","floor":18},{"not_picked":["Gash","Streamline"],"picked":"Ball Lightning+1","floor":21},{"not_picked":["Darkness","Streamline"],"picked":"Sweeping Beam+1","floor":22},{"not_picked":["Hologram","Ball Lightning"],"picked":"Gash+1","floor":27},{"not_picked":["Gash","Heatsinks"],"picked":"Hologram+1","floor":28},{"not_picked":["Leap","Stack"],"picked":"Compile Driver","floor":30}],"player_experience":2468949,"relics_obtained":[{"floor":7,"key":"Whetstone"},{"floor":9,"key":"Eternal Feather"},{"floor":13,"key":"PreservedInsect"},{"floor":26,"key":"Symbiotic Virus"}],"event_choices":[{"cards_removed":["Strike_B"],"damage_healed":0,"gold_gain":0,"player_choice":"Card Removal","damage_taken":0,"max_hp_gain":0,"max_hp_loss":0,"event_name":"The Cleric","floor":2,"gold_loss":75},{"damage_healed":0,"gold_gain":0,"player_choice":"Success","damage_taken":5,"relics_obtained":["StrikeDummy"],"max_hp_gain":0,"max_hp_loss":0,"event_name":"Scrap Ooze","floor":4,"gold_loss":0},{"damage_healed":0,"gold_gain":0,"player_choice":"Lose Max HP","damage_taken":0,"relics_obtained":["Golden Idol"],"max_hp_gain":0,"max_hp_loss":7,"event_name":"Golden Idol","floor":14,"gold_loss":0},{"damage_healed":0,"gold_gain":0,"cards_transformed":["Strike_B","Defend_B"],"player_choice":"Became Test Subject","damage_taken":0,"max_hp_gain":0,"max_hp_loss":0,"event_name":"Drug Dealer","floor":19,"gold_loss":0,"cards_obtained":["Reinforced Body","Genetic Algorithm"]},{"damage_healed":0,"gold_gain":0,"player_choice":"Got Potions","damage_taken":0,"max_hp_gain":0,"max_hp_loss":0,"event_name":"Lab","floor":20,"gold_loss":0},{"damage_healed":0,"gold_gain":0,"player_choice":"Ignored","damage_taken":0,"max_hp_gain":0,"max_hp_loss":0,"event_name":"Vampires","floor":24,"gold_loss":0},{"damage_healed":0,"gold_gain":0,"player_choice":"Obtained Relic","damage_taken":0,"relics_obtained":["Unceasing Top"],"max_hp_gain":0,"max_hp_loss":0,"event_name":"Addict","floor":29,"gold_loss":85},{"damage_healed":0,"gold_gain":0,"player_choice":"Ignored","damage_taken":0,"max_hp_gain":0,"max_hp_loss":0,"event_name":"Ghosts","floor":31,"gold_loss":0}],"is_beta":false,"boss_relics":[{"not_picked":["SlaversCollar","Nuclear Battery"],"picked":"Cursed Key"}],"items_purged_floors":[],"is_endless":false,"potions_floor_spawned":[1,7,11,21,22,27,28],"killed_by":"Automaton","ascension_level":20}}