{"host":"kabf61oc9jgfwufg","time":1609834940,"event":{"mods":["AchievementEnabler","Act Like it!","Aspiration","BaseMod","Conspire","GifTheSpireLib","Halation","HexUI Lib","Hubris","Infinite Spire","Minty Spire (QoL Compilation)","Pale of the Ancients","Quick Restart","Rare Cards Sparkle","Replay The Spire","StSLib","The Jungle","Waifu the Spire"],"gold_per_floor":[112,112,112,112,37,37,53,67,67,67,67,67,101,101,101,101,101],"floor_reached":16,"playtime":290,"items_purged":["Decay"],"score":96,"play_id":"0e37bdd3-5a9e-4bc5-817f-7e9b41ce0d44","local_time":"20210105082220","is_ascension_mode":false,"campfire_choices":[{"data":"Consecrate","floor":6,"key":"SMITH"},{"floor":11,"key":"REST"},{"floor":15,"key":"DIG"}],"circlet_count":0,"master_deck":["Strike_P","Strike_P","Strike_P","Strike_P","Defend_P","Defend_P","Defend_P","Defend_P","Eruption+1","Vigilance","Consecrate+1","FollowUp","Consecrate","CarveReality"],"relics":["PureWater","aspiration:DSix","Ring of Fangs","ReplayTheSpireMod:Ring of Exchange","hubris:OldNail","Golden Idol","aspiration:StickyExplosives_weak","ReplayTheSpireMod:Shallot"],"acts_visited":["Exordium"],"potions_floor_usage":[13,16,16],"damage_taken":[{"damage":0,"enemies":"Small Slimes","floor":1,"turns":2},{"damage":4,"enemies":"2 Louse","floor":7,"turns":3},{"damage":0,"enemies":"Cultist","floor":8,"turns":3},{"damage":50,"enemies":"Lagavulin","floor":13,"turns":6},{"damage":41,"enemies":"Hexaghost","floor":16,"turns":5}],"seed_played":"1652110567977268513","potions_obtained":[{"floor":7,"key":"Weak Potion"},{"floor":8,"key":"LiquidMemories"},{"floor":13,"key":"Strength Potion"}],"is_trial":false,"path_per_floor":["M","?","?","?","$","R","M","M","T","?","R","?","E","?","R","B"],"character_chosen":"WATCHER","items_purchased":[],"campfire_rested":1,"item_purchase_floors":[],"current_hp_per_floor":[72,72,72,72,72,72,68,68,68,73,77,71,21,42,42,1,1],"gold":101,"neow_bonus":"DSIX","is_daily":false,"chose_seed":false,"campfire_upgraded":1,"win_rate":0.0,"timestamp":1609834940,"path_taken":["M","?","?","?","$","R","M","?","T","?","R","?","E","?","R","BOSS"],"items_purchased_type":[],"build_version":"2020-12-22","purchased_purges":1,"victory":false,"max_hp_per_floor":[72,72,72,72,72,72,72,72,72,77,77,71,71,71,71,71,71],"card_choices":[{"not_picked":["Replay:ManipulateFuture","Protect"],"picked":"Consecrate","floor":1},{"not_picked":["ThirdEye","Prostrate"],"picked":"FollowUp","floor":7},{"not_picked":["Indignation","Vault"],"picked":"Consecrate","floor":8},{"not_picked":["Collect","SignatureMove"],"picked":"CarveReality","floor":13}],"player_experience":40458,"relics_obtained":[{"floor":3,"key":"Ring of Fangs"},{"floor":3,"key":"ReplayTheSpireMod:Ring of Exchange"},{"floor":4,"key":"hubris:OldNail"},{"floor":13,"key":"aspiration:StickyExplosives_weak"},{"floor":15,"key":"ReplayTheSpireMod:Shallot"}],"event_choices":[{"damage_healed":0,"gold_gain":0,"player_choice":"Relic","damage_taken":0,"max_hp_gain":0,"max_hp_loss":0,"event_name":"Wheel of Change","floor":4,"gold_loss":0},{"damage_healed":0,"gold_gain":0,"player_choice":"Donut","damage_taken":0,"max_hp_gain":5,"max_hp_loss":0,"event_name":"Big Fish","floor":10,"gold_loss":0},{"damage_healed":0,"gold_gain":0,"player_choice":"Lose Max HP","damage_taken":0,"relics_obtained":["Golden Idol"],"max_hp_gain":0,"max_hp_loss":6,"event_name":"Golden Idol","floor":12,"gold_loss":0}],"is_beta":false,"boss_relics":[],"items_purged_floors":[5],"is_endless":false,"potions_floor_spawned":[7,8,13],"killed_by":"Hexaghost","ascension_level":0}}