{"host":"oiai0qxasotny765","time":1609836022,"event":{"mods":["2.2 Compatiblity","AchievementEnabler","BaseMod","Colored Map","Minty Spire (QoL Compilation)","Permanent Neow","Relic Stats","StSLib","SuperFastMode","everything is the same but u backflip on backflip"],"gold_per_floor":[416,434,110,110,35,67,67,67,67],"floor_reached":8,"playtime":182,"items_purged":["Strike_R"],"score":97,"play_id":"05993f18-48d9-4db5-bca7-d25be439e4f7","local_time":"20210105174022","is_ascension_mode":true,"campfire_choices":[{"data":"Fire Breathing","floor":7,"key":"SMITH"}],"circlet_count":0,"master_deck":["AscendersBane","Strike_R","Strike_R","Strike_R","Strike_R","Defend_R","Defend_R","Defend_R","Bash","Fire Breathing+1","Offering","Dark Embrace"],"relics":["Burning Blood","Old Coin","Membership Card","Pear"],"acts_visited":["Exordium"],"potions_floor_usage":[8],"damage_taken":[{"damage":11,"enemies":"2 Louse","floor":1,"turns":3},{"damage":8,"enemies":"Jaw Worm","floor":2,"turns":5},{"damage":62,"enemies":"Gremlin Nob","floor":6,"turns":5},{"damage":16,"enemies":"Lagavulin","floor":8,"turns":5}],"seed_played":"-1494666337477124020","potions_obtained":[{"floor":1,"key":"BlessingOfTheForge"}],"is_trial":false,"path_per_floor":["M","M","$","?","?","E","R","E"],"character_chosen":"IRONCLAD","items_purchased":["Membership Card","Offering","Dark Embrace"],"campfire_rested":0,"item_purchase_floors":[3,3,3],"current_hp_per_floor":[63,61,61,66,66,20,20,4,4],"gold":67,"neow_bonus":"ONE_RARE_RELIC","is_daily":false,"chose_seed":false,"campfire_upgraded":1,"win_rate":0.0,"timestamp":1609836022,"path_taken":["M","M","$","?","?","E","R","E"],"items_purchased_type":["Relic","Card","Card"],"build_version":"2020-12-22","purchased_purges":1,"victory":false,"max_hp_per_floor":[68,68,68,73,73,83,83,83,83],"relic_stats":{"counters":[4,18],"obtain_stats":[{"Pear":6,"Membership Card":3,"Burning Blood":0,"Old Coin":0},{"Pear":3,"Membership Card":2,"Burning Blood":0,"Old Coin":0},{"Pear":13,"Membership Card":8,"Burning Blood":0,"Old Coin":0}],"Burning Blood":18},"card_choices":[{"not_picked":["Carnage","Flex"],"picked":"Fire Breathing","floor":1},{"not_picked":["Flex","Whirlwind","Headbutt"],"picked":"SKIP","floor":2},{"not_picked":["Flex","Whirlwind","Headbutt"],"picked":"SKIP","floor":2},{"not_picked":["Perfected Strike","Searing Blow","Body Slam"],"picked":"SKIP","floor":6}],"player_experience":306817,"relics_obtained":[{"floor":6,"key":"Pear"}],"event_choices":[{"damage_healed":0,"gold_gain":0,"player_choice":"Donut","damage_taken":0,"max_hp_gain":5,"max_hp_loss":0,"event_name":"Big Fish","floor":4,"gold_loss":0},{"cards_removed":["Defend_R"],"damage_healed":0,"gold_gain":0,"player_choice":"Card Removal","damage_taken":0,"max_hp_gain":0,"max_hp_loss":0,"event_name":"The Cleric","floor":5,"gold_loss":75}],"is_beta":false,"boss_relics":[],"items_purged_floors":[3],"is_endless":false,"potions_floor_spawned":[1],"killed_by":"Lagavulin","ascension_level":16}}