{"host":"wonp23fsqqcu31ie","time":1609814791,"event":{"mods":["2.2 Compatiblity","AchievementEnabler","Aspiration","BaseMod","Bestiary","Better Altar","Better Match","Better Sensory Stone","Better Skull","Better Third Choice","BetterRewards","Block Reminder","Colored Map","Colored Powertips","Conspire","Curses Come First","DeckTracker","Displayed Cursed Tome","Downfall","Hermit","Highlight Path","Hubris","Marisa????????","Minty Spire (QoL Compilation)","Permanent Neow","Quick Restart","Rare Cards Sparkle","Relic Stats","Replay The Spire","Robot Space Explorer","Shade Mod","Shop Mod","StSLib","SuperFastMode","The Animator","The Cursed","The Gatherer","The Marked","The Necromancer","The Runesmith","The Servant 0.9.4"],"gold_per_floor":[116,116,130,30,30,30,63,73,73,85,124,149,161,161],"floor_reached":13,"playtime":558,"items_purged":[],"score":98,"play_id":"a2a33623-082e-4884-a92a-965a5f73b7b2","local_time":"20210105134631","is_ascension_mode":true,"campfire_choices":[{"floor":6,"key":"RECALL"}],"circlet_count":0,"master_deck":["theMarked:Strike","theMarked:Strike","theMarked:Strike","theMarked:Strike","theMarked:Strike","theMarked:Defend+1","theMarked:Defend","theMarked:Defend","theMarked:Defend","theMarked:SoldierOfQuellstein","theMarked:ParalyzingBlade+1","Ghostly","theMarked:WardOff","theMarked:TwofoldDefense","theMarked:GodGivenPower"],"relics":["theMarked:ArtifactOfAir","aspiration:Nostalgia","Gatherer:AlchemyBag","Centennial Puzzle","MawBank","Pantograph"],"acts_visited":["Exordium"],"potions_floor_usage":[11,13],"damage_taken":[{"damage":0,"enemies":"2 Louse","floor":1,"turns":2},{"damage":1,"enemies":"Jaw Worm","floor":3,"turns":3},{"damage":25,"enemies":"Gremlin Nob","floor":7,"turns":4},{"damage":0,"enemies":"Small Slimes","floor":8,"turns":4},{"damage":13,"enemies":"Lagavulin","floor":11,"turns":9},{"damage":14,"enemies":"Exordium Thugs","floor":12,"turns":6},{"damage":11,"enemies":"3 Sentries","floor":13,"turns":7}],"seed_played":"6991465869684422153","potions_obtained":[{"floor":1,"key":"LifebloodPotion"},{"floor":8,"key":"Milkshake"},{"floor":11,"key":"DuplicationPotion"}],"is_trial":false,"path_per_floor":["M","?","M","?","?","R","E","M","T","$","E","M","E"],"character_chosen":"THE_DEFAULT","items_purchased":[],"campfire_rested":0,"item_purchase_floors":[],"current_hp_per_floor":[70,56,55,55,55,55,30,30,30,30,17,3,0,0],"gold":161,"neow_bonus":"NOSTALGIA","is_daily":false,"chose_seed":false,"campfire_upgraded":0,"win_rate":0.0,"timestamp":1609814791,"path_taken":["M","?","M","?","?","R","E","M","T","?","E","?","E"],"items_purchased_type":[],"build_version":"2020-12-22","purchased_purges":0,"victory":false,"max_hp_per_floor":[70,70,70,70,70,70,70,70,70,70,70,70,70,70],"relic_stats":{"Centennial Puzzle":[9],"counters":[66,305],"Pantograph":0,"MawBank":48,"obtain_stats":[{"hubris:CrystalStatue":23,"aspiration:RitualStick":23,"Ring of Searing":8,"Centennial Puzzle":7,"HornCleat":43,"aspiration:BabyByrd":2,"aspiration:ArtOfWarUpgrade":10,"Fusion Hammer":34,"theMarked:VonisonLock":28,"theMarked:BronzeBlade":36,"hubris:TinFlute":33,"MerchantsRug":0,"Happy Flower":11,"Ring of Hypnosis":13,"aspiration:Nostalgia":27,"ReplayTheSpireMod:CursedCoin":0,"hubris:SphereOfDissonance":6,"Replay:Ancient Bell":17,"aspiration:SeaSaltIceCream":9,"Replay:Baseball":45,"Shuriken":31,"ReplayTheSpireMod:Ring of Collecting":49,"MutagenicStrength":19,"ReplayTheSpireMod:TigerMarble":6,"MiniHakkero":9,"Meat on the Bone":0,"Blue Doll":15,"Mango":0,"conspire:SpecialSausage":17,"Incense Burner":17,"Nunchaku":12,"Replay:Bandana":26,"Dream Catcher":14,"Mummified Hand":17,"theMarked:SecretDocuments":42,"Ring of Peace":8,"Pantograph":11,"Toolbox":0,"Red Mask":29,"BargainBundle":5,"Replay:M_StaffOfTheSnake":27,"theMarked:Gun":28,"hubris:Towel":3,"Medical Kit":30,"MawBank":9,"theMarked:ArtifactOfAir":0,"Ring of Fury":49,"Turnip":0,"Art of War":4,"Runesmith:AutoHammer":17,"Membership Card":41,"aspiration:MarisaSkillbook":19,"Toy Ornithopter":24,"Gatherer:AlchemyBag":0},{"hubris:CrystalStatue":11,"aspiration:RitualStick":32,"Ring of Searing":3,"Centennial Puzzle":62,"HornCleat":19,"aspiration:BabyByrd":24,"aspiration:ArtOfWarUpgrade":26,"Fusion Hammer":14,"theMarked:VonisonLock":33,"theMarked:BronzeBlade":36,"hubris:TinFlute":35,"MerchantsRug":23,"Happy Flower":26,"Ring of Hypnosis":52,"aspiration:Nostalgia":11,"ReplayTheSpireMod:CursedCoin":23,"hubris:SphereOfDissonance":3,"Replay:Ancient Bell":6,"aspiration:SeaSaltIceCream":50,"Replay:Baseball":20,"Shuriken":13,"ReplayTheSpireMod:Ring of Collecting":43,"MutagenicStrength":55,"ReplayTheSpireMod:TigerMarble":49,"MiniHakkero":50,"Meat on the Bone":23,"Blue Doll":28,"Mango":47,"conspire:SpecialSausage":54,"Incense Burner":6,"Nunchaku":5,"Replay:Bandana":11,"Dream Catcher":28,"Mummified Hand":6,"theMarked:SecretDocuments":40,"Ring of Peace":3,"Pantograph":64,"Toolbox":47,"Red Mask":34,"BargainBundle":2,"Replay:M_StaffOfTheSnake":11,"theMarked:Gun":11,"hubris:Towel":48,"Medical Kit":34,"MawBank":63,"theMarked:ArtifactOfAir":0,"Ring of Fury":43,"Turnip":47,"Art of War":24,"Runesmith:AutoHammer":6,"Membership Card":39,"aspiration:MarisaSkillbook":29,"Toy Ornithopter":57,"Gatherer:AlchemyBag":59},{"hubris:CrystalStatue":54,"aspiration:RitualStick":153,"Ring of Searing":10,"Centennial Puzzle":279,"HornCleat":90,"aspiration:BabyByrd":120,"aspiration:ArtOfWarUpgrade":124,"Fusion Hammer":68,"theMarked:VonisonLock":157,"theMarked:BronzeBlade":174,"hubris:TinFlute":168,"MerchantsRug":116,"Happy Flower":124,"Ring of Hypnosis":235,"aspiration:Nostalgia":54,"ReplayTheSpireMod:CursedCoin":116,"hubris:SphereOfDissonance":10,"Replay:Ancient Bell":28,"aspiration:SeaSaltIceCream":227,"Replay:Baseball":97,"Shuriken":62,"ReplayTheSpireMod:Ring of Collecting":202,"MutagenicStrength":248,"ReplayTheSpireMod:TigerMarble":223,"MiniHakkero":227,"Meat on the Bone":116,"Blue Doll":135,"Mango":219,"conspire:SpecialSausage":246,"Incense Burner":28,"Nunchaku":17,"Replay:Bandana":54,"Dream Catcher":135,"Mummified Hand":28,"theMarked:SecretDocuments":190,"Ring of Peace":10,"Pantograph":292,"Toolbox":219,"Red Mask":161,"BargainBundle":5,"Replay:M_StaffOfTheSnake":54,"theMarked:Gun":54,"hubris:Towel":221,"Medical Kit":161,"MawBank":283,"theMarked:ArtifactOfAir":0,"Ring of Fury":202,"Turnip":219,"Art of War":120,"Runesmith:AutoHammer":28,"Membership Card":185,"aspiration:MarisaSkillbook":141,"Toy Ornithopter":258,"Gatherer:AlchemyBag":270}]},"card_choices":[{"not_picked":["theMarked:TwofoldDefense","theMarked:TakeCover"],"picked":"theMarked:ParalyzingBlade","floor":1},{"not_picked":["theMarked:Electrify","theMarked:Improvise","theMarked:Convert"],"picked":"SKIP","floor":3},{"not_picked":["theMarked:Overthink","theMarked:CreepingChasm"],"picked":"theMarked:WardOff","floor":7},{"not_picked":["theMarked:TunnelVision","theMarked:ReduceFriction"],"picked":"theMarked:TwofoldDefense","floor":8},{"not_picked":["theMarked:Improvise","theMarked:RepellingDischarge","theMarked:Static"],"picked":"SKIP","floor":11},{"not_picked":["theMarked:Parkour","theMarked:Aftermath"],"picked":"theMarked:GodGivenPower","floor":12}],"player_experience":449715,"relics_obtained":[{"floor":7,"key":"Centennial Puzzle"},{"floor":9,"key":"MawBank"},{"floor":11,"key":"Pantograph"}],"event_choices":[{"damage_healed":70,"gold_gain":0,"player_choice":"Upgrade","damage_taken":14,"max_hp_gain":0,"max_hp_loss":70,"event_name":"betterThird:BetterShining","floor":2,"gold_loss":0,"cards_upgraded":["theMarked:ParalyzingBlade","theMarked:Defend"]},{"damage_healed":0,"gold_gain":0,"player_choice":"Argue","damage_taken":0,"max_hp_gain":0,"max_hp_loss":0,"event_name":"conspire:LoneGhost","floor":4,"gold_loss":0},{"damage_healed":0,"gold_gain":0,"player_choice":"Leave","damage_taken":0,"max_hp_gain":0,"max_hp_loss":0,"event_name":"conspire:Investor","floor":5,"gold_loss":0}],"is_beta":false,"boss_relics":[],"items_purged_floors":[],"is_endless":false,"potions_floor_spawned":[1,8,11],"killed_by":"3 Sentries","ascension_level":1}}