{"host":"rygf0m8z92bga31f","time":1609876671,"event":{"mods":["BaseMod","Bestiary","Colored Powertips","Filter the Spire","Minty Spire (QoL Compilation)","Rare Cards Sparkle","Relic Stats","StSLib","Waifu the Spire"],"gold_per_floor":[110,185,197,212,137,137,170,170,170,203,45,64,64,80,80,184,184,194,208,208,208,220,249,263,263,341,354,385,385,413,429,429,531,531,541,595,595,610,630,664,664,695,695,728,728,738,757,166,166,166,166,166,34,63,63],"floor_reached":56,"playtime":2661,"items_purged":["Writhe","Pain","Strike_G"],"score":1617,"play_id":"cc1a676d-4fa4-4433-b079-93f20ea15092","local_time":"20210105215751","is_ascension_mode":true,"campfire_choices":[{"data":"Adrenaline","floor":6,"key":"SMITH"},{"floor":13,"key":"REST"},{"data":"Well Laid Plans","floor":15,"key":"SMITH"},{"floor":32,"key":"REST"},{"data":"A Thousand Cuts","floor":41,"key":"SMITH"},{"floor":49,"key":"RECALL"},{"data":"After Image","floor":52,"key":"SMITH"}],"circlet_count":0,"master_deck":["Strike_G","Strike_G","Defend_G","Defend_G+1","Defend_G","Defend_G+1","Defend_G","Survivor","Neutralize","Adrenaline+1","Slice","Poisoned Stab","Quick Slash","After Image+1","Deadly Poison","Well Laid Plans+1","Malaise","Catalyst+1","Noxious Fumes+1","Bouncing Flask","RitualDagger","Backflip","Backflip","Blade Dance+1","Corpse Explosion","Infinite Blades","A Thousand Cuts+1","Backflip","Wraith Form v2","Dash+1","Backflip+1","Cloak And Dagger+1","Prepared+1","Footwork+1","Bouncing Flask+1","PiercingWail","Leg Sweep","Venomology"],"relics":["Ring of the Snake","CaptainsWheel","WarpedTongs","Letter Opener","MawBank","Philosopher\u0027s Stone","Mummified Hand","HornCleat","Snake Skull","PreservedInsect","SlaversCollar","FossilizedHelix","Blue Candle","Bottled Flame","War Paint","Ice Cream","Strawberry","Bird Faced Urn"],"acts_visited":["Exordium","TheCity","TheBeyond","TheEnding"],"potions_floor_usage":[16,16,23,23,28,32,33,55,55,55,55],"damage_taken":[{"damage":0,"enemies":"Cultist","floor":1,"turns":3},{"damage":0,"enemies":"Jaw Worm","floor":3,"turns":3},{"damage":0,"enemies":"2 Louse","floor":4,"turns":2},{"damage":24,"enemies":"Gremlin Nob","floor":7,"turns":4},{"damage":16,"enemies":"Lagavulin","floor":10,"turns":8},{"damage":5,"enemies":"Looter","floor":12,"turns":2},{"damage":1,"enemies":"Exordium Thugs","floor":14,"turns":4},{"damage":8,"enemies":"Slime Boss","floor":16,"turns":10},{"damage":0,"enemies":"Spheric Guardian","floor":18,"turns":4},{"damage":3,"enemies":"3 Byrds","floor":19,"turns":4},{"damage":10,"enemies":"Cultist and Chosen","floor":22,"turns":6},{"damage":14,"enemies":"Gremlin Leader","floor":23,"turns":8},{"damage":0,"enemies":"Snake Plant","floor":24,"turns":4},{"damage":0,"enemies":"Chosen and Byrds","floor":27,"turns":5},{"damage":13,"enemies":"Slavers","floor":28,"turns":5},{"damage":0,"enemies":"Book of Stabbing","floor":30,"turns":5},{"damage":3,"enemies":"Centurion and Healer","floor":31,"turns":5},{"damage":2,"enemies":"Collector","floor":33,"turns":8},{"damage":2,"enemies":"3 Darklings","floor":35,"turns":4},{"damage":15,"enemies":"2 Orb Walkers","floor":36,"turns":4},{"damage":0,"enemies":"Orb Walker","floor":38,"turns":4},{"damage":1,"enemies":"Writhing Mass","floor":39,"turns":4},{"damage":0,"enemies":"Nemesis","floor":40,"turns":7},{"damage":0,"enemies":"Giant Head","floor":42,"turns":6},{"damage":1,"enemies":"Reptomancer","floor":44,"turns":6},{"damage":0,"enemies":"Jaw Worm Horde","floor":46,"turns":4},{"damage":0,"enemies":"Transient","floor":47,"turns":5},{"damage":0,"enemies":"Time Eater","floor":50,"turns":6},{"damage":0,"enemies":"Shield and Spear","floor":54,"turns":3},{"damage":0,"enemies":"The Heart","floor":55,"turns":7}],"seed_played":"-6380767378987903675","potions_obtained":[{"floor":4,"key":"Explosive Potion"},{"floor":12,"key":"Explosive Potion"},{"floor":14,"key":"GamblersBrew"},{"floor":18,"key":"DuplicationPotion"},{"floor":19,"key":"Swift Potion"},{"floor":30,"key":"Fruit Juice"},{"floor":31,"key":"PowerPotion"},{"floor":33,"key":"SpeedPotion"},{"floor":35,"key":"Swift Potion"},{"floor":36,"key":"Weak Potion"},{"floor":44,"key":"Fire Potion"}],"is_trial":false,"path_per_floor":["M","?","M","M","$","R","E","?","T","E","$","M","R","M","R","B",null,"M","M","?","?","M","E","M","?","T","M","E","?","E","M","R","B",null,"M","?","?","M","M","E","R","E","T","E","?","M","M","$","R","B",null,"R","$","E","B",null],"character_chosen":"THE_SILENT","items_purchased":["Well Laid Plans","Ice Cream","Strawberry","Leg Sweep","Swift Potion"],"campfire_rested":2,"item_purchase_floors":[11,48,48,53,53],"current_hp_per_floor":[70,59,59,59,59,59,35,35,35,19,19,14,35,34,34,26,70,70,67,67,61,51,37,37,24,24,24,11,11,11,8,37,35,80,78,63,63,63,62,62,62,62,62,61,61,61,61,68,68,68,83,83,83,83,83],"gold":63,"neow_bonus":"THREE_RARE_CARDS","is_daily":false,"chose_seed":false,"campfire_upgraded":4,"win_rate":0.0,"timestamp":1609876671,"path_taken":["M","?","M","M","$","R","E","?","T","E","$","?","R","M","R","BOSS","M","M","?","?","M","E","M","?","T","?","E","?","E","M","R","BOSS","M","?","?","M","M","E","R","E","T","E","?","M","M","$","R","BOSS","R","$","E","BOSS"],"items_purchased_type":["Card","Relic","Relic","Card","Potion"],"build_version":"2020-12-22","purchased_purges":3,"victory":true,"max_hp_per_floor":[70,70,70,70,70,70,70,70,70,70,70,70,70,70,70,70,70,70,70,70,70,70,70,70,75,75,75,75,75,75,75,80,80,80,80,80,76,76,76,76,76,76,76,76,76,76,76,83,83,83,83,83,83,83,83],"relic_stats":{"counters":[30,150],"Mummified Hand":[96],"Blue Candle":[0],"Bird Faced Urn":[0],"Snake Skull":[143],"PreservedInsect":300,"Letter Opener":[369],"War Paint":["Defend_G","Defend_G"],"MawBank":12,"obtain_stats":[{"Ice Cream":48,"Blue Candle":40,"Snake Skull":28,"PreservedInsect":30,"Letter Opener":9,"War Paint":44,"MawBank":10,"WarpedTongs":8,"SlaversCollar":34,"CaptainsWheel":7,"Bottled Flame":42,"HornCleat":26,"Mummified Hand":23,"Strawberry":48,"Bird Faced Urn":54,"Philosopher\u0027s Stone":17,"FossilizedHelix":36,"Ring of the Snake":0},{"Ice Cream":27,"Blue Candle":23,"Snake Skull":15,"PreservedInsect":16,"Letter Opener":4,"War Paint":25,"MawBank":5,"WarpedTongs":4,"SlaversCollar":18,"CaptainsWheel":4,"Bottled Flame":24,"HornCleat":13,"Mummified Hand":12,"Strawberry":27,"Bird Faced Urn":29,"Philosopher\u0027s Stone":8,"FossilizedHelix":20,"Ring of the Snake":0},{"Ice Cream":134,"Blue Candle":113,"Snake Skull":72,"PreservedInsect":77,"Letter Opener":12,"War Paint":125,"MawBank":20,"WarpedTongs":12,"SlaversCollar":90,"CaptainsWheel":12,"Bottled Flame":119,"HornCleat":62,"Mummified Hand":58,"Strawberry":134,"Bird Faced Urn":143,"Philosopher\u0027s Stone":36,"FossilizedHelix":98,"Ring of the Snake":0}],"Ring of the Snake":[60],"WarpedTongs":[138]},"card_choices":[{"not_picked":["Tools of the Trade","Envenom"],"picked":"Adrenaline","floor":0},{"not_picked":["Dodge and Roll","Outmaneuver"],"picked":"Slice","floor":1},{"not_picked":["PiercingWail","Expertise"],"picked":"Poisoned Stab","floor":3},{"not_picked":["Choke","All Out Attack"],"picked":"Quick Slash","floor":4},{"not_picked":["Bane","PiercingWail"],"picked":"After Image","floor":7},{"not_picked":["Endless Agony","Outmaneuver"],"picked":"Deadly Poison","floor":10},{"not_picked":["Expertise","Flying Knee","Finisher"],"picked":"SKIP","floor":12},{"not_picked":["Concentrate","Poisoned Stab","Riddle With Holes"],"picked":"SKIP","floor":14},{"not_picked":["Die Die Die","Envenom"],"picked":"Malaise","floor":16},{"not_picked":["Dagger Spray","Tactician"],"picked":"Catalyst+1","floor":18},{"not_picked":["Poisoned Stab","Blade Dance+1"],"picked":"Noxious Fumes+1","floor":19},{"not_picked":["Setup","Slice"],"picked":"Backflip","floor":22},{"not_picked":["Outmaneuver","Underhanded Strike"],"picked":"Backflip","floor":23},{"not_picked":["Tactician","Dagger Spray","Dodge and Roll"],"picked":"SKIP","floor":24},{"not_picked":["Backflip","Infinite Blades"],"picked":"Blade Dance+1","floor":27},{"not_picked":["Sucker Punch+1","Dagger Spray","Quick Slash"],"picked":"SKIP","floor":28},{"not_picked":["Dodge and Roll+1","Bane+1"],"picked":"A Thousand Cuts","floor":30},{"not_picked":["Eviscerate","Flechettes"],"picked":"Backflip","floor":31},{"not_picked":["Bullet Time","Grand Finale"],"picked":"Wraith Form v2","floor":33},{"not_picked":["Bane","Outmaneuver+1"],"picked":"Dash+1","floor":35},{"not_picked":["Underhanded Strike","Quick Slash+1"],"picked":"Backflip+1","floor":36},{"not_picked":["Deflect","Underhanded Strike+1","Backflip+1"],"picked":"SKIP","floor":38},{"not_picked":["Escape Plan+1","Acrobatics"],"picked":"Cloak And Dagger+1","floor":39},{"not_picked":["Doppelganger","Outmaneuver+1"],"picked":"Prepared+1","floor":40},{"not_picked":["Sucker Punch+1","Prepared+1"],"picked":"Footwork+1","floor":42},{"not_picked":["Eviscerate","Acrobatics","Backflip+1"],"picked":"SKIP","floor":44},{"not_picked":["Caltrops","Reflex+1"],"picked":"Bouncing Flask+1","floor":46},{"not_picked":["Setup+1","Cloak And Dagger+1"],"picked":"PiercingWail","floor":47},{"not_picked":["Flying Knee+1","Blade Dance"],"picked":"Venomology","floor":54}],"player_experience":1855017,"relics_obtained":[{"floor":7,"key":"CaptainsWheel"},{"floor":9,"key":"Letter Opener"},{"floor":10,"key":"MawBank"},{"floor":23,"key":"Mummified Hand"},{"floor":26,"key":"HornCleat"},{"floor":28,"key":"Snake Skull"},{"floor":30,"key":"PreservedInsect"},{"floor":36,"key":"FossilizedHelix"},{"floor":40,"key":"Blue Candle"},{"floor":42,"key":"Bottled Flame"},{"floor":44,"key":"War Paint"},{"floor":54,"key":"Bird Faced Urn"}],"event_choices":[{"damage_healed":0,"gold_gain":75,"player_choice":"Gather Gold","damage_taken":11,"max_hp_gain":0,"max_hp_loss":0,"event_name":"World of Goop","floor":2,"gold_loss":0},{"damage_healed":0,"gold_gain":0,"player_choice":"Rummage","damage_taken":0,"relics_obtained":["WarpedTongs"],"max_hp_gain":0,"max_hp_loss":0,"event_name":"Accursed Blacksmith","floor":8,"gold_loss":0,"cards_obtained":["Pain"]},{"damage_healed":0,"gold_gain":0,"player_choice":"Read","damage_taken":0,"max_hp_gain":0,"max_hp_loss":0,"event_name":"The Library","floor":20,"gold_loss":0,"cards_obtained":["Bouncing Flask"]},{"damage_healed":0,"gold_gain":0,"player_choice":"Joined the Cult","damage_taken":6,"max_hp_gain":0,"max_hp_loss":0,"event_name":"Nest","floor":21,"gold_loss":0,"cards_obtained":["RitualDagger"]},{"damage_healed":0,"gold_gain":0,"player_choice":"Shed Blood","damage_taken":18,"max_hp_gain":5,"max_hp_loss":0,"event_name":"Forgotten Altar","floor":25,"gold_loss":0},{"damage_healed":0,"gold_gain":0,"cards_transformed":["Strike_G","Strike_G"],"player_choice":"Became Test Subject","damage_taken":0,"max_hp_gain":0,"max_hp_loss":0,"event_name":"Drug Dealer","floor":29,"gold_loss":0,"cards_obtained":["Corpse Explosion","Infinite Blades"]},{"damage_healed":0,"gold_gain":0,"player_choice":"Fight","damage_taken":0,"max_hp_gain":0,"max_hp_loss":0,"event_name":"Mysterious Sphere","floor":36,"gold_loss":0},{"damage_healed":0,"gold_gain":0,"player_choice":"Max HP","damage_taken":0,"max_hp_gain":0,"max_hp_loss":4,"event_name":"Winding Halls","floor":37,"gold_loss":0},{"damage_healed":0,"gold_gain":0,"player_choice":"Ignored","damage_taken":0,"max_hp_gain":0,"max_hp_loss":0,"event_name":"Tomb of Lord Red Mask","floor":45,"gold_loss":0}],"is_beta":false,"boss_relics":[{"not_picked":["Velvet Choker","Ectoplasm"],"picked":"Philosopher\u0027s Stone"},{"not_picked":["Runic Dome","Tiny House"],"picked":"SlaversCollar"}],"items_purged_floors":[5,11,48],"is_endless":false,"potions_floor_spawned":[4,12,14,18,19,30,31,33,35,36,38,44],"ascension_level":1}}