{"host":"xtgfl0e7r8rfgbei","time":1609817053,"event":{"mods":["Arknights The Spire","BaseMod","Colored Map","Colored Powertips","Downfall","Infinite Spire","Marisa£®ÏF”Í°°ƒß¿Ì…≥£©","Minty Spire (QoL Compilation)","READ ME - Guardian Mod","Rare Cards Sparkle","Replay The Spire","StSLib","The Bug Knight","The Cursed","The Servant 0.9.4","≤–¡Ù÷ÆŒÔ"],"gold_per_floor":[15,34,50,17,33,66,76,76,76,41,72,72,132,142,142,240,240,260,13,0,12,12,12,32,32,81,95,95,95,95],"floor_reached":29,"playtime":2388,"items_purged":[],"score":235,"play_id":"37b0079d-ecb5-4cf5-b943-325d469d8f04","local_time":"20210105112413","is_ascension_mode":false,"campfire_choices":[{"floor":12,"key":"DIG"},{"floor":15,"key":"DIG"},{"floor":23,"key":"DIG"},{"floor":25,"key":"DIG"},{"floor":28,"key":"RECALL"}],"circlet_count":0,"master_deck":["PlaceholderMod:BaseStrike","PlaceholderMod:BaseStrike","PlaceholderMod:BaseStrike","PlaceholderMod:BaseStrike","PlaceholderMod:BaseStrike","PlaceholderMod:BaseDefend","PlaceholderMod:BaseDefend","PlaceholderMod:BaseDefend","PlaceholderMod:BaseDefend","PlaceholderMod:BaseDefend","PlaceholderMod:Crystal","PlaceholderMod:PoisonWhip","PlaceholderMod:ConsolidateHit","PlaceholderMod:EvolutionSpray","PlaceholderMod:DissolvingSpikes","PlaceholderMod:DissolvingSpikes","PlaceholderMod:Hard","PlaceholderMod:DiffusionChemical","PlaceholderMod:UnpureUse","PlaceholderMod:NutritionAbsorb","ReplayTheSpireMod:Splinters","PlaceholderMod:HardStrike","PlaceholderMod:ParasiteChange","PlaceholderMod:FinalSpray","PlaceholderMod:HealingAttack","PlaceholderMod:HighConcentration","PlaceholderMod:ProliferateStrike","PlaceholderMod:Crystallization+1","PlaceholderMod:CycleAttack","PlaceholderMod:Colorful"],"relics":["PlaceholderMod:Tancle","Shovel","Nunchaku","Bottled Tornado","Pear","Replay:Bottled Flurry","Bag of Marbles","Ornamental Fan","InkBottle","Coffee Dripper","MealTicket","Replay:Accelerometer","Replay:Kaleidoscope","Kunai"],"acts_visited":["Exordium","TheCity"],"potions_floor_usage":[7,14,18,24,27],"damage_taken":[{"damage":13,"enemies":"infinitespire:Voidling","floor":1,"turns":4},{"damage":1,"enemies":"Cultist","floor":2,"turns":4},{"damage":5,"enemies":"2 Louse","floor":3,"turns":2},{"damage":10,"enemies":"Large Slime","floor":5,"turns":6},{"damage":3,"enemies":"HollowMod:MossKnight","floor":6,"turns":10},{"damage":12,"enemies":"2 Fungi Beasts","floor":7,"turns":3},{"damage":9,"enemies":"Replay:BlueRogue","floor":11,"turns":8},{"damage":3,"enemies":"Exordium Wildlife","floor":14,"turns":4},{"damage":46,"enemies":"Hexaghost","floor":16,"turns":12},{"damage":48,"enemies":"3 Byrds","floor":18,"turns":4},{"damage":23,"enemies":"2 Thieves","floor":21,"turns":2},{"damage":12,"enemies":"Centurion and Healer","floor":24,"turns":6},{"damage":0,"enemies":"Snake Plant","floor":27,"turns":1},{"damage":0,"enemies":"3 Cultists","floor":29,"turns":2}],"seed_played":"9152511788820427022","potions_obtained":[{"floor":3,"key":"champ:CounterPotion"},{"floor":5,"key":"Milkshake"},{"floor":6,"key":"Strength Potion"},{"floor":13,"key":"SkillPotion"},{"floor":16,"key":"DuplicationPotion"},{"floor":18,"key":"Fire Potion"}],"is_trial":false,"path_per_floor":["M","M","M","$","M","E","M","T","T","?","E","R","?","M","R_BF","B",null,"M","$","?","M","?","R","M","R","T","M","R","M"],"character_chosen":"THE_PLACEHOLDER","items_purchased":["PlaceholderMod:DissolvingSpikes","PlaceholderMod:HighConcentration","PlaceholderMod:ProliferateStrike","MealTicket"],"campfire_rested":0,"item_purchase_floors":[4,19,19,19],"current_hp_per_floor":[69,77,73,73,63,70,58,58,68,88,83,83,83,80,80,44,88,43,43,43,24,24,24,12,12,12,12,12,12,12],"gold":95,"neow_bonus":"ONE_RARE_RELIC","is_daily":false,"chose_seed":false,"campfire_upgraded":0,"win_rate":0.0,"timestamp":1609817053,"path_taken":["M","M","?","?","M","E","M","?","T","?","E","R","?","M","R_BF","BOSS","M","$","?","M","?","R","M","R","T","M","R","M"],"items_purchased_type":["Card","Card","Card","Relic"],"build_version":"2020-12-22","purchased_purges":0,"victory":false,"max_hp_per_floor":[78,78,78,78,78,78,78,78,88,88,88,88,88,88,88,88,88,88,88,88,88,88,88,88,88,88,88,88,88,88],"card_choices":[{"not_picked":["PlaceholderMod:SelectReaction","PlaceholderMod:PoisonExcitation"],"picked":"PlaceholderMod:HealingAttack","floor":1},{"not_picked":["PlaceholderMod:FastReaction","PlaceholderMod:Polyp"],"picked":"PlaceholderMod:ConsolidateHit","floor":2},{"not_picked":["PlaceholderMod:Crystallization","PlaceholderMod:DiffusionChemical"],"picked":"PlaceholderMod:EvolutionSpray","floor":3},{"not_picked":["PlaceholderMod:SprayAttack","PlaceholderMod:Internalization"],"picked":"PlaceholderMod:Hard","floor":5},{"not_picked":["PlaceholderMod:NutritionAbsorb","PlaceholderMod:SelectReaction"],"picked":"PlaceholderMod:DiffusionChemical","floor":6},{"not_picked":["PlaceholderMod:StrongAcid","PlaceholderMod:HighConcentration"],"picked":"PlaceholderMod:UnpureUse","floor":7},{"not_picked":["PlaceholderMod:HardStinger","PlaceholderMod:Sweep"],"picked":"PlaceholderMod:NutritionAbsorb","floor":11},{"not_picked":["PlaceholderMod:Polyp","PlaceholderMod:OHStrongAttack"],"picked":"PlaceholderMod:HardStrike","floor":13},{"not_picked":["PlaceholderMod:SevereHeat","PlaceholderMod:Internalization"],"picked":"PlaceholderMod:ParasiteChange","floor":14},{"not_picked":["PlaceholderMod:AbsorbTouch","PlaceholderMod:Eat"],"picked":"PlaceholderMod:FinalSpray","floor":16},{"not_picked":["PlaceholderMod:HornyBlast+1","PlaceholderMod:FastReaction"],"picked":"PlaceholderMod:HealingAttack","floor":18},{"not_picked":["PlaceholderMod:AttackAsDefend","PlaceholderMod:PoisonAbsorb"],"picked":"PlaceholderMod:Crystallization+1","floor":21},{"not_picked":["PlaceholderMod:HornyBlast","PlaceholderMod:Turn"],"picked":"PlaceholderMod:CycleAttack","floor":24},{"not_picked":["PlaceholderMod:AttackAsDefend","PlaceholderMod:StressReaction+1"],"picked":"PlaceholderMod:Colorful","floor":27}],"player_experience":322010,"relics_obtained":[{"floor":6,"key":"Nunchaku"},{"floor":8,"key":"Bottled Tornado"},{"floor":9,"key":"Pear"},{"floor":11,"key":"Replay:Bottled Flurry"},{"floor":12,"key":"Bag of Marbles"},{"floor":13,"key":"Ornamental Fan"},{"floor":15,"key":"InkBottle"},{"floor":23,"key":"Replay:Kaleidoscope"},{"floor":25,"key":"Kunai"}],"event_choices":[{"damage_healed":22,"gold_gain":0,"player_choice":"Healed","damage_taken":0,"max_hp_gain":0,"max_hp_loss":0,"event_name":"The Cleric","floor":10,"gold_loss":35},{"damage_healed":0,"gold_gain":0,"player_choice":"Paid Fearfully","damage_taken":0,"max_hp_gain":0,"max_hp_loss":0,"event_name":"Masked Bandits","floor":20,"gold_loss":13},{"cards_removed":["PlaceholderMod:HealingAttack"],"damage_healed":0,"gold_gain":0,"player_choice":"Gave Card","damage_taken":0,"relics_obtained":["Replay:Accelerometer"],"max_hp_gain":0,"max_hp_loss":0,"event_name":"WeMeetAgain","floor":22,"gold_loss":0}],"is_beta":false,"boss_relics":[{"not_picked":["Painkiller Herb","Pandora\u0027s Box"],"picked":"Coffee Dripper"}],"items_purged_floors":[],"is_endless":false,"potions_floor_spawned":[3,5,6,16,18],"killed_by":"3 Cultists","ascension_level":0}}