{"host":"ecuvtzmejf7hhjpv","time":1609806952,"event":{"mods":["AchievementEnabler","Act Like it!","Aspiration","BaseMod","Better Altar","Better Match","Better Note","Better Sensory Stone","Better Skull","Better Third Choice","BetterRewards","Conspire","Custom Start","Gensokyo","GifTheSpireLib","Hallownest","Hermit","Hubris","Kratos Character Expansion","Marisa????????","Minty Spire (QoL Compilation)","Prisma Mod","Replay The Spire","Spicy Shops","StSLib","The Animator","The Blackbeard","The Bug Knight","The Forsaken","The Hierophant","The Jungle","The Necromancer","The Poker Player","The Wild Card"],"gold_per_floor":[112,147,404,443,443,503,569,654,654,654,703,771,456,544,609,715,715,868,868,909,909,418,418,343,421,421,432,513,608,608,718,787,894,894,1065,1065,1134,644,753,842,210,315,351,418,466,544,544,544,556,574,574,599,599,599,275,354,404],"floor_reached":58,"playtime":2446,"items_purged":["PrismaMod:MiyuCommonDefend"],"score":2100,"play_id":"33550b02-dd8a-4f95-8a02-4c6af51ed426","local_time":"20210104183552","is_ascension_mode":true,"campfire_choices":[{"data":"PrismaMod:MiyuOrbIncreasePerm","floor":17,"key":"SMITH"},{"data":"PrismaMod:MiyuUncommonDexBuff","floor":26,"key":"SMITH"},{"data":"ReplayTheSpireMod:Brewmster","floor":30,"key":"SMITH"},{"floor":34,"key":"RECALL"},{"data":"PrismaMod:MiyuUncommonStrBuff","floor":48,"key":"SMITH"},{"floor":51,"key":"DIG"},{"data":"PrismaMod:MiyuDevil","floor":54,"key":"SMITH"}],"circlet_count":0,"master_deck":["PrismaMod:MiyuCommonDefend","PrismaMod:MiyuCommonDefend","PrismaMod:MiyuCommonDefend","PrismaMod:MiyuCommonAttack","PrismaMod:MiyuCommonAttack","PrismaMod:MiyuCommonAttack","PrismaMod:MiyuCommonAttack","PrismaMod:MiyuCommonAttack","PrismaMod:MiyuCheapChannelAttack","PrismaMod:MiyuCheapChannelDefend","Enlightenment","PrismaMod:MiyuUncommonAttack","PrismaMod:MiyuUberAttack","PrismaMod:MiyuUncommonDexBuff","PrismaMod:MiyuEvokeBuffStr+1","ReplayTheSpireMod:Brewmster+1","PrismaMod:MiyuUncommonDexBuff","PrismaMod:MiyuCheapDefend1+1","PrismaMod:MiyuCheapDefend2+1","PrismaMod:MiyuEvokeBuffStr","PrismaMod:MiyuDevil+1","PrismaMod:MiyuOrbIncreasePerm+1","PrismaMod:MiyuUncommonDexBuff+1","PrismaMod:MiyuEvokeBuffStr+1","PrismaMod:MiyuUncommonDexBuff+1","PrismaMod:MiyuCarnivalDefend","Cold Snap","PrismaMod:MiyuUberAttack+1","ReplayTheSpireMod:Calculation Training+1","PrismaMod:MiyuUncommonStrBuff+1","Pot Of Greed+1","Pot Of Greed+1","Pot Of Greed+1","Echo Form+1","PrismaMod:MiyuEvokeCheapAttack+1","PrismaMod:MiyuUncommonDexBuff+1","PrismaMod:MiyuUncommonDexBuff+1","Static Discharge+1","Deep Breath+1","Pot Of Greed+1","PrismaMod:MiyuCheapStrBuff+1","Master of Strategy+1","White Noise+1","Coolheaded+1","PrismaMod:MiyuUncommonDexBuff+1"],"relics":["PrismaMod:PrismaSapphire","Membership Card","hubris:EmptyBottle","Gremlin Horn","Replay:Baseball","Replay:Wax Seal","Bag of Preparation","Matryoshka","ReplayTheSpireMod:Ninjato","Omamori","Anchor","Regal Pillow","Eternal Feather","HollowMod:StagPassRelic","Pet Ghost","Blue Doll","Torii","Lee\u0027s Waffle","aspiration:FrozenJewel","aspiration:DefectSkillbook","hubris:Reverence","Toxic Egg 2","Orichalcum","conspire:TreasureMap","Bronze Scales","HornCleat","aspiration:HiddenCompartment","Grinning Jar","Mummified Hand","Busted Crown","Chemical X","Orrery","conspire:TopHat","aspiration:Lifesprig","Replay:WaspNest","Pear","Guide Book","Frozen Eye","hubris:DeckOfHolding","Ancient Tea Set","theForsaken:Gavel","ReplayFunnel","Toy Ornithopter","Strawberry","hubris:PeanutButter","theForsaken:Lifeblossom","TheAbacus","War Paint","hubris:Metronome","Art of War"],"acts_visited":["Exordium","TheCity","TheBeyond","TheEnding"],"potions_floor_usage":[6,6,6,6,6,8,8,8,8,18,18,18,18,25,27,31,31,31,32,32,33,33,33,33,35,35,35,35,50,57,57,57,57],"damage_taken":[{"damage":0,"enemies":"Small Slimes","floor":1,"turns":3},{"damage":0,"enemies":"2 Louse","floor":2,"turns":3},{"damage":0,"enemies":"conspire:RoseBush","floor":4,"turns":4},{"damage":5,"enemies":"Gremlin Nob","floor":6,"turns":3},{"damage":0,"enemies":"Gremlin Gang","floor":7,"turns":6},{"damage":0,"enemies":"3 Sentries","floor":8,"turns":8},{"damage":0,"enemies":"3 Louse","floor":12,"turns":4},{"damage":1,"enemies":"2 Fungi Beasts","floor":14,"turns":3},{"damage":2,"enemies":"conspire:2 RoseBushes","floor":15,"turns":3},{"damage":6,"enemies":"Replay:BlueRogue","floor":16,"turns":6},{"damage":6,"enemies":"Hexaghost","floor":18,"turns":8},{"damage":0,"enemies":"conspire:FuzzyDice","floor":20,"turns":4},{"damage":0,"enemies":"Gremlin Leader","floor":25,"turns":5},{"damage":0,"enemies":"2 Thieves","floor":27,"turns":3},{"damage":0,"enemies":"conspire:HollyBat","floor":29,"turns":6},{"damage":0,"enemies":"conspire:Head Lice","floor":31,"turns":4},{"damage":0,"enemies":"Cultist and Chosen","floor":32,"turns":4},{"damage":0,"enemies":"conspire:SneckoGhost","floor":33,"turns":6},{"damage":0,"enemies":"Automaton","floor":35,"turns":5},{"damage":14,"enemies":"3 Shapes","floor":37,"turns":3},{"damage":1,"enemies":"conspire:MimicChest","floor":39,"turns":5},{"damage":0,"enemies":"3 Darklings","floor":40,"turns":4},{"damage":0,"enemies":"HollowMod:StalkingDevout","floor":42,"turns":4},{"damage":1,"enemies":"Spire Growth","floor":43,"turns":3},{"damage":0,"enemies":"Jaw Worm Horde","floor":44,"turns":3},{"damage":0,"enemies":"R_Hoarder","floor":46,"turns":4},{"damage":0,"enemies":"3 Darklings","floor":49,"turns":3},{"damage":0,"enemies":"Transient","floor":50,"turns":5},{"damage":0,"enemies":"Donu and Deca","floor":52,"turns":3},{"damage":0,"enemies":"Shield and Spear","floor":56,"turns":3},{"damage":21,"enemies":"The Heart","floor":57,"turns":5}],"seed_played":"-4896074345452505009","potions_obtained":[{"floor":2,"key":"AttackPotion"},{"floor":4,"key":"Strength Potion"},{"floor":6,"key":"Energy Potion"},{"floor":25,"key":"Adrenaline Potion"},{"floor":31,"key":"PowerPotion"},{"floor":32,"key":"Strength Potion"}],"is_trial":false,"path_per_floor":["M","M","?","M","?","E","M","E","PTL","PTL","T","M","$","M","M","E","R","B",null,"M","?","$","?","?","E","R","M","T","M","R","E","M","E","R","B",null,"M","$","?","M","$","E","M","M","T","E","?","R","M","M","R","B",null,"R","$","E","B",null],"character_chosen":"MIYU","items_purchased":["Membership Card","hubris:EmptyBottle","Gremlin Horn","Replay:Baseball","Replay:Wax Seal","Enlightenment","PrismaMod:MiyuUncommonAttack","PrismaMod:MiyuUberAttack","PrismaMod:MiyuUncommonDexBuff","PrismaMod:MiyuEvokeBuffStr","Bag of Preparation","ReplayTheSpireMod:Brewmster","Matryoshka","ReplayTheSpireMod:Ninjato","Omamori","PrismaMod:MiyuUncommonDexBuff","Anchor","Torii","PrismaMod:MiyuUncommonDexBuff","PrismaMod:MiyuEvokeBuffStr+1","Lee\u0027s Waffle","hubris:Reverence","PrismaMod:MiyuUberAttack+1","Toxic Egg 2","Orichalcum","conspire:TreasureMap","Bronze Scales","Chemical X","PrismaMod:MiyuUncommonDexBuff","Orrery","conspire:TopHat","aspiration:Lifesprig","Replay:WaspNest","Deep Breath+1","Guide Book","PrismaMod:MiyuCheapStrBuff+1","Frozen Eye","hubris:DeckOfHolding","Ancient Tea Set","theForsaken:Gavel","Master of Strategy+1","theForsaken:Lifeblossom","TheAbacus","War Paint","hubris:Metronome","PrismaMod:MiyuUncommonDexBuff+1"],"campfire_rested":0,"item_purchase_floors":[0,0,0,0,0,0,0,0,0,0,0,0,0,0,0,0,0,13,13,13,13,22,22,22,22,22,22,38,38,38,38,38,38,38,41,41,41,41,41,41,41,55,55,55,55,55],"current_hp_per_floor":[32,32,14,18,43,42,46,50,50,50,50,54,82,82,80,76,82,76,82,82,82,82,74,74,82,82,82,82,82,82,82,82,82,82,82,82,68,68,81,85,85,92,91,92,92,99,99,99,99,99,99,99,99,99,99,99,82],"gold":404,"neow_bonus":"","is_daily":false,"chose_seed":false,"campfire_upgraded":5,"win_rate":0.0,"timestamp":1609806952,"path_taken":["M","M","?","M","?","E","M","E","PTL","PTL","T","M","$","M","M","E","R","BOSS","M","?","$","?","?","E","R","M","T","M","R","E","M","E","R","BOSS","M","$","?","M","?","E","M","?","T","E","?","R","?","M","R","BOSS","R","$","E","BOSS"],"items_purchased_type":["Relic","Relic","Relic","Relic","Relic","Card","Card","Card","Card","Card","Relic","Card","Relic","Relic","Relic","Card","Relic","Relic","Card","Card","Relic","Relic","Card","Relic","Relic","Relic","Relic","Relic","Card","Relic","Relic","Relic","Relic","Card","Relic","Card","Relic","Relic","Relic","Relic","Card","Relic","Relic","Relic","Relic","Card"],"build_version":"2020-12-22","purchased_purges":1,"victory":true,"max_hp_per_floor":[75,75,75,75,75,75,75,75,75,75,75,75,82,82,82,82,82,82,82,82,82,82,82,82,82,82,82,82,82,82,82,82,82,82,82,82,82,82,92,92,92,92,92,92,92,99,99,99,99,99,99,99,99,99,99,99,99],"card_choices":[{"not_picked":["PrismaMod:MiyuCommonAOEAttack","PrismaMod:MiyuCheapChannelVul"],"picked":"PrismaMod:MiyuCheapDefend1","floor":1},{"not_picked":["PrismaMod:MiyuCheapChannelWeak","PrismaMod:MiyuCheapAttack2"],"picked":"PrismaMod:MiyuCheapDefend2","floor":2},{"not_picked":["PrismaMod:MiyuEvokeBuffDex","PrismaMod:MiyuEvokeCheapAttack"],"picked":"PrismaMod:MiyuEvokeBuffStr","floor":3},{"not_picked":["PrismaMod:MiyuCarnivalAttack","PrismaMod:MiyuEvokeAllDefend"],"picked":"PrismaMod:MiyuDevil","floor":3},{"not_picked":["PrismaMod:MiyuEvokeBuffStr","PrismaMod:MiyuUberAOEAttack","PrismaMod:MiyuCheapAttack2"],"picked":"SKIP","floor":4},{"not_picked":["PrismaMod:MiyuCheapChannelVul","PrismaMod:MiyuCheapEvoke","PrismaMod:MiyuCheapAttack1"],"picked":"SKIP","floor":6},{"not_picked":["PrismaMod:MiyuEvokeBuffDex","PrismaMod:MiyuUberAttack","PrismaMod:MiyuCommonAOEAttack"],"picked":"SKIP","floor":7},{"not_picked":["PrismaMod:MiyuCheapChannelWeak","PrismaMod:MiyuDefenseExplosion"],"picked":"PrismaMod:MiyuOrbIncreasePerm","floor":8},{"not_picked":["PrismaMod:MiyuCheapChannelDefend","PrismaMod:MiyuCheapChannelVul","PrismaMod:MiyuUberAttack"],"picked":"SKIP","floor":12},{"not_picked":["PrismaMod:MiyuBride","PrismaMod:MiyuEvokeBuffDex"],"picked":"PrismaMod:MiyuUncommonDexBuff","floor":14},{"not_picked":["PrismaMod:MiyuCheapDexBuff","PrismaMod:MiyuCarnivalAttack","PrismaMod:MiyuEvokeBuffStr"],"picked":"SKIP","floor":15},{"not_picked":["PrismaMod:MiyuUberAOEAttack","PrismaMod:MiyuCommonAOEAttack","PrismaMod:MiyuDevil"],"picked":"SKIP","floor":16},{"not_picked":["PrismaMod:MiyuDefenseAbsorbMinor","PrismaMod:MiyuUberDefend"],"picked":"PrismaMod:MiyuCarnivalDefend","floor":18},{"not_picked":["Sweeping Beam","Rebound","PrismaMod:MiyuCheapPlate"],"picked":"Cold Snap","floor":20},{"not_picked":["Streamline+1","Steam Power+1","ReplaySolidLightProjector+1"],"picked":"ReplayTheSpireMod:Calculation Training+1","floor":25},{"not_picked":["PrismaMod:MiyuCarnivalAttack","Panic Button+1","ReplaySolidLightProjector+1","PrismaMod:MiyuCheapEvoke+1"],"picked":"SKIP","floor":27},{"not_picked":["PrismaMod:MiyuUncommonAttack+1","Self Repair","PrismaMod:MiyuCheapChannelWeak+1"],"picked":"PrismaMod:MiyuUncommonStrBuff","floor":29},{"not_picked":["Ball Lightning+1","PrismaMod:MiyuCarnivalAttack","PrismaMod:MiyuCheapDexBuff+1","Redo+1"],"picked":"SKIP","floor":31},{"not_picked":["Panic Button+1","PrismaMod:MiyuUncommonAttack+1","BasicCrystalCard+1","Go for the Eyes"],"picked":"SKIP","floor":32},{"not_picked":["Rebound+1","PrismaMod:MiyuAttackChannelWeak+1","PrismaMod:MiyuUberAttack","PrismaMod:MiyuEvokeAllAttack"],"picked":"SKIP","floor":33},{"not_picked":["hubris:Prefetch+1","Buffer","Hyperbeam"],"picked":"Echo Form","floor":35},{"not_picked":["PrismaMod:MiyuCommonAOEAttack+1"],"picked":"PrismaMod:MiyuEvokeCheapAttack+1","floor":37},{"not_picked":["PrismaMod:MiyuUberAOEAttack"],"picked":"Static Discharge+1","floor":38},{"not_picked":["Redo+1","Sweeping Beam"],"picked":"SKIP","floor":40},{"not_picked":["ReplaySort+1"],"picked":"White Noise+1","floor":42},{"not_picked":["PrismaMod:MiyuCheapChannelRandom+1","Sweeping Beam"],"picked":"SKIP","floor":43},{"not_picked":["Gash"],"picked":"Coolheaded+1","floor":44},{"not_picked":["aspiration:Polymerization+1","hubris:Ukulele"],"picked":"SKIP","floor":46},{"not_picked":["Rip and Tear+1","PrismaMod:MiyuEvokeBuffStr+1"],"picked":"SKIP","floor":49},{"not_picked":["Double Energy+1","Cold Snap+1"],"picked":"SKIP","floor":50},{"not_picked":["Reinforced Body+1","Glacier+1"],"picked":"SKIP","floor":56}],"player_experience":924404,"relics_obtained":[{"floor":3,"key":"Regal Pillow"},{"floor":6,"key":"Eternal Feather"},{"floor":8,"key":"HollowMod:StagPassRelic"},{"floor":11,"key":"Pet Ghost"},{"floor":11,"key":"Blue Doll"},{"floor":16,"key":"aspiration:FrozenJewel"},{"floor":25,"key":"aspiration:HiddenCompartment"},{"floor":31,"key":"Grinning Jar"},{"floor":33,"key":"Mummified Hand"},{"floor":39,"key":"Pear"},{"floor":42,"key":"ReplayFunnel"},{"floor":45,"key":"Toy Ornithopter"},{"floor":46,"key":"Strawberry"},{"floor":51,"key":"hubris:PeanutButter"},{"floor":56,"key":"Art of War"}],"event_choices":[{"damage_healed":25,"gold_gain":0,"player_choice":"Banana","damage_taken":0,"max_hp_gain":0,"max_hp_loss":0,"event_name":"Big Fish","floor":5,"gold_loss":0},{"damage_healed":0,"gold_gain":0,"player_choice":"Ignored","damage_taken":0,"max_hp_gain":0,"max_hp_loss":0,"event_name":"betterNote:BetterNote","floor":21,"gold_loss":0,"cards_obtained":["Strike_G"]},{"damage_healed":0,"gold_gain":0,"player_choice":"HornCleat","damage_taken":0,"relics_obtained":["HornCleat"],"max_hp_gain":0,"max_hp_loss":0,"event_name":"blackbeard:ShipwreckEvent","floor":23,"gold_loss":0},{"cards_removed":["PrismaMod:MiyuCommonDefend"],"damage_healed":0,"gold_gain":0,"player_choice":"Gave Gold","damage_taken":0,"max_hp_gain":0,"max_hp_loss":0,"event_name":"Beggar","floor":24,"gold_loss":75},{"damage_healed":0,"gold_gain":0,"player_choice":"Ignored","damage_taken":0,"max_hp_gain":0,"max_hp_loss":0,"event_name":"Transmorgrifier","floor":47,"gold_loss":0}],"is_beta":false,"boss_relics":[{"not_picked":["Sozu","hubris:GrandSneckoEye"],"picked":"aspiration:DefectSkillbook"},{"not_picked":["conspire:SeveredTorchhead","Honey Jar"],"picked":"Busted Crown"}],"items_purged_floors":[13],"is_endless":false,"potions_floor_spawned":[2,4,6,7,18,20,25,31,32,39,43,46,49,56],"ascension_level":1}}