{"host":"56ghxnzsglgdq727","time":1609825957,"event":{"mods":["AchievementEnabler","BaseMod","Downfall","Minty Spire (QoL Compilation)","StSLib"],"gold_per_floor":[99,115,115,134,134,147,147,166,206,229,229,254,254,296,324,432,432,357,119,145,145,164,164,164,164,197,90,90,117,117,139,165,165,165,165],"floor_reached":33,"playtime":1394,"items_purged":["Guardian:Aged","hexamod:Strike"],"score":304,"play_id":"16927c50-5eef-48a4-b774-3653d97e2b37","local_time":"20210105005237","is_ascension_mode":false,"campfire_choices":[{"data":"Sadistic Nature","floor":1,"key":"SMITH"},{"data":"hexamod:SoulSteal","floor":11,"key":"SMITH"},{"data":"hexamod:Float","floor":13,"key":"SMITH"},{"data":"hexamod:VolcanoVisage","floor":18,"key":"SMITH"},{"floor":23,"key":"REST"},{"floor":28,"key":"REST"},{"floor":30,"key":"REST"}],"circlet_count":0,"master_deck":["hexamod:Strike","hexamod:Strike","hexamod:Strike","hexamod:Defend","hexamod:Defend","hexamod:Defend","hexamod:Defend","hexamod:Sear+1","hexamod:Float+1","Sadistic Nature+1","hexamod:SoulSteal+1","hexamod:SecondSeal","hexamod:ExtraCrispy","hexamod:VolcanoVisage+1","hexamod:ExtraCrispy","hexamod:PhantomFireball","hexamod:ThirdSeal","hexamod:FifthSeal","hexamod:FlamesFromBeyond","hexamod:SixthSeal","hexamod:FirstSeal"],"relics":["hexamod:SpiritBrand","HornCleat","Torii","Gremlin Horn","Black Star","downfall:HeartBlessingGreen","Strange Spoon","Bottled Tornado","Question Card","Regal Pillow"],"acts_visited":["Exordium","TheCity"],"potions_floor_usage":[14,15,16,16,22,26,31,33,33],"damage_taken":[{"damage":0,"enemies":"2 Louse","floor":2,"turns":3},{"damage":0,"enemies":"Small Slimes","floor":4,"turns":3},{"damage":0,"enemies":"Cultist","floor":6,"turns":3},{"damage":1,"enemies":"2 Fungi Beasts","floor":8,"turns":3},{"damage":0,"enemies":"3 Sentries","floor":9,"turns":5},{"damage":1,"enemies":"Blue Slaver","floor":10,"turns":3},{"damage":1,"enemies":"Exordium Thugs","floor":12,"turns":3},{"damage":7,"enemies":"Gremlin Nob","floor":14,"turns":3},{"damage":1,"enemies":"Large Slime","floor":15,"turns":3},{"damage":32,"enemies":"downfall:Defect","floor":16,"turns":6},{"damage":0,"enemies":"downfall:FleeingMerchant","floor":19,"turns":4},{"damage":13,"enemies":"Shell Parasite","floor":20,"turns":4},{"damage":22,"enemies":"Centurion and Healer","floor":22,"turns":6},{"damage":48,"enemies":"Book of Stabbing","floor":26,"turns":6},{"damage":0,"enemies":"downfall:FleeingMerchant","floor":27,"turns":4},{"damage":8,"enemies":"Snake Plant","floor":29,"turns":5},{"damage":17,"enemies":"Snecko","floor":31,"turns":6},{"damage":34,"enemies":"3 Cultists","floor":32,"turns":5},{"damage":24,"enemies":"downfall:Silent","floor":33,"turns":4}],"seed_played":"-5176287999820792013","potions_obtained":[{"floor":4,"key":"hexamod:EctoCoolerPotion"},{"floor":9,"key":"LiquidMemories"},{"floor":10,"key":"hexamod:DoubleChargePotion"},{"floor":15,"key":"Weak Potion"},{"floor":16,"key":"Explosive Potion"},{"floor":21,"key":"CultistPotion"},{"floor":22,"key":"Swift Potion"},{"floor":29,"key":"Fire Potion"},{"floor":32,"key":"hexamod:EctoCoolerPotion"}],"is_trial":false,"path_per_floor":["R","M","?","M","?","M","T","M","E","M","R","M","R","E","M","B",null,"R","$","M","?","M","R","T","?","E","$","R","M","R","M","M","B"],"character_chosen":"THE_SPIRIT","items_purchased":["Strange Spoon"],"campfire_rested":3,"item_purchase_floors":[19],"current_hp_per_floor":[70,70,70,70,70,70,70,69,69,68,68,67,67,60,59,27,70,70,70,57,57,35,56,56,56,8,8,44,36,70,53,19,0,0,0],"gold":165,"neow_bonus":"RANDOM_COLORLESS_2","is_daily":false,"chose_seed":false,"campfire_upgraded":4,"win_rate":0.0,"timestamp":1609825957,"path_taken":["R","M","?","M","?","M","T","?","E","M","R","M","R","E","M","BOSS","R","$","M","?","M","R","T","?","E","?","R","M","R","M","M","BOSS"],"items_purchased_type":["Relic"],"build_version":"2020-12-22","purchased_purges":2,"victory":false,"max_hp_per_floor":[70,70,70,70,70,70,70,70,70,70,70,70,70,70,70,70,70,70,70,70,70,70,70,70,70,70,70,70,70,70,70,70,70,70,70],"card_choices":[{"not_picked":["Metamorphosis","The Bomb"],"picked":"Sadistic Nature","floor":0},{"not_picked":["hexamod:NightmareStrike","hexamod:ShieldOfDarkness"],"picked":"hexamod:SpectersWail","floor":2},{"not_picked":["hexamod:RainOfEmbers","hexamod:FastForward"],"picked":"hexamod:SoulSteal","floor":4},{"not_picked":["hexamod:HeatMetal","hexamod:NightmareGuise"],"picked":"hexamod:SecondSeal","floor":6},{"not_picked":["hexamod:ShieldOfDarkness","hexamod:Firestarter","hexamod:InspiringFlames"],"picked":"SKIP","floor":8},{"not_picked":["hexamod:ShieldOfDarkness","hexamod:DynamicBlow","hexamod:CatchUp"],"picked":"SKIP","floor":9},{"not_picked":["hexamod:NightmareGuise","hexamod:AdvancingGuard","hexamod:NecessarySacrifice"],"picked":"SKIP","floor":10},{"not_picked":["hexamod:GhostLash","hexamod:Hexaguard","hexamod:ShieldOfDarkness"],"picked":"SKIP","floor":12},{"not_picked":["hexamod:SpectralAdrenaline","hexamod:SuperheatedStrike","hexamod:AdvancingGuard"],"picked":"SKIP","floor":14},{"not_picked":["hexamod:Incineration","hexamod:GhostShield"],"picked":"hexamod:ExtraCrispy","floor":15},{"not_picked":["hexamod:UnleashSpirits","hexamod:EmpoweringStance"],"picked":"hexamod:VolcanoVisage","floor":16},{"not_picked":["hexamod:PowerFromBeyond","hexamod:Hexaguard"],"picked":"hexamod:ExtraCrispy","floor":19},{"not_picked":["hexamod:Hexaguard+1","hexamod:SwordOfDarkness+1"],"picked":"hexamod:PhantomFireball","floor":20},{"not_picked":["hexamod:GhostLash+1","hexamod:Again+1","hexamod:GiftsFromTheDead"],"picked":"SKIP","floor":22},{"not_picked":["hexamod:Hexaguard+1","hexamod:InspiringFlames+1","hexamod:AdvancingGuard+1"],"picked":"SKIP","floor":26},{"not_picked":["hexamod:NightmareGuise","hexamod:ShieldOfDarkness+1","hexamod:InspiringFlames"],"picked":"SKIP","floor":26},{"not_picked":["hexamod:GhostOfSpirePresent","hexamod:SpectersWail","hexamod:GhostLash","hexamod:FastForward"],"picked":"SKIP","floor":27},{"not_picked":["hexamod:BacktrackSmack","hexamod:SpectersWail","hexamod:GhostLash+1","hexamod:ThermalTransfer+1"],"picked":"SKIP","floor":27},{"not_picked":["hexamod:GhostLash","hexamod:Firestarter+1","hexamod:Incineration+1"],"picked":"hexamod:FifthSeal","floor":29},{"not_picked":["hexamod:InspiringFlames","hexamod:Haunt","hexamod:SpectersWail"],"picked":"hexamod:FlamesFromBeyond","floor":29},{"not_picked":["hexamod:FirstSeal","hexamod:SecondSeal","hexamod:FourthSeal"],"picked":"hexamod:SixthSeal","floor":31},{"not_picked":["hexamod:RetreatToShadows+1","hexamod:HauntingEcho","hexamod:SpectralAdrenaline","hexamod:GhostShield"],"picked":"SKIP","floor":31},{"not_picked":["hexamod:SixthSeal","hexamod:SecondSeal","hexamod:FourthSeal"],"picked":"hexamod:FirstSeal","floor":32},{"not_picked":["hexamod:InspiringFlames","hexamod:DynamicBlow","hexamod:ExtraCrispy","hexamod:GhostOfSpirePast"],"picked":"SKIP","floor":32},{"not_picked":["hexamod:FastForward","hexamod:NightmareStrike","hexamod:ShieldOfDarkness","hexamod:BurningTouch"],"picked":"SKIP","floor":32}],"player_experience":151854,"relics_obtained":[{"floor":7,"key":"HornCleat"},{"floor":9,"key":"Torii"},{"floor":14,"key":"Gremlin Horn"},{"floor":24,"key":"Bottled Tornado"},{"floor":26,"key":"Question Card"},{"floor":26,"key":"Regal Pillow"}],"event_choices":[{"damage_healed":0,"gold_gain":0,"player_choice":"Upgraded","damage_taken":0,"max_hp_gain":0,"max_hp_loss":0,"event_name":"Upgrade Shrine","floor":5,"gold_loss":0,"cards_upgraded":["hexamod:Sear"]}],"is_beta":false,"boss_relics":[{"not_picked":["Busted Crown","Runic Pyramid"],"picked":"Black Star"}],"items_purged_floors":[19,27],"is_endless":false,"potions_floor_spawned":[4,9,10,15,16,22,29,32],"killed_by":"downfall:Silent","ascension_level":0}}