{"host":"8z6cx8b9r5qs18cp","time":1609890249,"event":{"mods":["AchievementEnabler","Act Like it!","Bard","BaseMod","GifTheSpireLib","Googly Eyes","Hermit","Hubris","Infinite Spire","Marked Mod","Minty Spire (QoL Compilation)","Permanent Neow","Rare Cards Sparkle","Relic Stats","Replay The Spire","StSLib","Stuff the Spire","The Animator","The Bug Knight","The Cursed","The Necromancer","The Servant 0.9.4"],"gold_per_floor":[119,119,131,150,161,161,187,200,200,219,219,219,237,270,270,270,270],"floor_reached":16,"playtime":745,"items_purged":[],"score":114,"play_id":"47fa6ad0-459f-41be-8051-a4dcaf053c51","local_time":"20210105174409","is_ascension_mode":false,"campfire_choices":[{"data":"ReplayTheSpireMod:LeadingStrike","floor":6,"key":"SMITH"},{"floor":15,"key":"REST"}],"circlet_count":0,"master_deck":["Strike_R","Strike_R","Strike_R","Strike_R","Strike_R","Defend_R","Defend_R","Defend_R","Defend_R","Bash","Bloodletting","Heavy Blade","ReplayTheSpireMod:LeadingStrike+1","Thunderclap","Rupture+1","Bloodletting","Run Through","Wild Strike","Impervious"],"relics":["hubris:CrackedHourglass","StuffTheSpire:Gunfinga","Orichalcum","StuffTheSpire:MayFlowers","hubris:Teleporter"],"acts_visited":["Exordium"],"potions_floor_usage":[13,16],"damage_taken":[{"damage":3,"enemies":"Jaw Worm","floor":1,"turns":3},{"damage":0,"enemies":"2 Louse","floor":3,"turns":2},{"damage":8,"enemies":"Small Slimes","floor":4,"turns":2},{"damage":10,"enemies":"Blue Slaver","floor":5,"turns":2},{"damage":6,"enemies":"Gremlin Nob","floor":7,"turns":3},{"damage":16,"enemies":"Red Slaver","floor":8,"turns":2},{"damage":0,"enemies":"Looter","floor":10,"turns":2},{"damage":10,"enemies":"Exordium Thugs","floor":13,"turns":4},{"damage":25,"enemies":"Lagavulin","floor":14,"turns":4},{"damage":34,"enemies":"The Guardian","floor":16,"turns":7}],"seed_played":"-8947846504473321485","potions_obtained":[{"floor":5,"key":"BlessingOfTheForge"},{"floor":14,"key":"SneckoOil"}],"is_trial":false,"path_per_floor":["M","?","M","M","M","R","E","M","T","M","?","?","M","E","R","B"],"character_chosen":"IRONCLAD","items_purchased":[],"campfire_rested":1,"item_purchase_floors":[],"current_hp_per_floor":[77,77,77,69,59,59,53,37,37,37,37,37,27,2,26,0,0],"gold":270,"neow_bonus":"BOSS_RELIC","is_daily":false,"chose_seed":false,"campfire_upgraded":1,"win_rate":0.0,"timestamp":1609890249,"path_taken":["M","?","M","M","M","R","E","M","T","M","?","?","M","E","R","BOSS"],"items_purchased_type":[],"build_version":"2020-12-22","purchased_purges":0,"victory":false,"max_hp_per_floor":[80,80,80,80,80,80,80,80,80,80,80,80,80,80,80,80,80],"relic_stats":{"counters":[10,31],"Orichalcum":[42],"obtain_stats":[{"StuffTheSpire:Gunfinga":7,"hubris:Teleporter":14,"StuffTheSpire:MayFlowers":11,"hubris:CrackedHourglass":0,"Orichalcum":9,"Burning Blood":0},{"StuffTheSpire:Gunfinga":5,"hubris:Teleporter":9,"StuffTheSpire:MayFlowers":7,"hubris:CrackedHourglass":0,"Orichalcum":6,"Burning Blood":0},{"StuffTheSpire:Gunfinga":12,"hubris:Teleporter":24,"StuffTheSpire:MayFlowers":16,"hubris:CrackedHourglass":0,"Orichalcum":14,"Burning Blood":0}]},"card_choices":[{"not_picked":["Havoc","Body Slam"],"picked":"Bloodletting","floor":1},{"not_picked":["Replay:Undeath\u0027s Touch","ReplayTheSpireMod:Strike From Hell"],"picked":"Heavy Blade","floor":3},{"not_picked":["Flex","Clothesline"],"picked":"ReplayTheSpireMod:LeadingStrike","floor":4},{"not_picked":["StuffTheSpire:TitanForm","ReplayTheSpireMod:Corrosion Curse"],"picked":"Thunderclap","floor":5},{"not_picked":["Brutality","hubris:CleavingFinish"],"picked":"Rupture","floor":7},{"not_picked":["ReplayTheSpireMod:Strike From Hell","Clothesline"],"picked":"Bloodletting","floor":8},{"not_picked":["Blood for Blood","Heavy Blade"],"picked":"Run Through","floor":10},{"not_picked":["Dual Wield","Pommel Strike"],"picked":"Wild Strike","floor":13},{"not_picked":["Headbutt","Iron Wave"],"picked":"Impervious","floor":14}],"player_experience":226269,"relics_obtained":[{"floor":7,"key":"StuffTheSpire:Gunfinga"},{"floor":9,"key":"Orichalcum"},{"floor":14,"key":"hubris:Teleporter"}],"event_choices":[{"damage_healed":0,"gold_gain":0,"player_choice":"Leave","damage_taken":0,"max_hp_gain":0,"max_hp_loss":0,"event_name":"The Cleric","floor":2,"gold_loss":0},{"damage_healed":0,"gold_gain":0,"player_choice":"Searched \u00271\u0027 times","damage_taken":0,"relics_obtained":["StuffTheSpire:MayFlowers"],"max_hp_gain":0,"max_hp_loss":0,"event_name":"Dead Adventurer","floor":11,"gold_loss":0},{"damage_healed":0,"gold_gain":0,"player_choice":"Grow","damage_taken":0,"max_hp_gain":0,"max_hp_loss":0,"event_name":"Living Wall","floor":12,"gold_loss":0,"cards_upgraded":["Rupture"]}],"is_beta":false,"boss_relics":[],"items_purged_floors":[],"is_endless":false,"potions_floor_spawned":[5,14],"killed_by":"The Guardian","ascension_level":0}}