{"host":"nqsrckqog5ia9mbo","time":1609882584,"event":{"mods":["AchievementEnabler","BaseMod","Colored Map","Highlight Path","Minty Spire (QoL Compilation)"],"gold_per_floor":[110,110,210,235,235,278,278,318,318,341,341,341,341,359,359,482,482,506,530,553,553,321,321,364,364,388,404,420,458,476,495,495,621,621,637,657,437,437,437,437,473,473,473,473,536,570,470,490,490,490],"floor_reached":51,"playtime":3159,"items_purged":["Strike_R","Strike_R","Strike_R"],"score":1036,"play_id":"7fca91bb-10c4-4234-b58a-f2e7918533c4","local_time":"20210105223624","is_ascension_mode":true,"campfire_choices":[{"data":"Bash","floor":7,"key":"SMITH"},{"data":"Cleave","floor":11,"key":"SMITH"},{"data":"Shrug It Off","floor":13,"key":"SMITH"},{"data":"Battle Trance","floor":15,"key":"SMITH"},{"data":"Limit Break","floor":23,"key":"SMITH"},{"floor":25,"key":"REST"},{"data":"Inflame","floor":32,"key":"SMITH"},{"data":"Inflame","floor":40,"key":"SMITH"},{"data":"True Grit","floor":42,"key":"SMITH"},{"data":"Rampage","floor":44,"key":"SMITH"},{"data":"Spot Weakness","floor":49,"key":"SMITH"}],"circlet_count":0,"master_deck":["Defend_R+1","Defend_R","Defend_R+1","Defend_R","Bash+1","Iron Wave","Cleave+1","Shrug It Off+1","Battle Trance+1","Limit Break+1","Spot Weakness+1","Rampage+1","Flame Barrier","Inflame+1","Heavy Blade+1","True Grit+1","Body Slam+1","Inflame+1"],"relics":["Burning Blood","NeowsBlessing","Golden Idol","Oddly Smooth Stone","Bag of Preparation","Velvet Choker","Red Skull","War Paint","Bottled Tornado","Busted Crown","Turnip","The Courier","StoneCalendar","InkBottle"],"acts_visited":["Exordium","TheCity","TheBeyond"],"potions_floor_usage":[16,16,19,24,27,29,33,33,46,50,50],"damage_taken":[{"damage":0,"enemies":"Small Slimes","floor":1,"turns":1},{"damage":0,"enemies":"2 Louse","floor":4,"turns":1},{"damage":0,"enemies":"Lagavulin","floor":6,"turns":1},{"damage":24,"enemies":"Gremlin Nob","floor":8,"turns":4},{"damage":0,"enemies":"Cultist","floor":10,"turns":3},{"damage":1,"enemies":"Blue Slaver","floor":14,"turns":5},{"damage":57,"enemies":"Hexaghost","floor":16,"turns":14},{"damage":19,"enemies":"Shell Parasite","floor":18,"turns":6},{"damage":3,"enemies":"3 Byrds","floor":19,"turns":4},{"damage":10,"enemies":"Centurion and Healer","floor":20,"turns":6},{"damage":46,"enemies":"Slavers","floor":24,"turns":8},{"damage":0,"enemies":"Snecko","floor":27,"turns":3},{"damage":11,"enemies":"Snake Plant","floor":28,"turns":3},{"damage":5,"enemies":"Book of Stabbing","floor":29,"turns":3},{"damage":0,"enemies":"3 Cultists","floor":30,"turns":4},{"damage":15,"enemies":"Snecko","floor":31,"turns":4},{"damage":3,"enemies":"Collector","floor":33,"turns":4},{"damage":0,"enemies":"Orb Walker","floor":35,"turns":2},{"damage":7,"enemies":"3 Darklings","floor":36,"turns":4},{"damage":0,"enemies":"Nemesis","floor":41,"turns":3},{"damage":0,"enemies":"Mind Bloom Boss Battle","floor":45,"turns":4},{"damage":14,"enemies":"Reptomancer","floor":46,"turns":5},{"damage":0,"enemies":"Transient","floor":48,"turns":5},{"damage":26,"enemies":"Awakened One","floor":50,"turns":6}],"seed_played":"-5643424562022219360","potions_obtained":[{"floor":1,"key":"ColorlessPotion"},{"floor":12,"key":"HeartOfIron"},{"floor":12,"key":"SteroidPotion"},{"floor":24,"key":"Swift Potion"},{"floor":28,"key":"EssenceOfSteel"},{"floor":29,"key":"FearPotion"},{"floor":31,"key":"SkillPotion"},{"floor":33,"key":"Weak Potion"},{"floor":36,"key":"Weak Potion"},{"floor":41,"key":"Dexterity Potion"},{"floor":46,"key":"Explosive Potion"}],"is_trial":false,"path_per_floor":["M","?","?","M","?","E","R","E","T","M","R","?","R","M","R","B",null,"M","M","M","?","$","R","E","R","T","M","M","E","M","M","R","B",null,"M","M","$","?","?","R","E","R","T","R","?","E","$","M","R","B",null],"character_chosen":"IRONCLAD","items_purchased":["Flame Barrier","Inflame","SpeedPotion","Inflame","Dexterity Potion"],"campfire_rested":1,"item_purchase_floors":[22,22,22,37,37],"current_hp_per_floor":[78,58,58,64,69,75,75,57,57,63,63,63,63,68,68,17,68,55,58,54,54,54,54,14,39,39,45,40,41,47,38,38,41,74,80,79,79,79,79,79,85,85,85,85,85,77,77,83,83,63],"gold":490,"neow_bonus":"THREE_ENEMY_KILL","is_daily":false,"chose_seed":false,"campfire_upgraded":10,"win_rate":0.0,"timestamp":1609882584,"path_taken":["M","?","?","?","?","E","R","E","T","M","R","?","R","M","R","BOSS","M","?","M","?","?","R","E","R","T","M","M","E","M","M","R","BOSS","M","M","$","?","?","R","E","R","T","R","?","E","$","M","R","BOSS"],"items_purchased_type":["Card","Card","Potion","Card","Potion"],"build_version":"2020-12-22","purchased_purges":3,"victory":true,"max_hp_per_floor":[80,80,80,80,85,85,85,85,85,85,85,85,85,85,85,85,85,85,85,85,85,85,85,85,85,85,85,85,85,85,85,85,85,85,85,85,85,85,85,85,85,85,85,85,85,85,85,85,85,85],"card_choices":[{"not_picked":["Dark Embrace","Reckless Charge"],"picked":"Iron Wave","floor":1},{"not_picked":["Twin Strike","Headbutt"],"picked":"Cleave","floor":4},{"not_picked":["Perfected Strike","Clash","Clothesline"],"picked":"SKIP","floor":6},{"not_picked":["Perfected Strike","Warcry"],"picked":"Shrug It Off","floor":8},{"not_picked":["Headbutt","Shrug It Off","Iron Wave"],"picked":"SKIP","floor":10},{"not_picked":["Juggernaut","Shockwave"],"picked":"Battle Trance","floor":14},{"not_picked":["Reaper","Bludgeon"],"picked":"Limit Break","floor":16},{"not_picked":["Headbutt+1","Thunderclap"],"picked":"Spot Weakness","floor":18},{"not_picked":["Sword Boomerang","Anger","Infernal Blade"],"picked":"SKIP","floor":19},{"not_picked":["Pommel Strike","Battle Trance"],"picked":"Rampage","floor":20},{"not_picked":["Iron Wave","Pommel Strike"],"picked":"Heavy Blade+1","floor":24},{"not_picked":["Sever Soul","Shockwave","Sword Boomerang"],"picked":"SKIP","floor":27},{"not_picked":["Rupture","Shrug It Off","Warcry"],"picked":"SKIP","floor":28},{"not_picked":["Limit Break","Dropkick"],"picked":"True Grit","floor":29},{"not_picked":["Twin Strike","Reckless Charge+1","Carnage"],"picked":"SKIP","floor":30},{"not_picked":["Headbutt","Anger+1","Cleave+1"],"picked":"SKIP","floor":31},{"not_picked":["Sever Soul"],"picked":"SKIP","floor":35},{"not_picked":[],"picked":"Body Slam+1","floor":36},{"not_picked":["Iron Wave"],"picked":"SKIP","floor":41},{"not_picked":["Hemokinesis+1"],"picked":"SKIP","floor":46},{"not_picked":["Clothesline"],"picked":"SKIP","floor":48}],"player_experience":150760,"relics_obtained":[{"floor":6,"key":"Oddly Smooth Stone"},{"floor":8,"key":"Bag of Preparation"},{"floor":24,"key":"Red Skull"},{"floor":26,"key":"War Paint"},{"floor":29,"key":"Bottled Tornado"},{"floor":41,"key":"Turnip"},{"floor":43,"key":"The Courier"},{"floor":45,"key":"StoneCalendar"},{"floor":46,"key":"InkBottle"}],"event_choices":[{"damage_healed":0,"gold_gain":0,"player_choice":"Take Damage","damage_taken":20,"relics_obtained":["Golden Idol"],"max_hp_gain":0,"max_hp_loss":0,"event_name":"Golden Idol","floor":2,"gold_loss":0},{"damage_healed":0,"gold_gain":100,"player_choice":"Gold","damage_taken":0,"max_hp_gain":0,"max_hp_loss":0,"event_name":"Wheel of Change","floor":3,"gold_loss":0},{"damage_healed":0,"gold_gain":0,"player_choice":"Donut","damage_taken":0,"max_hp_gain":5,"max_hp_loss":0,"event_name":"Big Fish","floor":5,"gold_loss":0},{"damage_healed":0,"gold_gain":0,"player_choice":"Got Potions","damage_taken":0,"max_hp_gain":0,"max_hp_loss":0,"event_name":"Lab","floor":12,"gold_loss":0},{"cards_removed":["Strike_R"],"damage_healed":0,"gold_gain":0,"player_choice":"Offered Basic","damage_taken":0,"max_hp_gain":0,"max_hp_loss":0,"event_name":"Bonfire Elementals","floor":21,"gold_loss":0},{"cards_removed":["Strike_R"],"damage_healed":0,"gold_gain":0,"player_choice":"Removed Attack","damage_taken":0,"max_hp_gain":0,"max_hp_loss":0,"event_name":"Falling","floor":38,"gold_loss":0},{"damage_healed":0,"gold_gain":0,"player_choice":"Memory 1","damage_taken":0,"max_hp_gain":0,"max_hp_loss":0,"event_name":"SensoryStone","floor":39,"gold_loss":0},{"damage_healed":0,"gold_gain":0,"player_choice":"Fight","damage_taken":0,"max_hp_gain":0,"max_hp_loss":0,"event_name":"MindBloom","floor":45,"gold_loss":0}],"is_beta":false,"boss_relics":[{"not_picked":["Ectoplasm","Fusion Hammer"],"picked":"Velvet Choker"},{"not_picked":["Runic Pyramid","SacredBark"],"picked":"Busted Crown"}],"items_purged_floors":[22,37,47],"is_endless":false,"potions_floor_spawned":[1,14,24,28,29,31,33,36,41,46],"ascension_level":6}}