{"host":"1a3cjta80tad0aqj","time":1609821713,"event":{"mods":["2.2 Compatiblity","AchievementEnabler","BaseMod","Colored Map","DeckTracker","KOR Keyword Fix","Keyboard Shortcuts","Minty Spire (QoL Compilation)","Permanent Neow","Quick Restart","Random Character Button","StSLib","SuperFastMode","everything is the same but u backflip on backflip"],"gold_per_floor":[114,129,54,69,69,69,69,69,69,88,88,163,182,32,32,157,157,176,195,195,203,78,78,122,122,197,216,216,216],"floor_reached":28,"playtime":1243,"items_purged":["Alpha","Establishment","Devotion"],"score":258,"play_id":"2d47c963-e837-4a11-b4d2-46582d4d25ca","local_time":"20210105134153","daily_mods":["Shiny","Red Cards","Night Terrors"],"is_ascension_mode":false,"campfire_choices":[{"data":"Immolate","floor":6,"key":"SMITH"},{"data":"Bludgeon","floor":8,"key":"SMITH"},{"data":"Corruption","floor":11,"key":"SMITH"},{"data":"Blasphemy","floor":15,"key":"SMITH"},{"data":"Fiend Fire","floor":23,"key":"SMITH"}],"circlet_count":0,"master_deck":["Double Tap","Demon Form","Bludgeon+1","Feed","Limit Break","Corruption+1","Barricade","Fiend Fire+1","Berserk+1","Impervious","Juggernaut","Brutality","Reaper+1","Exhume","Offering","Immolate+1","Judgement","ConjureBlade","MasterReality","Brilliance","Blasphemy+1","Ragnarok","LessonLearned","Scrawl+1","Vault","Wish","Omniscience","SpiritShield","DevaForm","DeusExMachina+1","Bludgeon","Normality"],"relics":["PureWater","Golden Idol","Kunai","Ornamental Fan","Philosopher\u0027s Stone","MealTicket","Red Mask","Molten Egg 2"],"acts_visited":["Exordium","TheCity"],"potions_floor_usage":[18],"damage_taken":[{"damage":0,"enemies":"Small Slimes","floor":1,"turns":1},{"damage":0,"enemies":"Jaw Worm","floor":2,"turns":1},{"damage":0,"enemies":"2 Louse","floor":4,"turns":1},{"damage":11,"enemies":"Exordium Wildlife","floor":10,"turns":2},{"damage":0,"enemies":"3 Louse","floor":13,"turns":1},{"damage":0,"enemies":"Slime Boss","floor":16,"turns":3},{"damage":30,"enemies":"2 Thieves","floor":18,"turns":4},{"damage":7,"enemies":"Shell Parasite","floor":19,"turns":3},{"damage":11,"enemies":"Masked Bandits","floor":21,"turns":4},{"damage":11,"enemies":"Cultist and Chosen","floor":24,"turns":5},{"damage":6,"enemies":"Centurion and Healer","floor":27,"turns":4},{"damage":40,"enemies":"Book of Stabbing","floor":28,"turns":3}],"seed_played":"-8136925521176778862","potions_obtained":[{"floor":10,"key":"Ancient Potion"},{"floor":16,"key":"EntropicBrew"},{"floor":18,"key":"BottledMiracle"},{"floor":24,"key":"BlessingOfTheForge"}],"is_trial":false,"path_per_floor":["M","M","$","M","?","R","?","R","T","M","R","T","M","$","R","B",null,"M","M","?","?","$","R","M","?","T","M","E"],"character_chosen":"WATCHER","items_purchased":["SteroidPotion"],"campfire_rested":0,"item_purchase_floors":[14],"current_hp_per_floor":[72,72,72,75,57,57,57,57,57,46,46,46,46,46,46,46,75,49,42,42,31,46,46,40,40,40,34,0,0],"gold":216,"neow_bonus":"","is_daily":true,"chose_seed":false,"campfire_upgraded":5,"win_rate":0.0,"timestamp":1609821713,"path_taken":["M","M","$","M","?","R","?","R","T","M","R","?","M","$","R","BOSS","M","M","?","?","?","R","M","?","T","?","E"],"items_purchased_type":["Potion"],"build_version":"2020-12-22","purchased_purges":3,"victory":false,"max_hp_per_floor":[72,72,72,75,75,75,75,75,75,75,75,75,75,75,75,75,75,75,75,75,75,75,75,75,75,75,75,75,75],"card_choices":[{"not_picked":["Headbutt","Armaments","Clothesline"],"picked":"SKIP","floor":1},{"not_picked":["Conclude","JustLucky","MasterReality"],"picked":"SKIP","floor":2},{"not_picked":["Pray","MentalFortress","WheelKick"],"picked":"SKIP","floor":4},{"not_picked":["FlyingSleeves","Havoc","Bloodletting"],"picked":"SKIP","floor":10},{"not_picked":["Indignation","FlyingSleeves","Whirlwind"],"picked":"SKIP","floor":13},{"not_picked":["Feed","Offering"],"picked":"Bludgeon","floor":16},{"not_picked":["EmptyFist+1","TalkToTheHand","Clash"],"picked":"SKIP","floor":18},{"not_picked":["Hemokinesis","TalkToTheHand","Halt+1"],"picked":"SKIP","floor":19},{"not_picked":["SashWhip","Blood for Blood","Prostrate"],"picked":"SKIP","floor":24},{"not_picked":["SashWhip","Blood for Blood","Prostrate"],"picked":"SKIP","floor":24},{"not_picked":["Sanctity","Blood for Blood+1","Evaluate"],"picked":"SKIP","floor":27}],"player_experience":114180,"relics_obtained":[{"floor":9,"key":"Kunai"},{"floor":12,"key":"Ornamental Fan"},{"floor":21,"key":"Red Mask"},{"floor":26,"key":"Molten Egg 2"}],"event_choices":[{"damage_healed":0,"gold_gain":0,"player_choice":"Take Damage","damage_taken":18,"relics_obtained":["Golden Idol"],"max_hp_gain":0,"max_hp_loss":0,"event_name":"Golden Idol","floor":5,"gold_loss":0},{"damage_healed":0,"gold_gain":0,"player_choice":"Ignored","damage_taken":0,"max_hp_gain":0,"max_hp_loss":0,"event_name":"Liars Game","floor":7,"gold_loss":0},{"damage_healed":0,"gold_gain":0,"player_choice":"Opened","damage_taken":0,"relics_obtained":["MealTicket"],"max_hp_gain":0,"max_hp_loss":0,"event_name":"The Mausoleum","floor":20,"gold_loss":0,"cards_obtained":["Writhe"]},{"damage_healed":0,"gold_gain":0,"player_choice":"Fought Bandits","damage_taken":0,"max_hp_gain":0,"max_hp_loss":0,"event_name":"Masked Bandits","floor":21,"gold_loss":0},{"damage_healed":0,"gold_gain":0,"cards_transformed":["Writhe"],"player_choice":"Transformed","damage_taken":0,"max_hp_gain":0,"max_hp_loss":0,"event_name":"Transmorgrifier","floor":25,"gold_loss":0,"cards_obtained":["Normality"]}],"is_beta":false,"boss_relics":[{"not_picked":["Astrolabe","Snecko Eye"],"picked":"Philosopher\u0027s Stone"}],"items_purged_floors":[3,14,22],"is_endless":false,"potions_floor_spawned":[10,16,18,19,24],"killed_by":"Book of Stabbing","ascension_level":0}}