{"host":"ewfe3cr33ktd9xzj","time":1609837215,"event":{"mods":["AchievementEnabler","BaseMod","Colored Map","Custom Start","DeckTracker","Minty Spire (QoL Compilation)","Permanent Neow","Rare Cards Sparkle","StSLib","everything is the same but u backflip on backflip"],"gold_per_floor":[114,13,13,29,29,62,78,110,110,110,126,126,70,70,70,146,146,157,157,157],"floor_reached":19,"playtime":445,"items_purged":["Strike_P"],"score":500,"play_id":"e4a03448-cdda-4f2e-a6db-66abba91e4d7","local_time":"20210105180015","is_ascension_mode":true,"campfire_choices":[{"data":"PathToVictory","floor":15,"key":"SMITH"}],"circlet_count":0,"master_deck":["AscendersBane","Strike_P","Strike_P","Defend_P","Defend_P","Defend_P","Defend_P","Eruption+1","Vigilance","BowlingBash","FollowUp","CarveReality","EmptyFist","Halt","PathToVictory+1","PathToVictory","LessonLearned","CurseOfTheBell","EmptyBody"],"relics":["PureWater","NeowsBlessing","FaceOfCleric","Pear","Prayer Wheel","StoneCalendar","Pantograph","Calling Bell","CloakClasp","Happy Flower","The Courier"],"acts_visited":["Exordium","TheCity"],"potions_floor_usage":[16],"damage_taken":[{"damage":0.0,"enemies":"Jaw Worm","floor":1.0,"turns":1.0},{"damage":0.0,"enemies":"Cultist","floor":4.0,"turns":1.0},{"damage":0.0,"enemies":"Gremlin Nob","floor":6.0,"turns":1.0},{"damage":0.0,"enemies":"Small Slimes","floor":7.0,"turns":1.0},{"damage":0.0,"enemies":"3 Sentries","floor":8.0,"turns":5.0},{"damage":0.0,"enemies":"Exordium Wildlife","floor":11.0,"turns":2.0},{"damage":24,"enemies":"The Guardian","floor":16,"turns":7},{"damage":38,"enemies":"Shell Parasite","floor":18,"turns":4},{"damage":25,"enemies":"Spheric Guardian","floor":19,"turns":5}],"seed_played":"-8017107659257235457","potions_obtained":[{"floor":4.0,"key":"ColorlessPotion"},{"floor":6.0,"key":"FairyPotion"}],"is_trial":false,"path_per_floor":["M","$","?","M","?","E","M","E","T","?","M","?","$","T","R","B",null,"M","M"],"character_chosen":"WATCHER","items_purchased":["FollowUp","PathToVictory"],"campfire_rested":0,"item_purchase_floors":[2,13],"current_hp_per_floor":[61,61,61,62,55,66,67,68,68,68,69,69,69,69,69,60,78,41,16,16],"gold":157,"neow_bonus":"THREE_ENEMY_KILL","is_daily":false,"chose_seed":false,"campfire_upgraded":1,"win_rate":0.0,"timestamp":1609837215,"path_taken":["M","$","?","?","?","E","M","E","T","?","M","?","$","?","R","BOSS","M","M"],"items_purchased_type":["Card","Card"],"build_version":"2020-12-22","purchased_purges":1,"victory":false,"max_hp_per_floor":[68,68,68,69,69,80,81,82,82,82,83,83,83,83,83,84,84,85,85,85],"card_choices":[{"not_picked":["Sanctity","Swivel"],"picked":"BowlingBash","floor":1.0},{"not_picked":["Prostrate","ThirdEye"],"picked":"CarveReality","floor":4.0},{"not_picked":["CrushJoints","Study","Establishment"],"picked":"SKIP","floor":6.0},{"not_picked":["ClearTheMind","CutThroughFate"],"picked":"EmptyFist","floor":7.0},{"not_picked":["SandsOfTime","Evaluate"],"picked":"Halt","floor":8.0},{"not_picked":["Judgement","Collect"],"picked":"PathToVictory","floor":11},{"not_picked":["Swivel","EmptyFist","Consecrate"],"picked":"SKIP","floor":11},{"not_picked":["Swivel","EmptyFist","Consecrate"],"picked":"SKIP","floor":11},{"not_picked":["Brilliance","Ragnarok"],"picked":"LessonLearned","floor":16},{"not_picked":["BowlingBash","Wireheading"],"picked":"EmptyBody","floor":18},{"not_picked":["Consecrate","JustLucky+1","Omniscience"],"picked":"SKIP","floor":18}],"player_experience":25860,"relics_obtained":[{"floor":6.0,"key":"Pear"},{"floor":8.0,"key":"Prayer Wheel"},{"floor":9.0,"key":"StoneCalendar"},{"floor":14,"key":"Pantograph"},{"floor":17,"key":"CloakClasp"},{"floor":17,"key":"Happy Flower"},{"floor":17,"key":"The Courier"}],"event_choices":[{"damage_healed":0.0,"max_hp_gain":0.0,"max_hp_loss":0.0,"gold_gain":0.0,"event_name":"FaceTrader","player_choice":"Trade","floor":3.0,"gold_loss":0.0,"damage_taken":0.0,"relics_obtained":["FaceOfCleric"]},{"cards_removed":["Strike_P"],"damage_healed":0.0,"max_hp_gain":0.0,"max_hp_loss":0.0,"gold_gain":0.0,"event_name":"Golden Wing","player_choice":"Card Removal","floor":5.0,"gold_loss":0.0,"damage_taken":7.0},{"damage_healed":0.0,"max_hp_gain":0.0,"max_hp_loss":0.0,"gold_gain":0.0,"event_name":"Living Wall","player_choice":"Grow","floor":10.0,"gold_loss":0.0,"damage_taken":0.0,"cards_upgraded":["Eruption"]},{"damage_healed":0,"gold_gain":0,"player_choice":"Ignored","damage_taken":0,"max_hp_gain":0,"max_hp_loss":0,"event_name":"Liars Game","floor":12,"gold_loss":0}],"is_beta":false,"boss_relics":[{"not_picked":["Coffee Dripper","Fusion Hammer"],"picked":"Calling Bell"}],"items_purged_floors":[2],"is_endless":false,"potions_floor_spawned":[4,6,7,8],"killed_by":"Spheric Guardian","ascension_level":20}}