{"host":"4qin5krp9hszysdc","time":1609810016,"event":{"mods":["AchievementEnabler","BaseMod","BetterRewards","Infinite Spire","Minty Spire (QoL Compilation)","Quick Restart","StSLib"],"gold_per_floor":[119,134,153,172,187,216,216,241,267,298,311,337,351,32,32,137,137,155,155,155,168,178,178,206,206,206,233,247,247,267,267,267,363,363,375,375,375,425,425,457,477,505,559,573,573,573,573,125,125,230,230,234,234,242,251,257,273,283,257,257],"floor_reached":59,"playtime":3450,"items_purged":["Strike_R","Strike_R","Strike_R","Strike_R"],"score":1453,"play_id":"04d77cda-c769-48c8-a3a2-6aa539d77181","local_time":"20210104202656","is_ascension_mode":true,"campfire_choices":[{"data":"Feel No Pain","floor":7.0,"key":"SMITH"},{"data":"infinitespire:OneForAll","floor":15.0,"key":"SMITH"},{"floor":23.0,"key":"RECALL"},{"floor":32.0,"key":"REST"},{"floor":45,"key":"REST"},{"data":"True Grit","floor":49,"key":"SMITH"}],"circlet_count":0,"master_deck":["AscendersBane","Defend_R","Defend_R","Defend_R","Bash+1","infinitespire:OneForAll+1","True Grit+1","Feel No Pain+1","Reckless Charge","Shockwave","Cleave+1","Battle Trance","Sentinel","Shrug It Off","Dropkick","Dual Wield","Wild Strike","Disarm","Evolve","Offering","Combust","Reaper","Feel No Pain","Inflame","Flame Barrier+1","Hemokinesis","Metallicize+1","Immolate","Combust+1","Body Slam+1","infinitespire:Gouge","Sword Boomerang+1","Rupture+1","Injury","infinitespire:TheBestDefense","Barricade","infinitespire:OneForAll+1","True Grit"],"relics":["infinitespire:Cupcake","Akabeko","Mark of Pain","Cauldron","Runic Capacitor","StoneCalendar","Snake Skull","Toolbox","Runic Pyramid","infinitespire:DarkRift","Snecko Eye","Sling","MutagenicStrength","Du-Vu Doll","Bloody Idol","Sundial","Molten Egg 2","CloakClasp","Strawberry","Oddly Smooth Stone","Black Blood","Calipers","Damaru","Matryoshka","PureWater","HornCleat","infinitespire:Chaos","Whetstone","Chemical X","infinitespire:Burning Sword","Blue Candle"],"acts_visited":["Exordium","TheCity","TheBeyond","Exordium"],"potions_floor_usage":[59,59,59],"damage_taken":[{"damage":0.0,"enemies":"2 Louse","floor":1.0,"turns":2.0},{"damage":0.0,"enemies":"Jaw Worm","floor":2.0,"turns":4.0},{"damage":11.0,"enemies":"Small Slimes","floor":3.0,"turns":3.0},{"damage":12.0,"enemies":"3 Louse","floor":4.0,"turns":4.0},{"damage":10.0,"enemies":"Blue Slaver","floor":5.0,"turns":4.0},{"damage":3.0,"enemies":"3 Sentries","floor":6.0,"turns":5.0},{"damage":10.0,"enemies":"Lagavulin","floor":8.0,"turns":7.0},{"damage":0.0,"enemies":"Gremlin Nob","floor":10.0,"turns":2.0},{"damage":0.0,"enemies":"2 Fungi Beasts","floor":11.0,"turns":1.0},{"damage":8.0,"enemies":"3 Sentries","floor":12.0,"turns":6.0},{"damage":0.0,"enemies":"3 Louse","floor":13.0,"turns":3.0},{"damage":28.0,"enemies":"Hexaghost","floor":16.0,"turns":8.0},{"damage":5.0,"enemies":"2 Thieves","floor":18.0,"turns":2.0},{"damage":5.0,"enemies":"Spheric Guardian","floor":21.0,"turns":3.0},{"damage":0.0,"enemies":"Cultist and Chosen","floor":22.0,"turns":4.0},{"damage":15.0,"enemies":"Slavers","floor":24.0,"turns":4.0},{"damage":3.0,"enemies":"Book of Stabbing","floor":27.0,"turns":4.0},{"damage":5.0,"enemies":"Sentry and Sphere","floor":28.0,"turns":3.0},{"damage":6.0,"enemies":"Centurion and Healer","floor":30.0,"turns":3.0},{"damage":6.0,"enemies":"Champ","floor":33.0,"turns":6.0},{"damage":1.0,"enemies":"Orb Walker","floor":35.0,"turns":4.0},{"damage":11.0,"enemies":"Mind Bloom Boss Battle","floor":38.0,"turns":3.0},{"damage":30.0,"enemies":"Nemesis","floor":40.0,"turns":7.0},{"damage":5.0,"enemies":"3 Darklings","floor":41.0,"turns":3.0},{"damage":18,"enemies":"Nightmare","floor":42,"turns":4},{"damage":23,"enemies":"Transient","floor":44,"turns":5},{"damage":20,"enemies":"infinitespire:MassOfShapes","floor":50,"turns":2},{"damage":3,"enemies":"2 Louse","floor":52,"turns":3},{"damage":0,"enemies":"Jaw Worm","floor":54,"turns":2},{"damage":13,"enemies":"Small Slimes","floor":55,"turns":2},{"damage":1,"enemies":"3 Louse","floor":56,"turns":2},{"damage":0,"enemies":"Gremlin Nob","floor":57,"turns":2},{"damage":2,"enemies":"Exordium Wildlife","floor":58,"turns":1},{"damage":145,"enemies":"Nightmare","floor":59,"turns":8}],"seed_played":"7816796731759066502","potions_obtained":[{"floor":4.0,"key":"FearPotion"},{"floor":5.0,"key":"AttackPotion"},{"floor":6.0,"key":"Dexterity Potion"},{"floor":11.0,"key":"EssenceOfSteel"},{"floor":40.0,"key":"Ancient Potion"},{"floor":46,"key":"FairyPotion"},{"floor":46,"key":"EntropicBrew"}],"is_trial":false,"path_per_floor":["M","M","M","M","M","E","R","E","T","E","M","E","M","$","R","B",null,"M","?","?","M","M","R","E","?","T","E","M","AVR","M","?","R","B",null,"M","?","?","?","?","E","M","NM","T","M","R","AVR","?","$","R","B",null,"M","?","M","M","M","E","M","NM"],"character_chosen":"IRONCLAD","items_purchased":["Membership Card","infinitespire:FocusingShard","infinitespire:OneForAll","True Grit","Feel No Pain","Reckless Charge","Paper Frog","Mummified Hand","Combust","Whetstone","Chemical X","infinitespire:BlackPotion"],"campfire_rested":2,"item_purchase_floors":[0,0,0,0,0,0,14,14,14,48,48,48],"current_hp_per_floor":[42,48,43,37,33,36,36,32,32,38,44,42,48,63,63,41,70,79,79,79,80,80,80,71,57,57,67,68,68,68,56,85,85,85,85,85,85,80,80,63,64,58,58,41,86,93,93,93,93,90,97,99,99,99,99,99,99,99,0,0],"gold":257,"neow_bonus":"","is_daily":false,"chose_seed":false,"campfire_upgraded":3,"win_rate":0.0,"timestamp":1609810016,"path_taken":["M","M","M","M","M","E","R","E","T","E","M","E","M","$","R","BOSS","M","?","?","M","M","R","E","?","T","E","M","AVR","M","?","R","BOSS","M","?","?","?","?","E","?","NM","T","M","R","AVR","?","$","R","BOSS","M","?","M","M","M","E","M","NM"],"items_purchased_type":["Relic","Relic","Card","Card","Card","Card","Relic","Relic","Card","Relic","Relic","Potion"],"build_version":"2020-12-22","purchased_purges":4,"victory":false,"max_hp_per_floor":[80,80,80,80,80,80,80,80,80,80,80,80,80,80,80,80,80,80,80,80,80,80,80,80,85,85,85,85,85,85,85,85,85,85,85,85,85,85,85,92,92,92,92,92,92,99,99,99,99,99,99,99,99,99,99,99,99,99,99,99],"card_choices":[{"not_picked":["Sever Soul","Reckless Charge"],"picked":"Shockwave","floor":1.0},{"not_picked":["Sever Soul","Clothesline"],"picked":"Cleave","floor":2.0},{"not_picked":["Flex","Shrug It Off"],"picked":"Battle Trance","floor":3.0},{"not_picked":["Reckless Charge","Flex"],"picked":"Sentinel","floor":4.0},{"not_picked":["Ghostly Armor","Headbutt"],"picked":"Shrug It Off","floor":5.0},{"not_picked":["Cleave","Rage"],"picked":"Dropkick","floor":6.0},{"not_picked":["Headbutt","Thunderclap"],"picked":"Dual Wield","floor":8.0},{"not_picked":["Shrug It Off","Headbutt","Corruption"],"picked":"Wild Strike","floor":10.0},{"not_picked":["Shockwave","Headbutt","Iron Wave"],"picked":"Disarm","floor":11.0},{"not_picked":["Warcry","True Grit","Dual Wield"],"picked":"Evolve","floor":12.0},{"not_picked":["Sword Boomerang","Seeing Red","Dual Wield"],"picked":"Offering","floor":13.0},{"not_picked":["Juggernaut","Corruption","Fiend Fire"],"picked":"Reaper","floor":16.0},{"not_picked":["Pommel Strike","Warcry","Dropkick+1"],"picked":"Feel No Pain","floor":18.0},{"not_picked":["Clash+1","Combust","Headbutt"],"picked":"Inflame","floor":21.0},{"not_picked":["Warcry","Power Through","Headbutt"],"picked":"Flame Barrier+1","floor":22.0},{"not_picked":["Pummel","Searing Blow","Ghostly Armor+1"],"picked":"Hemokinesis","floor":24.0},{"not_picked":["Infernal Blade","Thunderclap","Entrench","Twin Strike"],"picked":"SKIP","floor":27.0},{"not_picked":["Havoc","Warcry","Cleave"],"picked":"Metallicize+1","floor":28.0},{"not_picked":["Twin Strike+1","Wild Strike","Rampage","Pummel"],"picked":"SKIP","floor":30.0},{"not_picked":["Berserk","Fiend Fire","Corruption"],"picked":"Immolate","floor":33.0},{"not_picked":["Shrug It Off+1","Body Slam","Metallicize+1"],"picked":"Combust+1","floor":35.0},{"not_picked":["Iron Wave+1","Thunderclap+1","Armaments"],"picked":"Body Slam+1","floor":35.0},{"not_picked":["Cleave+1","Thunderclap+1","Body Slam","Corruption"],"picked":"SKIP","floor":40.0},{"not_picked":["Blood for Blood+1","Flame Barrier","Clothesline","Second Wind+1"],"picked":"SKIP","floor":41.0},{"not_picked":["Carnage","Body Slam+1","Ghostly Armor","Warcry"],"picked":"SKIP","floor":41.0},{"not_picked":["infinitespire:DeathsTouch","infinitespire:Menacing"],"picked":"infinitespire:Gouge","floor":42},{"not_picked":["Warcry","Shrug It Off+1","Bludgeon"],"picked":"Sword Boomerang+1","floor":42},{"not_picked":["Thunderclap+1","Entrench","Disarm+1"],"picked":"Rupture+1","floor":44},{"not_picked":["Heavy Blade","Sever Soul+1","Sentinel","Perfected Strike+1"],"picked":"SKIP","floor":44},{"not_picked":["infinitespire:NeuralNetwork","infinitespire:Execution"],"picked":"infinitespire:TheBestDefense","floor":47},{"not_picked":["Brutality","Berserk"],"picked":"Barricade","floor":50},{"not_picked":["Flex","Sword Boomerang+1","Twin Strike+1"],"picked":"SKIP","floor":52},{"not_picked":["Flex","Iron Wave+1","Wild Strike+1"],"picked":"SKIP","floor":54},{"not_picked":["Corruption","Anger+1"],"picked":"infinitespire:OneForAll+1","floor":55},{"not_picked":["Pommel Strike+1","Havoc"],"picked":"True Grit","floor":56},{"not_picked":["Wild Strike+1","Brutality","infinitespire:OneForAll+1"],"picked":"SKIP","floor":57},{"not_picked":["Dark Embrace","Iron Wave+1","Seeing Red"],"picked":"SKIP","floor":58}],"player_experience":2751624,"relics_obtained":[{"floor":6.0,"key":"Anchor"},{"floor":8.0,"key":"Question Card"},{"floor":9.0,"key":"MealTicket"},{"floor":10.0,"key":"Bag of Marbles"},{"floor":12.0,"key":"infinitespire:Beetle Shell"},{"floor":24.0,"key":"Eternal Feather"},{"floor":26.0,"key":"Gambling Chip"},{"floor":27.0,"key":"Du-Vu Doll"},{"floor":31.0,"key":"Necronomicon"},{"floor":34.0,"key":"Happy Flower"},{"floor":34.0,"key":"Self Forming Clay"},{"floor":34.0,"key":"Prayer Wheel"},{"floor":38.0,"key":"Unceasing Top"},{"floor":40.0,"key":"Strawberry"},{"floor":42,"key":"Frozen Egg 2"},{"floor":43,"key":"Art of War"},{"floor":57,"key":"Blue Candle"}],"event_choices":[{"damage_healed":0.0,"max_hp_gain":0.0,"max_hp_loss":0.0,"gold_gain":0.0,"event_name":"The Mausoleum","player_choice":"Opened","floor":19.0,"gold_loss":0.0,"damage_taken":0.0,"relics_obtained":["Omamori"]},{"damage_healed":0.0,"max_hp_gain":0.0,"max_hp_loss":0.0,"gold_gain":0.0,"event_name":"Ghosts","player_choice":"Ignored","floor":20.0,"gold_loss":0.0,"damage_taken":0.0},{"damage_healed":0.0,"max_hp_gain":5.0,"max_hp_loss":0.0,"gold_gain":0.0,"event_name":"Forgotten Altar","player_choice":"Shed Blood","floor":25.0,"gold_loss":0.0,"damage_taken":20.0},{"damage_healed":0.0,"max_hp_gain":0.0,"max_hp_loss":0.0,"gold_gain":0.0,"event_name":"Cursed Tome","player_choice":"Obtained Book","floor":31.0,"gold_loss":0.0,"damage_taken":16.0},{"damage_healed":0.0,"max_hp_gain":0.0,"max_hp_loss":0.0,"gold_gain":0.0,"event_name":"Tomb of Lord Red Mask","player_choice":"Ignored","floor":36.0,"gold_loss":0.0,"damage_taken":0.0},{"cards_removed":["Defend_R"],"damage_healed":0.0,"max_hp_gain":0.0,"max_hp_loss":0.0,"gold_gain":0.0,"event_name":"Falling","player_choice":"Removed Skill","floor":37.0,"gold_loss":0.0,"damage_taken":0.0},{"damage_healed":0.0,"max_hp_gain":0.0,"max_hp_loss":0.0,"gold_gain":0.0,"event_name":"MindBloom","player_choice":"Fight","floor":38.0,"gold_loss":0.0,"damage_taken":0.0},{"cards_removed":["Strike_R"],"damage_healed":0.0,"max_hp_gain":0.0,"max_hp_loss":0.0,"gold_gain":0.0,"event_name":"Bonfire Elementals","player_choice":"Offered Basic","floor":39.0,"gold_loss":0.0,"damage_taken":0.0},{"cards_removed":["Pain"],"damage_healed":0,"gold_gain":0,"player_choice":"Purged","damage_taken":0,"max_hp_gain":0,"max_hp_loss":0,"event_name":"Purifier","floor":53,"gold_loss":0}],"is_beta":false,"boss_relics":[{"not_picked":["Snecko Eye","Velvet Choker"],"picked":"Fusion Hammer"},{"not_picked":["Runic Dome","Astrolabe"],"picked":"Calling Bell"},{"not_picked":["Pandora\u0027s Box","SlaversCollar"],"picked":"infinitespire:Burning Sword"}],"items_purged_floors":[0,14,29,46],"is_endless":true,"potions_floor_spawned":[4,5,6,11,12,21,22,24,33,38,40,41,54,57,58],"killed_by":"Nightmare","ascension_level":10}}