{"host":"28bpuzdckreop5i0","time":1609862882,"event":{"mods":["Act Like it!","Aspiration","BaseMod","Beaked The Cultist","Best Route Mod","BetterRewards","Challenge The Spire","Clawfect","Conspire","Defuse TimeMaze Blight","Downfall","Energized Spire","GifTheSpireLib","Googly Eyes","Hubris","Infinite Spire","Lobotomy","Mimic Mod","Minty Spire (QoL Compilation)","Relic Stats","Replay The Spire","Retaliation","Shop Mod","Spicy Shops","StSLib","Stuff the Spire","The Awakened One except there are too many feathers","The Construct","The Cursed","The Disciple","The Hierophant","The IronCluck","The Jungle","The Runesmith","Thieving Mod","Transform Curses","Wandering Minibosses","slay the spire mod where everything is the same but ironclad has a cowboy hat"],"gold_per_floor":[275,225,44,75,100,100,115,115,115,115,129,162,179,32,32,128,128,146,224,240,254,273,301,311,311,335,345,374,391,391,391,391,159,159,263,263,276,276,302,321,19,19,53,74,101,139,139,167,279,9,9,33],"floor_reached":53,"playtime":3342,"items_purged":["beaked:Ceremony","beaked:StickSmack+1","SwitchConfidence","beaked:Defend_Y"],"score":952,"play_id":"5b96bedd-fedb-442f-b750-63da53e6c2f0","local_time":"20210105100802","is_ascension_mode":false,"campfire_choices":[{"data":"beaked:StickSmack","floor":6.0,"key":"SMITH"},{"data":"beaked:Windmill","floor":10.0,"key":"SMITH"},{"floor":15.0,"key":"REST"},{"floor":25.0,"key":"REST"},{"data":"Master of Strategy","floor":34.0,"key":"SMITH"},{"data":"ReplayTheSpireMod:Prepare the Ceremony","floor":42.0,"key":"SMITH"},{"data":"beaked:Insight","floor":47.0,"key":"SMITH"},{"data":"beaked:Windmill+2","floor":51,"key":"SMITH"}],"circlet_count":0,"master_deck":["beaked:Defend_Y","beaked:Defend_Y","beaked:Defend_Y","beaked:Ceremony","beaked:StickSmack+1","beaked:Insight+1","beaked:Windmill+3","beaked:Insight","Amnesia","ReplayTheSpireMod:Prepare the Ceremony+1","Master of Strategy+1","ReplayTheSpireMod:Prepare the Ceremony+1","beaked:Brace","Flash of Steel"],"relics":["beaked:MendingPlumage","Tiny Chest","Bag of Marbles","Smiling Mask","Iron Hammer","DollysMirror","Kintsugi","StrikeDummy","Dream Catcher","Art of War","hubris:BundleOfHerbs","hubris:Towel","Philosopher\u0027s Stone","Replay:Baseball","infinitespire:EvilPickle","Quantum Egg","Replay:Bandana","Whetstone","conspire:InfiniteJournal"],"acts_visited":["Exordium","TheCity","TheBeyond"],"potions_floor_usage":[52,52],"damage_taken":[{"damage":5.0,"enemies":"Small Slimes","floor":1.0,"turns":6.0},{"damage":21.0,"enemies":"conspire:MimicChest","floor":4.0,"turns":5.0},{"damage":5.0,"enemies":"2 Louse","floor":7.0,"turns":3.0},{"damage":3.0,"enemies":"conspire:RoseBush","floor":11.0,"turns":5.0},{"damage":35.0,"enemies":"3 Sentries","floor":12.0,"turns":7.0},{"damage":7.0,"enemies":"Blue Slaver","floor":13.0,"turns":2.0},{"damage":39.0,"enemies":"The Guardian","floor":16.0,"turns":7.0},{"damage":17.0,"enemies":"Spheric Guardian","floor":18.0,"turns":4.0},{"damage":5.0,"enemies":"3 Byrds","floor":20.0,"turns":6.0},{"damage":29.0,"enemies":"Centurion and Healer","floor":21.0,"turns":5.0},{"damage":13.0,"enemies":"Snake Plant","floor":22.0,"turns":3.0},{"damage":23.0,"enemies":"conspire:Head Lice","floor":23.0,"turns":3.0},{"damage":38.0,"enemies":"Snecko","floor":24.0,"turns":6.0},{"damage":32.0,"enemies":"3 Cultists","floor":27.0,"turns":4.0},{"damage":34.0,"enemies":"conspire:SneckoGhost","floor":28.0,"turns":6.0},{"damage":7.0,"enemies":"conspire:HollyBat","floor":29.0,"turns":4.0},{"damage":31.0,"enemies":"Pondfish","floor":35.0,"turns":3.0},{"damage":0.0,"enemies":"3 Darklings","floor":37.0,"turns":2.0},{"damage":0.0,"enemies":"Orb Walker","floor":40.0,"turns":2.0},{"damage":2.0,"enemies":"Reptomancer","floor":43.0,"turns":2.0},{"damage":0.0,"enemies":"Maw","floor":44.0,"turns":2.0},{"damage":0.0,"enemies":"Transient","floor":46.0,"turns":3.0},{"damage":10.0,"enemies":"Sphere and 2 Shapes","floor":48.0,"turns":2.0},{"damage":26.0,"enemies":"infinitespire:Three Voidlings","floor":49.0,"turns":2.0},{"damage":202.0,"enemies":"Nightmare_Alpha","floor":49.0,"turns":14.0},{"damage":30,"enemies":"infinitespire:MassOfShapes","floor":52,"turns":3}],"seed_played":"-3312092385054513955","potions_obtained":[{"floor":7.0,"key":"FearPotion"},{"floor":11.0,"key":"Elixir"},{"floor":12.0,"key":"DDmod:CleansePotion"},{"floor":16.0,"key":"FairyPotion"},{"floor":49,"key":"PowerPotion"}],"is_trial":false,"path_per_floor":["M","?","$","?","T","R","M","?","T","R","M","E","M","$","R","B",null,"M","T","M","M","M","E","M","R","T","M","E","M","PTL","PTL","?","$","R","B",null,"M","?","T","M","$","R","E","M","T","M","R","M","?","$","R","B",null],"character_chosen":"BEAKED_THE_CULTIST","items_purchased":["beaked:Insight","beaked:Windmill","DollysMirror","Master of Strategy","Quantum Egg","Flash of Steel","construct:ShiftPotion"],"campfire_rested":2,"item_purchase_floors":[3,3,14,33,41,50,50],"current_hp_per_floor":[50,50,50,40,40,40,45,45,45,45,48,38,38,38,50,32,50,36,36,49,46,47,46,37,50,50,29,40,50,50,50,50,50,50,48,50,50,50,50,50,50,50,50,50,50,50,50,50,23,23,23,50],"gold":33,"neow_bonus":"","is_daily":false,"chose_seed":false,"campfire_upgraded":6,"win_rate":0.0,"timestamp":1609862882,"path_taken":["M","?","$","?","?","R","?","?","T","R","M","E","M","$","R","BOSS","M","?","M","M","M","E","M","R","T","M","E","M","PTL","PTL","?","?","R","BOSS","M","?","?","M","$","R","E","M","T","?","R","M","?","$","R","BOSS"],"items_purchased_type":["Card","Card","Relic","Card","Relic","Card","Potion"],"build_version":"2020-12-22","purchased_purges":4,"victory":true,"max_hp_per_floor":[50,50,50,50,50,50,50,50,50,50,50,50,50,50,50,50,50,50,50,50,50,50,50,50,50,50,50,50,50,50,50,50,50,50,50,50,50,50,50,50,50,50,50,50,50,50,50,50,50,50,50,50],"relic_stats":{"Dream Catcher":1,"counters":[26,111],"Tiny Chest":2,"Art of War":[6],"Whetstone":[],"Smiling Mask":225,"obtain_stats":[{"Quantum Egg":41,"Whetstone":45,"hubris:Towel":32,"Smiling Mask":9,"conspire:InfiniteJournal":49,"infinitespire:EvilPickle":41,"Dream Catcher":23,"Replay:Baseball":39,"Replay:Bandana":43,"DollysMirror":14,"Tiny Chest":4,"Philosopher\u0027s Stone":36,"Iron Hammer":12,"hubris:BundleOfHerbs":28,"Bag of Marbles":5,"Art of War":26,"beaked:MendingPlumage":0,"Kintsugi":17,"StrikeDummy":19},{"Quantum Egg":19,"Whetstone":21,"hubris:Towel":16,"Smiling Mask":3,"conspire:InfiniteJournal":25,"infinitespire:EvilPickle":19,"Dream Catcher":12,"Replay:Baseball":18,"Replay:Bandana":20,"DollysMirror":6,"Tiny Chest":2,"Philosopher\u0027s Stone":17,"Iron Hammer":5,"hubris:BundleOfHerbs":15,"Bag of Marbles":2,"Art of War":13,"beaked:MendingPlumage":0,"Kintsugi":7,"StrikeDummy":8},{"Quantum Egg":83,"Whetstone":87,"hubris:Towel":76,"Smiling Mask":14,"conspire:InfiniteJournal":108,"infinitespire:EvilPickle":83,"Dream Catcher":56,"Replay:Baseball":81,"Replay:Bandana":85,"DollysMirror":28,"Tiny Chest":11,"Philosopher\u0027s Stone":79,"Iron Hammer":26,"hubris:BundleOfHerbs":72,"Bag of Marbles":11,"Art of War":62,"beaked:MendingPlumage":0,"Kintsugi":35,"StrikeDummy":39}]},"card_choices":[{"not_picked":["ReplayTheSpireMod:Prepare the Ceremony","beaked:SurvivalInstinct"],"picked":"beaked:StickSmack","floor":1.0},{"not_picked":["beaked:Tradeoff","beaked:SurvivalInstinct","beaked:CheekyTricks"],"picked":"SKIP","floor":7.0},{"not_picked":["beaked:BarbedWire","beaked:Tweet"],"picked":"beaked:Insight","floor":11.0},{"not_picked":["beaked:DarkPact","beaked:Resilience","beaked:Recite"],"picked":"SKIP","floor":12.0},{"not_picked":["beaked:DesperateSwing","beaked:Poke","beaked:RuinSticks"],"picked":"SKIP","floor":13.0},{"not_picked":["beaked:HuntressSpirit+1","beaked:Roost","beaked:Redirect"],"picked":"SKIP","floor":18.0},{"not_picked":["beaked:Negation","beaked:BarbedWire","beaked:SacrificialAttack"],"picked":"SKIP","floor":20.0},{"not_picked":["beaked:FeelMyPain","beaked:Flinch"],"picked":"ReplayTheSpireMod:Prepare the Ceremony+1","floor":21.0},{"not_picked":["ReplayTheSpireMod:Wings of Steel","beaked:SurvivalInstinct","beaked:Poke"],"picked":"SKIP","floor":22.0},{"not_picked":["beaked:WarriorEssence","beaked:TuckingFeathers","beaked:Windmill"],"picked":"SKIP","floor":23.0},{"not_picked":["beaked:ScreechingChant","beaked:FeelMyPain","beaked:SacrificialDive"],"picked":"SKIP","floor":24.0},{"not_picked":["beaked:Recite","beaked:WarriorEssence+1","beaked:TuckingFeathers"],"picked":"SKIP","floor":27.0},{"not_picked":["beaked:Flinch","beaked:Recite+1","beaked:WindBringer"],"picked":"SKIP","floor":28.0},{"not_picked":["beaked:SacrificialAttack","beaked:Foresight","beaked:Redirect"],"picked":"SKIP","floor":29.0},{"not_picked":["beaked:DarkTribute","beaked:SurvivalInstinct"],"picked":"ReplayTheSpireMod:Prepare the Ceremony","floor":37.0},{"not_picked":["beaked:SacrificialAttack+1","beaked:RuinSticks+1","beaked:LiftOff"],"picked":"SKIP","floor":40.0},{"not_picked":["beaked:TuckingFeathers+1","beaked:DesperateSwing","beaked:Roost+1"],"picked":"SKIP","floor":43.0},{"not_picked":["beaked:MimicHuntress","beaked:MimicWarrior","beaked:Insight+1"],"picked":"SKIP","floor":44.0},{"not_picked":["beaked:Tradeoff+1","beaked:Foresight","beaked:SurvivalInstinct+1"],"picked":"SKIP","floor":46.0},{"not_picked":["ReplayTheSpireMod:Wings of Steel","beaked:Mantra"],"picked":"beaked:Brace","floor":48.0}],"player_experience":950066,"relics_obtained":[{"floor":4.0,"key":"Tiny Chest"},{"floor":5.0,"key":"Bag of Marbles"},{"floor":9.0,"key":"Smiling Mask"},{"floor":12.0,"key":"Iron Hammer"},{"floor":19.0,"key":"StrikeDummy"},{"floor":23.0,"key":"Dream Catcher"},{"floor":26.0,"key":"Art of War"},{"floor":28.0,"key":"hubris:BundleOfHerbs"},{"floor":39.0,"key":"Replay:Baseball"},{"floor":43.0,"key":"Replay:Bandana"},{"floor":45.0,"key":"Whetstone"},{"floor":49,"key":"conspire:InfiniteJournal"}],"event_choices":[{"cards_removed":["beaked:Strike_Y"],"damage_healed":0.0,"max_hp_gain":0.0,"max_hp_loss":0.0,"gold_gain":0.0,"event_name":"The Cleric","player_choice":"Card Removal","floor":2.0,"gold_loss":50.0,"damage_taken":0.0},{"cards_removed":["beaked:Strike_Y"],"damage_healed":0.0,"max_hp_gain":0.0,"max_hp_loss":0.0,"gold_gain":0.0,"event_name":"Living Wall","player_choice":"Forget","floor":8.0,"gold_loss":0.0,"damage_taken":0.0},{"damage_healed":0,"gold_gain":0,"player_choice":"Grow","damage_taken":0,"max_hp_gain":0,"max_hp_loss":0,"event_name":"Living Wall","floor":49,"gold_loss":0,"cards_upgraded":["beaked:Windmill"]}],"is_beta":false,"boss_relics":[{"not_picked":["conspire:SeveredTorchhead","energizedSpire:MagnifyingGlass"],"picked":"Kintsugi"},{"not_picked":["Abe\u0027s Treasure","energizedSpire:DeadBattery"],"picked":"Philosopher\u0027s Stone"}],"items_purged_floors":[3,33,41,50],"is_endless":false,"potions_floor_spawned":[7,11,12,16,21,22,24,28,37,44,48,49],"ascension_level":0}}