{"host":"6pgtslebjnyv5xmi","time":1609868144,"event":{"mods":["AchievementEnabler","BaseMod","Colored Map","Minty Spire (QoL Compilation)","Rare Cards Sparkle","StSLib","SuperFastMode","Td1madao Mod","everything is the same but u backflip on backflip"],"gold_per_floor":[112,212,212,225,241,241,260,280,280,280,280,299,311,326,326,326,326],"floor_reached":16,"playtime":624,"items_purged":[],"score":163,"play_id":"960981a9-474e-4cd7-a7c4-b302204cd5b4","local_time":"20210106023544","is_ascension_mode":true,"campfire_choices":[{"data":"Heavy Blade","floor":6,"key":"SMITH"},{"floor":15,"key":"REST"}],"circlet_count":0,"master_deck":["AscendersBane","Strike_R+1","Strike_R","Strike_R","Strike_R","Strike_R","Defend_R","Defend_R","Defend_R","Defend_R+1","Bash","Heavy Blade+1","Flame Barrier","Heavy Blade","Shockwave","Inflame","Sword Boomerang"],"relics":["Burning Blood","Nunchaku","Art of War"],"acts_visited":["Exordium"],"potions_floor_usage":[8,8,16],"damage_taken":[{"damage":0,"enemies":"2 Louse","floor":1,"turns":2},{"damage":6,"enemies":"Cultist","floor":4,"turns":4},{"damage":7,"enemies":"Jaw Worm","floor":5,"turns":3},{"damage":14,"enemies":"Red Slaver","floor":7,"turns":4},{"damage":15,"enemies":"Gremlin Gang","floor":8,"turns":8},{"damage":16,"enemies":"Lots of Slimes","floor":12,"turns":6},{"damage":19,"enemies":"2 Fungi Beasts","floor":13,"turns":4},{"damage":10,"enemies":"Exordium Wildlife","floor":14,"turns":4},{"damage":36,"enemies":"The Guardian","floor":16,"turns":9}],"seed_played":"-248957388292958333","potions_obtained":[{"floor":1,"key":"SpeedPotion"},{"floor":7,"key":"Swift Potion"},{"floor":14,"key":"Energy Potion"}],"is_trial":false,"path_per_floor":["M","?","$","M","M","R","M","M","T","?","T","M","M","M","R","B"],"character_chosen":"IRONCLAD","items_purchased":[],"campfire_rested":1,"item_purchase_floors":[],"current_hp_per_floor":[74,74,74,74,73,73,65,56,56,41,41,31,18,14,36,0,0],"gold":326,"neow_bonus":"THREE_CARDS","is_daily":false,"chose_seed":false,"campfire_upgraded":1,"win_rate":0.0,"timestamp":1609868144,"path_taken":["M","?","$","M","M","R","?","M","T","?","?","M","?","?","R","BOSS"],"items_purchased_type":[],"build_version":"2020-12-22","purchased_purges":0,"victory":false,"max_hp_per_floor":[75,75,75,75,75,75,75,75,75,75,75,75,75,75,75,75,75],"card_choices":[{"not_picked":["Rampage","Clothesline"],"picked":"Heavy Blade","floor":0},{"not_picked":["Dropkick","Cleave","Body Slam"],"picked":"SKIP","floor":1},{"not_picked":["Headbutt","Bloodletting"],"picked":"Flame Barrier","floor":4},{"not_picked":["Iron Wave","Clothesline","Thunderclap"],"picked":"SKIP","floor":5},{"not_picked":["Wild Strike","Reckless Charge"],"picked":"Heavy Blade","floor":7},{"not_picked":["Shrug It Off","Armaments"],"picked":"Shockwave","floor":8},{"not_picked":["Perfected Strike","Wild Strike"],"picked":"Inflame","floor":12},{"not_picked":["Body Slam","Iron Wave"],"picked":"Sword Boomerang","floor":13},{"not_picked":["Immolate","Havoc","Entrench"],"picked":"SKIP","floor":14}],"player_experience":743125,"relics_obtained":[{"floor":9,"key":"Nunchaku"},{"floor":11,"key":"Art of War"}],"event_choices":[{"damage_healed":0,"gold_gain":100,"player_choice":"Gold","damage_taken":0,"max_hp_gain":0,"max_hp_loss":0,"event_name":"Wheel of Change","floor":2,"gold_loss":0},{"damage_healed":0,"gold_gain":0,"player_choice":"Entered Light","damage_taken":15,"max_hp_gain":0,"max_hp_loss":0,"event_name":"Shining Light","floor":10,"gold_loss":0,"cards_upgraded":["Defend_R","Strike_R"]}],"is_beta":false,"boss_relics":[],"items_purged_floors":[],"is_endless":false,"potions_floor_spawned":[1,7,14],"killed_by":"The Guardian","ascension_level":14}}