{"host":"xkmvu47k9fdstweo","time":1609879239,"event":{"mods":["BaseMod","Colored Map","Conspire","Hubris","Minty Spire (QoL Compilation)","Quick Restart","Railgun Mod","Shop Mod","StSLib","The Alterego","The Servant 0.9.4","The Wild Card","TheBandit","WarShipGirlsR/??è≠èóR mod","vexMod"],"gold_per_floor":[110,110,110,110,124,124,153,153,153,153,7,23,40,59,59,59,59],"floor_reached":16,"playtime":286,"items_purged":[],"score":145,"play_id":"113b0c51-09ea-4e71-9416-929b8a716de0","local_time":"20210105154039","is_ascension_mode":true,"campfire_choices":[{"data":"Doom and Gloom","floor":6,"key":"SMITH"},{"data":"Beam Cell","floor":8,"key":"SMITH"},{"floor":10,"key":"REST"},{"floor":15,"key":"REST"}],"circlet_count":0,"master_deck":["Strike_B","Strike_B+1","Strike_B","Defend_B","Defend_B","Defend_B","Defend_B+1","Zap+1","Dualcast","Meteor Strike","Beam Cell+1","Doom and Gloom+1","Hologram","Capacitor","hubris:Ukulele","Glacier","Hologram","Gash"],"relics":["Cracked Core","Matryoshka","Art of War","Incense Burner"],"acts_visited":["Exordium"],"potions_floor_usage":[],"damage_taken":[{"damage":5,"enemies":"Small Slimes","floor":1,"turns":3},{"damage":3,"enemies":"2 Louse","floor":5,"turns":2},{"damage":18,"enemies":"Gremlin Nob","floor":7,"turns":3},{"damage":0,"enemies":"Cultist","floor":12,"turns":2},{"damage":20,"enemies":"Exordium Thugs","floor":13,"turns":6},{"damage":9,"enemies":"Red Slaver","floor":14,"turns":2},{"damage":38,"enemies":"Hexaghost","floor":16,"turns":9}],"seed_played":"-2294258485355011040","potions_obtained":[{"floor":7,"key":"EssenceOfDarkness"},{"floor":13,"key":"SteroidPotion"}],"is_trial":false,"path_per_floor":["M","?","?","?","M","R","E","R","T","R","$","M","M","M","R","B"],"character_chosen":"DEFECT","items_purchased":["Capacitor","hubris:Ukulele"],"campfire_rested":2,"item_purchase_floors":[11,11],"current_hp_per_floor":[63,56,41,41,38,38,20,20,20,42,42,42,22,13,35,0,0],"gold":59,"neow_bonus":"ONE_RANDOM_RARE_CARD","is_daily":false,"chose_seed":false,"campfire_upgraded":2,"win_rate":0.0,"timestamp":1609879239,"path_taken":["M","?","?","?","M","R","E","R","T","R","$","M","M","?","R","BOSS"],"items_purchased_type":["Card","Card"],"build_version":"2020-12-22","purchased_purges":0,"victory":false,"max_hp_per_floor":[75,75,75,75,75,75,75,75,75,75,75,75,75,75,75,75,75],"card_choices":[{"not_picked":["Turbo","Reprogram"],"picked":"Beam Cell","floor":1},{"not_picked":["Chill","Stack"],"picked":"Doom and Gloom","floor":5},{"not_picked":["Redo","Reprogram"],"picked":"Hologram","floor":7},{"not_picked":["Darkness","Rebound"],"picked":"Glacier","floor":12},{"not_picked":["Consume","Rebound"],"picked":"Hologram","floor":13},{"not_picked":["Leap","Darkness"],"picked":"Gash","floor":14}],"player_experience":349115,"relics_obtained":[{"floor":7,"key":"Matryoshka"},{"floor":9,"key":"Art of War"},{"floor":9,"key":"Incense Burner"}],"event_choices":[{"cards_removed":["Strike_B"],"damage_healed":0,"gold_gain":0,"player_choice":"Card Removal","damage_taken":7,"max_hp_gain":0,"max_hp_loss":0,"event_name":"Golden Wing","floor":2,"gold_loss":0},{"damage_healed":0,"gold_gain":0,"player_choice":"Entered Light","damage_taken":15,"max_hp_gain":0,"max_hp_loss":0,"event_name":"Shining Light","floor":3,"gold_loss":0,"cards_upgraded":["Defend_B","Strike_B"]},{"damage_healed":0,"gold_gain":0,"player_choice":"Upgraded","damage_taken":0,"max_hp_gain":0,"max_hp_loss":0,"event_name":"Upgrade Shrine","floor":4,"gold_loss":0,"cards_upgraded":["Zap"]}],"is_beta":false,"boss_relics":[],"items_purged_floors":[],"is_endless":false,"potions_floor_spawned":[7,13],"killed_by":"Hexaghost","ascension_level":9}}