{"host":"ueaobptuyu87ouwy","time":1609847520,"event":{"mods":["Aspiration","Bard","BaseMod","Better Altar","Better Match","Better Note","Better Sensory Stone","Better Skull","Better Third Choice","BetterRewards","CCEM","Colored Map","Conspire","Downfall","GifTheSpireLib","Googly Eyes","Halation","Hermit","Highlight Path","Hubris","Infinite Spire","Jedi Mod","Jorbs\u0027s Wanderer Trilogy","Marisa????????","Mimic Mod","Minty Spire (QoL Compilation)","Permanent Neow","Replay The Spire","StSLib","Stuff the Spire","The Runesmith","Unceasing Turn Reminder","everything is the same but u backflip on backflip","slay the spire mod where everything is the same but ironclad has a cowboy hat"],"gold_per_floor":[119,222,222,132,151,177,177,193,193,36,65,81,81,99,99,199,199,214,214,224,260,274,274,294,294,319,319,319,337,347,360,360,457,457,475,475,494,494,146,146,159,159,159,175,191,191,191,204,204,204,204],"floor_reached":50,"playtime":3417,"items_purged":[],"score":531,"play_id":"dafd451b-250b-4226-b36c-e3f7f21cbf87","local_time":"20210105195200","is_ascension_mode":false,"campfire_choices":[{"data":"jedi:poisonivy","floor":7,"key":"SMITH"},{"floor":13,"key":"REST"},{"floor":15,"key":"REST"},{"data":"conspire:Blindness","floor":25,"key":"PURGE"},{"floor":28,"key":"REST"},{"floor":32,"key":"REST"},{"data":"Runesmith:HammerAndChisel","floor":40,"key":"SMITH"},{"floor":42,"key":"REST"},{"floor":46,"key":"REST"},{"floor":49,"key":"REST"}],"circlet_count":0,"master_deck":["Strike_G","Strike_G","Strike_G","Strike_G","Strike_G","Defend_G","Defend_G","Survivor","Neutralize","jedi:brewingpoison","Toxin Wave","Quick Slash","StuffTheSpire:Repulse","jedi:poisonivy+1","Backflip","Outmaneuver","PiercingWail","jedi:pocketpoison","Replay:Bag of Tricks+1","Deadly Poison","Slice","Tools of the Trade+1","Shame","stsjorbsmod:PollutedStrike","ReplayTheSpireMod:Speed Training+1","aspiration:UnbridledHammer","hubris:Sniper","Runesmith:HammerAndChisel+1","Deadly Poison","Quick Slash+1","infinitespire:NeuralNetwork+1","Runesmith:MetallurgicalResearch+1","Runesmith:CraftReservo","conspire:PoisonWeapons+1","Dagger Throw+1","ReplayTheSpireMod:The Works+1","Runesmith:RunicBlueprint"],"relics":["Ring of the Snake","Anchor","hubris:Towel","hubris:Spice","HornCleat","Happy Flower","Golden Egg","Replay:Ancient Bell","Runesmith:AutoHammer","hubris:DisguiseKit","StuffTheSpire:DarkSteelAnvil","Replay:Multitool","halation:LettersToHer","Counterbalance"],"acts_visited":["Exordium","TheCity","TheBeyond"],"potions_floor_usage":[6,33,41,50],"damage_taken":[{"damage":2,"enemies":"Small Slimes","floor":1,"turns":4},{"damage":0,"enemies":"2 Louse","floor":5,"turns":2},{"damage":25,"enemies":"Gremlin Nob","floor":6,"turns":5},{"damage":2,"enemies":"Jaw Worm","floor":8,"turns":6},{"damage":28,"enemies":"Lagavulin","floor":11,"turns":11},{"damage":0,"enemies":"Blue Slaver","floor":12,"turns":3},{"damage":0,"enemies":"Looter","floor":14,"turns":3},{"damage":25,"enemies":"Fading Forest","floor":16,"turns":11},{"damage":0,"enemies":"Chosen","floor":18,"turns":4},{"damage":14,"enemies":"Shell Parasite","floor":20,"turns":6},{"damage":3,"enemies":"Centurion and Healer","floor":21,"turns":5},{"damage":2,"enemies":"Centurion and Healer","floor":22,"turns":6},{"damage":36,"enemies":"Snecko","floor":24,"turns":6},{"damage":10,"enemies":"3 Cultists","floor":29,"turns":5},{"damage":0,"enemies":"Centurion and Healer","floor":30,"turns":5},{"damage":0,"enemies":"Snake Plant","floor":31,"turns":3},{"damage":13,"enemies":"hubris:MusketHawk","floor":33,"turns":8},{"damage":0,"enemies":"3 Shapes","floor":35,"turns":4},{"damage":17,"enemies":"3 Darklings","floor":37,"turns":4},{"damage":30,"enemies":"4 Shapes","floor":41,"turns":7},{"damage":21,"enemies":"Spire Growth","floor":44,"turns":4},{"damage":0,"enemies":"Maw","floor":45,"turns":4},{"damage":0,"enemies":"Jaw Worm Horde","floor":48,"turns":4},{"damage":23,"enemies":"Replay:Hell Engine","floor":50,"turns":4}],"seed_played":"-924218652087402305","potions_obtained":[{"floor":1,"key":"SteroidPotion"},{"floor":8,"key":"Elixir"},{"floor":12,"key":"Venom Potion"},{"floor":14,"key":"LifebloodPotion"},{"floor":20,"key":"GhostInAJar"},{"floor":33,"key":"SpeedPotion"},{"floor":45,"key":"Poison Potion"}],"is_trial":false,"path_per_floor":["M","?","?","$","M","E","R","M","T","$","E","M","R","M","R","B",null,"M","?","M","MIM","M","R","M","R","T","AVR","R","M","M","M","R_BF","B",null,"M","?","M","?","$","R","M","R","T","M","M","R","?","M","R","B"],"character_chosen":"THE_SILENT","items_purchased":["jedi:poisonivy","Backflip","Happy Flower","Counterbalance","Dagger Throw"],"campfire_rested":7,"item_purchase_floors":[4,4,10,39,39],"current_hp_per_floor":[68,51,51,51,51,34,34,32,32,32,4,4,27,27,50,25,78,78,78,64,69,67,67,31,31,31,31,54,44,44,44,62,49,54,54,54,37,37,37,37,7,23,23,2,2,13,13,13,22,0,0],"gold":204,"neow_bonus":"ONE_RANDOM_RARE_CARD","is_daily":false,"chose_seed":false,"campfire_upgraded":2,"win_rate":0.0,"timestamp":1609847520,"path_taken":["M","?","?","$","M","E","R","?","T","$","E","M","R","M","R","BOSS","M","?","M","?","M","R","M","R","T","AVR","R","M","M","M","R_BF","BOSS","M","?","?","?","$","R","M","R","T","M","M","R","?","?","R","BOSS"],"items_purchased_type":["Card","Card","Relic","Relic","Card"],"build_version":"2020-12-13","purchased_purges":0,"victory":false,"max_hp_per_floor":[70,70,70,70,70,78,78,78,78,78,78,78,78,78,78,78,78,78,78,78,86,86,86,86,86,78,78,78,70,70,62,62,62,54,54,54,54,54,54,54,54,54,46,46,38,38,38,30,30,30,30],"card_choices":[{"not_picked":["Masterful Stab","Draining Mist"],"picked":"Toxin Wave","floor":1},{"not_picked":["hubris:Sniper","Infinite Blades"],"picked":"Quick Slash","floor":2},{"not_picked":["jedi:acidrain","Deflect"],"picked":"StuffTheSpire:Repulse","floor":2},{"not_picked":["ReplayTheSpireMod:Shiv Toss","PiercingWail"],"picked":"Outmaneuver","floor":5},{"not_picked":["Blade Dance","StuffTheSpire:Fury"],"picked":"PiercingWail","floor":6},{"not_picked":["All Out Attack","Quick Slash"],"picked":"jedi:pocketpoison","floor":8},{"not_picked":["StuffTheSpire:Injection","jedi:pocketpoison"],"picked":"Replay:Bag of Tricks","floor":11},{"not_picked":["Hidden Blade","Masterful Stab"],"picked":"Deadly Poison","floor":12},{"not_picked":["Riddle With Holes","Tactician"],"picked":"Slice","floor":14},{"not_picked":["Night Terror","jedi:brewingpoison"],"picked":"Tools of the Trade","floor":16},{"not_picked":["Replay:Hysterical Blindness","Writhe","Guardian:Aged"],"picked":"conspire:Blindness","floor":17},{"not_picked":["hubris:Gluttony","Replay:Hysterical Blindness","hubris:Sloth"],"picked":"Shame","floor":17},{"not_picked":["hubris:Envy","hexamod:Haunted","Replay:UnknownCurse"],"picked":"stsjorbsmod:PollutedStrike","floor":17},{"not_picked":["Flying Knee","PiercingWail","Runesmith:Malloc"],"picked":"ReplayTheSpireMod:Speed Training+1","floor":18},{"not_picked":["Blade Dance+1","Deflect+1","All Out Attack"],"picked":"aspiration:UnbridledHammer","floor":20},{"not_picked":["PiercingWail","Poisoned Stab","Runesmith:BackupBattery"],"picked":"hubris:Sniper","floor":21},{"not_picked":["PiercingWail","Backflip","Night Terror"],"picked":"Runesmith:HammerAndChisel","floor":22},{"not_picked":["Replay:Poison Smokescreen","Toxin Wave+1","Runesmith:CraftObretio"],"picked":"Quick Slash+1","floor":24},{"not_picked":["StuffTheSpire:BumpUp","Finisher+1","Runesmith:GenerateForcefield"],"picked":"hubris:SpiceAddiction","floor":29},{"not_picked":["Blade Dance","jedi:poisonivy+1","Eviscerate","Runesmith:StaticCage"],"picked":"SKIP","floor":30},{"not_picked":["Hidden Blade","hubris:SpiceAddiction","Runesmith:HeatExchange"],"picked":"hubris:SpiceAddiction","floor":31},{"not_picked":["ReplayTheSpireMod:Necrosis","StuffTheSpire:FinalStruggle","Die Die Die"],"picked":"Runesmith:MetallurgicalResearch","floor":33},{"not_picked":["jedi:unstablefumes+1","hubris:SpiceAddiction","PiercingWail"],"picked":"Runesmith:CraftReservo","floor":35},{"not_picked":["Prepared+1","ReplayTheSpireMod:From All Sides","Runesmith:HeatedChisel"],"picked":"conspire:PoisonWeapons+1","floor":37},{"not_picked":["hubris:SpiceAddiction","hubris:SpiceAddiction","Runesmith:CraftMagma"],"picked":"ReplayTheSpireMod:The Works+1","floor":41},{"not_picked":["Escape Plan","Dodge and Roll+1","jedi:pocketpoison"],"picked":"Runesmith:RunicBlueprint","floor":44},{"not_picked":["Prepared","conspire:PoisonWeapons","Runesmith:Prism"],"picked":"hubris:SpiceAddiction","floor":45},{"not_picked":["Escape Plan+1","Dagger Throw","Runesmith:HeatExchange"],"picked":"hubris:SpiceAddiction","floor":48}],"player_experience":12047,"relics_obtained":[{"floor":2,"key":"Anchor"},{"floor":6,"key":"hubris:Spice"},{"floor":9,"key":"HornCleat"},{"floor":11,"key":"Golden Egg"},{"floor":21,"key":"Replay:Multitool"},{"floor":21,"key":"hubris:Spice"},{"floor":26,"key":"hubris:Spice"},{"floor":43,"key":"hubris:Spice"},{"floor":43,"key":"halation:LettersToHer"}],"event_choices":[{"cards_removed":["Defend_G"],"damage_healed":0,"gold_gain":0,"player_choice":"Offered Basic","damage_taken":0,"max_hp_gain":0,"max_hp_loss":0,"event_name":"Bonfire Elementals","floor":19,"gold_loss":0},{"cards_removed":["aspiration:UnbridledHammer"],"damage_healed":0,"gold_gain":0,"player_choice":"Give","damage_taken":0,"max_hp_gain":0,"max_hp_loss":0,"event_name":"betterNote:BetterNote","floor":36,"gold_loss":0,"cards_obtained":["Amnesia"]},{"cards_removed":["Defend_G"],"damage_healed":0,"gold_gain":0,"player_choice":"Removed Skill","damage_taken":0,"max_hp_gain":0,"max_hp_loss":0,"event_name":"Falling","floor":38,"gold_loss":0},{"damage_healed":0,"gold_gain":0,"player_choice":"Upgraded","damage_taken":0,"max_hp_gain":0,"max_hp_loss":0,"event_name":"Upgrade Shrine","floor":47,"gold_loss":0,"cards_upgraded":["infinitespire:NeuralNetwork"]}],"is_beta":false,"boss_relics":[{"not_picked":["Velvet Choker","aspiration:PoetsPen_weak"],"picked":"Replay:Ancient Bell"},{"not_picked":["hubris:Spice","StuffTheSpire:GrapeVine"],"picked":"Runesmith:AutoHammer"},{"not_picked":["hubris:Spice","ReplayTheSpireMod:Ninjato"],"picked":"hubris:DisguiseKit"},{"not_picked":["Vampiric Spirits","Old Coin"],"picked":"StuffTheSpire:DarkSteelAnvil"},{"not_picked":["hubris:Spice","Snecko Scales"],"picked":"hubris:Spice"}],"items_purged_floors":[],"is_endless":false,"potions_floor_spawned":[1,8,12,14,20,24,29,33,35,45],"killed_by":"Replay:Hell Engine","ascension_level":0}}