{"host":"gttgmv2wah99hzdm","time":1609887531,"event":{"mods":["AchievementEnabler","BaseMod","Bestiary","Block Reminder","Filter the Spire","Minty Spire (QoL Compilation)","Relic Stats","ojb\u0027s Better Paths Mod","ojb\u0027s Info Mod"],"gold_per_floor":[114,124,140,160,160,195,195,195,195,227,227,237,265,282,282,353,353,371,387,437,144,144,144,144],"floor_reached":23,"playtime":1260,"items_purged":["Injury"],"score":447,"play_id":"27a0cf58-e0ce-4a75-96a5-713c93230689","local_time":"20210105165851","is_ascension_mode":true,"campfire_choices":[{"floor":8.0,"key":"REST"},{"data":"Spot Weakness","floor":11,"key":"SMITH"},{"floor":15,"key":"REST"}],"circlet_count":0,"master_deck":["AscendersBane","Defend_R","Defend_R","Defend_R","Defend_R","Bash","Wild Strike","Evolve","Power Through","Burning Pact","Spot Weakness+1","Burning Pact","Rampage","Sentinel","Exhume","Clothesline","Bite","Bite","Bite","Bite","Bite"],"relics":["Cursed Key","Pocketwatch","Charon\u0027s Ashes","StrikeDummy","Lizard Tail","Philosopher\u0027s Stone","Membership Card","Orichalcum"],"acts_visited":["Exordium","TheCity"],"potions_floor_usage":[16,23],"damage_taken":[{"damage":2.0,"enemies":"Cultist","floor":1.0,"turns":4.0},{"damage":3.0,"enemies":"2 Louse","floor":2.0,"turns":2.0},{"damage":2.0,"enemies":"Jaw Worm","floor":3.0,"turns":2.0},{"damage":5.0,"enemies":"Exordium Thugs","floor":4.0,"turns":5.0},{"damage":15.0,"enemies":"3 Sentries","floor":6.0,"turns":8.0},{"damage":11,"enemies":"Gremlin Nob","floor":10,"turns":3},{"damage":0,"enemies":"Large Slime","floor":12,"turns":4},{"damage":12,"enemies":"Lagavulin","floor":13,"turns":7},{"damage":6,"enemies":"Lots of Slimes","floor":14,"turns":4},{"damage":15,"enemies":"The Guardian","floor":16,"turns":10},{"damage":38,"enemies":"3 Byrds","floor":18,"turns":7},{"damage":0,"enemies":"Chosen","floor":19,"turns":3},{"damage":68,"enemies":"Slavers","floor":23,"turns":4}],"seed_played":"7936583244894863776","potions_obtained":[{"floor":1.0,"key":"Fire Potion"},{"floor":3.0,"key":"SpeedPotion"},{"floor":6.0,"key":"BlessingOfTheForge"},{"floor":12,"key":"DuplicationPotion"},{"floor":16,"key":"PowerPotion"}],"is_trial":false,"path_per_floor":["M","M","M","M","?","E","?","R","T","E","R","M","E","M","R","B",null,"M","M","?","$","?","E"],"character_chosen":"IRONCLAD","items_purchased":["Membership Card","Orichalcum"],"campfire_rested":2,"item_purchase_floors":[21,21],"current_hp_per_floor":[66,63,61,56,45,30,23,45,45,34,34,34,22,16,38,23,62,24,24,24,24,24,0,0],"gold":144,"neow_bonus":"BOSS_RELIC","is_daily":false,"chose_seed":false,"campfire_upgraded":1,"win_rate":0.0,"timestamp":1609887531,"path_taken":["M","M","M","M","?","E","?","R","T","E","R","?","E","M","R","BOSS","M","M","?","$","?","E"],"items_purchased_type":["Relic","Relic"],"build_version":"2020-12-22","purchased_purges":1,"victory":false,"max_hp_per_floor":[75,75,75,75,75,75,75,75,75,75,75,75,75,75,75,75,75,75,75,75,75,52,52,52],"relic_stats":{"Lizard Tail":26,"counters":[13,63],"Charon\u0027s Ashes":[99],"Orichalcum":[12],"Cursed Key":1,"obtain_stats":[{"Lizard Tail":13,"Philosopher\u0027s Stone":17,"Charon\u0027s Ashes":6,"Membership Card":21,"Orichalcum":21,"Cursed Key":0,"StrikeDummy":10,"Burning Blood":0,"Pocketwatch":5},{"Lizard Tail":8,"Philosopher\u0027s Stone":10,"Charon\u0027s Ashes":5,"Membership Card":12,"Orichalcum":12,"Cursed Key":0,"StrikeDummy":6,"Burning Blood":0,"Pocketwatch":4},{"Lizard Tail":35,"Philosopher\u0027s Stone":49,"Charon\u0027s Ashes":21,"Membership Card":59,"Orichalcum":59,"Cursed Key":0,"StrikeDummy":24,"Burning Blood":0,"Pocketwatch":13}],"Pocketwatch":[87]},"card_choices":[{"not_picked":["Sever Soul","Havoc"],"picked":"Wild Strike","floor":1.0},{"not_picked":["Uppercut","Wild Strike"],"picked":"Evolve","floor":2.0},{"not_picked":["Rage","Anger"],"picked":"Power Through","floor":3.0},{"not_picked":["Metallicize","Cleave"],"picked":"Burning Pact","floor":4.0},{"not_picked":["Perfected Strike","Wild Strike"],"picked":"Spot Weakness","floor":6.0},{"not_picked":["Thunderclap","Flex"],"picked":"Burning Pact","floor":10},{"not_picked":["Sword Boomerang","Dual Wield"],"picked":"Rampage","floor":12},{"not_picked":["Sword Boomerang","Headbutt"],"picked":"Sentinel","floor":13},{"not_picked":["Iron Wave","Pommel Strike","Thunderclap"],"picked":"SKIP","floor":14},{"not_picked":["Double Tap","Berserk"],"picked":"Exhume","floor":16},{"not_picked":["True Grit","Combust"],"picked":"Clothesline","floor":18},{"not_picked":["Warcry","Havoc","Power Through"],"picked":"SKIP","floor":19}],"player_experience":1065272,"relics_obtained":[{"floor":6.0,"key":"Charon\u0027s Ashes"},{"floor":10,"key":"StrikeDummy"},{"floor":13,"key":"Lizard Tail"}],"event_choices":[{"damage_healed":0.0,"max_hp_gain":0.0,"max_hp_loss":0.0,"gold_gain":0.0,"event_name":"Scrap Ooze","player_choice":"Success","floor":5.0,"gold_loss":0.0,"damage_taken":11.0,"relics_obtained":["Pocketwatch"]},{"cards_removed":["Strike_R"],"damage_healed":0.0,"max_hp_gain":0.0,"max_hp_loss":0.0,"gold_gain":0.0,"event_name":"Golden Wing","player_choice":"Card Removal","floor":7.0,"gold_loss":0.0,"damage_taken":7.0},{"damage_healed":0,"gold_gain":50,"player_choice":"Stole From Cult","damage_taken":0,"max_hp_gain":0,"max_hp_loss":0,"event_name":"Nest","floor":20,"gold_loss":0},{"damage_healed":0,"gold_gain":0,"player_choice":"Became a vampire","damage_taken":0,"max_hp_gain":0,"max_hp_loss":23,"event_name":"Vampires","floor":22,"gold_loss":0,"cards_obtained":["Bite","Bite","Bite","Bite","Bite"]}],"is_beta":false,"boss_relics":[{"not_picked":["Runic Cube","Fusion Hammer"],"picked":"Philosopher\u0027s Stone"}],"items_purged_floors":[21],"is_endless":false,"potions_floor_spawned":[1,3,6,12,13,16],"killed_by":"Slavers","ascension_level":20}}