{"host":"37dk0reb6x0du8wx","time":1609841297,"event":{"mods":["BaseMod","Colored Map","DeckTracker","Minty Spire (QoL Compilation)","Quick Restart","StSLib"],"gold_per_floor":[111,36,55,55,55,88,103,103,129,143,143,318,351,0,0,0,0],"floor_reached":16,"playtime":387,"items_purged":["Strike_B","Strike_B"],"score":160,"play_id":"1f46eeb0-4647-42d8-a12a-a4742ac3fdd8","local_time":"20210105190817","is_ascension_mode":true,"campfire_choices":[{"data":"Zap","floor":8,"key":"SMITH"},{"data":"Conserve Battery","floor":11,"key":"SMITH"},{"floor":15,"key":"REST"}],"circlet_count":0,"master_deck":["Strike_B","Strike_B","Defend_B","Defend_B","Defend_B","Defend_B","Zap+1","Dualcast","Conserve Battery+1","Capacitor","Conserve Battery","Doubt"],"relics":["Cracked Core","NeowsBlessing","MealTicket","Pen Nib","Oddly Smooth Stone","Mercury Hourglass","Singing Bowl"],"acts_visited":["Exordium"],"potions_floor_usage":[16],"damage_taken":[{"damage":0,"enemies":"2 Louse","floor":1,"turns":1},{"damage":0,"enemies":"Cultist","floor":3,"turns":1},{"damage":0,"enemies":"3 Sentries","floor":6,"turns":1},{"damage":1,"enemies":"Small Slimes","floor":7,"turns":4},{"damage":7,"enemies":"3 Louse","floor":10,"turns":5},{"damage":35,"enemies":"Gremlin Nob","floor":13,"turns":5},{"damage":67,"enemies":"Hexaghost","floor":16,"turns":14}],"seed_played":"-4253286493598780927","potions_obtained":[{"floor":3,"key":"ColorlessPotion"}],"is_trial":false,"path_per_floor":["M","$","M","?","$","E","M","R","T","M","R","?","E","$","R","B"],"character_chosen":"DEFECT","items_purchased":["Singing Bowl"],"campfire_rested":1,"item_purchase_floors":[14],"current_hp_per_floor":[75,75,75,75,75,75,74,74,74,67,67,67,32,47,69,2,2],"gold":0,"neow_bonus":"THREE_ENEMY_KILL","is_daily":false,"chose_seed":false,"campfire_upgraded":2,"win_rate":0.0,"timestamp":1609841297,"path_taken":["M","$","M","?","?","E","M","R","T","M","R","?","E","$","R","BOSS"],"items_purchased_type":["Relic"],"build_version":"2020-12-22","purchased_purges":2,"victory":false,"max_hp_per_floor":[75,75,75,75,75,75,75,75,75,75,75,75,75,75,75,75,75],"card_choices":[{"not_picked":["Hologram","Cold Snap"],"picked":"Conserve Battery","floor":1},{"not_picked":["Skim","Compile Driver","Capacitor"],"picked":"SKIP","floor":3},{"not_picked":["Skim","Compile Driver"],"picked":"Capacitor","floor":3},{"not_picked":["Rip and Tear","Hologram"],"picked":"Conserve Battery","floor":6},{"not_picked":["Go for the Eyes","Streamline","Tempest"],"picked":"SKIP","floor":7},{"not_picked":["Echo Form","Undo","Cold Snap"],"picked":"SKIP","floor":10},{"not_picked":["Scrape","Compile Driver","Coolheaded"],"picked":"SKIP","floor":13}],"player_experience":155942,"relics_obtained":[{"floor":4,"key":"MealTicket"},{"floor":6,"key":"Pen Nib"},{"floor":9,"key":"Oddly Smooth Stone"},{"floor":13,"key":"Mercury Hourglass"}],"event_choices":[{"damage_healed":0,"gold_gain":0,"player_choice":"Relic","damage_taken":0,"max_hp_gain":0,"max_hp_loss":0,"event_name":"Wheel of Change","floor":4,"gold_loss":0},{"damage_healed":0,"gold_gain":175,"player_choice":"AGREE","damage_taken":0,"max_hp_gain":0,"max_hp_loss":0,"event_name":"Liars Game","floor":12,"gold_loss":0,"cards_obtained":["Doubt"]}],"is_beta":false,"boss_relics":[],"items_purged_floors":[2,14],"is_endless":false,"potions_floor_spawned":[3],"killed_by":"Hexaghost","ascension_level":4}}