{"host":"1kq2ingo3j45gyyp","time":1609884325,"event":{"mods":["BaseMod","Better Note","Better Third Choice","Downfall","Minty Spire (QoL Compilation)","StSLib"],"gold_per_floor":[99,113,126,142,172,189,189,39,52,78,78,90,90,106,119,217,217,217,217,217,217,217,217,217,217,217,55,55,55,55,55,55,55,55,55],"floor_reached":33,"playtime":1443,"items_purged":[],"score":277,"play_id":"a01adf0f-b2e8-4f6c-8e1d-d182500e8e18","local_time":"20210105170525","is_ascension_mode":false,"campfire_choices":[{"floor":1,"key":"RECALL"},{"data":"Slimebound:Split","floor":8,"key":"SMITH"},{"data":"Slimebound:GrowthPunch","floor":11,"key":"SMITH"},{"data":"Slimebound:RainOfGoop","floor":18,"key":"SMITH"},{"floor":29,"key":"DIG"}],"circlet_count":0,"master_deck":["Slimebound:Strike_Slimebound","Slimebound:Strike_Slimebound","Slimebound:Strike_Slimebound","Slimebound:Tackle","Slimebound:Defend_Slimebound","Slimebound:Defend_Slimebound","Slimebound:Defend_Slimebound","Slimebound:Defend_Slimebound","Slimebound:Split+1","Slimebound:CorrosiveSpit","Slimebound:LeechingTouch","Slimebound:GrowthPunch+1","Slimebound:LeechEnergy","Slimebound:DuplicatedForm","Slimebound:GrowthPunch","Slimebound:RainOfGoop+1","Slimebound:GrowthPunch","Slimebound:LivingWall","Slimebound:MegaLick","Slimebound:SlimeSpikes","Slimebound:Gluttony","Slimebound:TongueLash","Slimebound:SplitMire+1","Slimebound:LeechingTouch+1","Slimebound:LeechLife","Slimebound:Dissolve","Slimebound:Equalize+1"],"relics":["Slimebound:AbsorbEndCombat","downfall:HeartBlessingRed","downfall:HeartBlessingBlue","Mercury Hourglass","downfall:Hecktoplasm","Shovel","Pen Nib","ClockworkSouvenir","StrikeDummy","downfall:HeartBlessingGreen","Ancient Tea Set"],"acts_visited":["Exordium","TheCity"],"potions_floor_usage":[16,20,23],"damage_taken":[{"damage":5,"enemies":"Jaw Worm","floor":2,"turns":4},{"damage":0,"enemies":"2 Louse","floor":3,"turns":2},{"damage":5,"enemies":"Cultist","floor":4,"turns":4},{"damage":32,"enemies":"Blue Slaver","floor":6,"turns":5},{"damage":19,"enemies":"Exordium Wildlife","floor":9,"turns":4},{"damage":18,"enemies":"Gremlin Nob","floor":10,"turns":4},{"damage":29,"enemies":"Large Slime","floor":12,"turns":5},{"damage":1,"enemies":"3 Louse","floor":14,"turns":2},{"damage":7,"enemies":"Blue Slaver","floor":15,"turns":3},{"damage":54,"enemies":"downfall:Defect","floor":16,"turns":8},{"damage":37,"enemies":"Spheric Guardian","floor":19,"turns":4},{"damage":49,"enemies":"Centurion and Healer","floor":20,"turns":6},{"damage":9,"enemies":"Chosen and Byrds","floor":21,"turns":4},{"damage":31,"enemies":"Snake Plant","floor":22,"turns":5},{"damage":36,"enemies":"Book of Stabbing","floor":23,"turns":5},{"damage":14,"enemies":"Snecko","floor":25,"turns":4},{"damage":17,"enemies":"Cultist and Chosen","floor":26,"turns":6},{"damage":19,"enemies":"downfall:FleeingMerchant","floor":27,"turns":4},{"damage":8,"enemies":"Chosen and Byrds","floor":30,"turns":4},{"damage":12,"enemies":"Snake Plant","floor":32,"turns":4},{"damage":82,"enemies":"downfall:Silent","floor":33,"turns":7}],"seed_played":"-938436518452128353","potions_obtained":[{"floor":6,"key":"LiquidMemories"},{"floor":10,"key":"sneckomod:MuddlingPotion"},{"floor":12,"key":"CultistPotion"},{"floor":14,"key":"Strength Potion"},{"floor":16,"key":"Regen Potion"},{"floor":20,"key":"BlessingOfTheForge"},{"floor":23,"key":"Ancient Potion"}],"is_trial":false,"path_per_floor":["R","M","M","M","?","M","T","R","M","E","R","M","?","M","M","B",null,"R","M","M","M","M","E","T","M","M","$","?","R","M","?","M","B"],"character_chosen":"SLIMEBOUND","items_purchased":["ClockworkSouvenir"],"campfire_rested":0,"item_purchase_floors":[27],"current_hp_per_floor":[60,60,60,60,60,53,53,63,58,42,42,46,46,51,48,20,70,70,58,58,67,51,43,43,45,56,60,60,60,70,70,65,0,0,0],"gold":55,"neow_bonus":"THREE_CARDS","is_daily":false,"chose_seed":false,"campfire_upgraded":3,"win_rate":0.0,"timestamp":1609884325,"path_taken":["R","M","M","M","?","M","T","R","M","E","R","M","?","M","M","BOSS","R","M","?","M","M","E","T","M","M","$","?","R","M","?","M","BOSS"],"items_purchased_type":["Relic"],"build_version":"2020-12-22","purchased_purges":0,"victory":false,"max_hp_per_floor":[60,60,60,60,60,60,60,70,70,70,70,70,70,70,70,70,70,70,70,70,70,70,70,70,70,70,70,70,70,70,70,70,70,70,70],"card_choices":[{"not_picked":["Slimebound:SplitAcid","Slimebound:LeechEnergy"],"picked":"Slimebound:LeechingTouch","floor":0},{"not_picked":["Slimebound:SplitBruiser","Slimebound:FinishingTackle"],"picked":"Slimebound:GrowthPunch","floor":2},{"not_picked":["Slimebound:ViciousTackle","Slimebound:SamplingLick"],"picked":"Slimebound:LeechEnergy","floor":3},{"not_picked":["Slimebound:SlimeBarrage","Slimebound:SplitLeeching"],"picked":"Slimebound:DuplicatedForm","floor":4},{"not_picked":["Slimebound:Nibble","Slimebound:SplitLeeching"],"picked":"Slimebound:GrowthPunch","floor":6},{"not_picked":["Slimebound:LeechEnergy","Slimebound:ViciousTackle"],"picked":"Slimebound:RainOfGoop","floor":9},{"not_picked":["Slimebound:ViciousTackle","Slimebound:SplitBruiser","Slimebound:SplitLeeching"],"picked":"SKIP","floor":10},{"not_picked":["Slimebound:SpikyOuterGoop","Slimebound:LeechingTouch"],"picked":"Slimebound:GrowthPunch","floor":12},{"not_picked":["Slimebound:Dissolve","Slimebound:SplitLeeching"],"picked":"Slimebound:LivingWall","floor":14},{"not_picked":["Slimebound:SplitAcid","Slimebound:SlimeTap"],"picked":"Slimebound:MegaLick","floor":15},{"not_picked":["Slimebound:ServeAndProtect","Slimebound:PressTheAttack"],"picked":"Slimebound:SlimeSpikes","floor":19},{"not_picked":["Slimebound:FinishingTackle","Slimebound:ComboTackle+1"],"picked":"Slimebound:Gluttony","floor":20},{"not_picked":["Slimebound:ViciousTackle","Slimebound:ItLooksTasty"],"picked":"Slimebound:TongueLash","floor":21},{"not_picked":["Slimebound:SplitSpecialist","Slimebound:DisruptingSlam"],"picked":"Slimebound:SplitMire+1","floor":22},{"not_picked":["Slimebound:RollThrough","Slimebound:SlimeBarrage"],"picked":"Slimebound:LeechingTouch+1","floor":23},{"not_picked":["Slimebound:LeechingTouch","Slimebound:SplitAcid"],"picked":"Slimebound:LeechLife","floor":25},{"not_picked":["Slimebound:DisruptingSlam","Slimebound:ViciousTackle"],"picked":"Slimebound:Dissolve","floor":26},{"not_picked":["Slimebound:LivingWall","Slimebound:SplitMire"],"picked":"Slimebound:Equalize+1","floor":27},{"not_picked":["Slimebound:SlimeSpikes","Slimebound:DivideAndConquer","Slimebound:LivingWall"],"picked":"SKIP","floor":30},{"not_picked":["Slimebound:Chomp","Slimebound:PressTheAttack","Slimebound:Replication+1"],"picked":"SKIP","floor":32}],"player_experience":839661,"relics_obtained":[{"floor":10,"key":"Mercury Hourglass"},{"floor":23,"key":"Shovel"},{"floor":24,"key":"Pen Nib"},{"floor":29,"key":"Ancient Tea Set"}],"event_choices":[{"damage_healed":0,"gold_gain":0,"player_choice":"Ignored","damage_taken":0,"max_hp_gain":0,"max_hp_loss":0,"event_name":"betterNote:BetterNote","floor":13,"gold_loss":0,"cards_obtained":["Blind"]},{"damage_healed":0,"gold_gain":0,"player_choice":"Ignored","damage_taken":0,"max_hp_gain":0,"max_hp_loss":0,"event_name":"Ghosts","floor":31,"gold_loss":0}],"is_beta":false,"boss_relics":[{"not_picked":["Busted Crown","Coffee Dripper"],"picked":"downfall:Hecktoplasm"}],"items_purged_floors":[],"is_endless":false,"potions_floor_spawned":[6,10,12,14,16,20,21,23,30,32],"killed_by":"downfall:Silent","ascension_level":0}}