{"host":"jn2qdns2nxijvlnt","time":1609877884,"event":{"mods":["BaseMod","Minty Spire (QoL Compilation)","Quick Restart"],"gold_per_floor":[112,112,112,112,130,130,160,160,160,12,24,24,38,73,73,175,175,194,214,238,263,290,333,345,375,433,445,472,29,29,47,47,152,152,167,187,232,0,11,11,45,45,71,85,113,12,12,25,25,25],"floor_reached":51,"playtime":3188,"items_purged":[],"score":808,"play_id":"3188ab36-7105-4444-833a-a50d8b0980b0","local_time":"20210105151804","is_ascension_mode":true,"campfire_choices":[{"floor":6.0,"key":"REST"},{"floor":8.0,"key":"REST"},{"data":"Phantasmal Killer","floor":12.0,"key":"SMITH"},{"data":"Crippling Poison","floor":15.0,"key":"SMITH"},{"data":"After Image","floor":24.0,"key":"SMITH"},{"data":"Poisoned Stab","floor":27.0,"key":"SMITH"},{"data":"Adrenaline","floor":32.0,"key":"SMITH"},{"floor":40.0,"key":"REST"},{"floor":49.0,"key":"REST"}],"circlet_count":0,"master_deck":["Strike_G","Strike_G","Strike_G","Strike_G","Defend_G+1","Defend_G","Defend_G","Neutralize+1","All Out Attack+1","Crippling Poison+1","Phantasmal Killer+1","Poisoned Stab+1","Dodge and Roll","After Image+1","Backflip+1","Finisher+1","Distraction+1","Acrobatics","Deadly Poison","Poisoned Stab","Outmaneuver+1","Adrenaline+1","Slice+1","Envenom","Dagger Spray+1","Discovery","Crippling Poison+1"],"relics":["Ring of the Snake","Thread and Needle","Turnip","Paper Crane","TwistedFunnel","Matryoshka","Astrolabe","Bronze Scales","MawBank","Ninja Scroll","Letter Opener","Snake Skull","Anchor","Bottled Lightning","Juzu Bracelet","Fusion Hammer","Prayer Wheel","Red Mask","Eternal Feather","Nunchaku","HornCleat"],"acts_visited":["Exordium","TheCity","TheBeyond"],"potions_floor_usage":[50],"damage_taken":[{"damage":8.0,"enemies":"Jaw Worm","floor":1.0,"turns":6.0},{"damage":0.0,"enemies":"2 Louse","floor":5.0,"turns":1.0},{"damage":14.0,"enemies":"Gremlin Nob","floor":7.0,"turns":6.0},{"damage":0.0,"enemies":"Cultist","floor":11.0,"turns":3.0},{"damage":0.0,"enemies":"Red Slaver","floor":13.0,"turns":3.0},{"damage":2.0,"enemies":"Lagavulin","floor":14.0,"turns":6.0},{"damage":39.0,"enemies":"Hexaghost","floor":16.0,"turns":11.0},{"damage":0.0,"enemies":"3 Byrds","floor":18.0,"turns":3.0},{"damage":0.0,"enemies":"Shell Parasite","floor":19.0,"turns":5.0},{"damage":0.0,"enemies":"Shelled Parasite and Fungi","floor":21.0,"turns":4.0},{"damage":0.0,"enemies":"Cultist and Chosen","floor":22.0,"turns":6.0},{"damage":0.0,"enemies":"Book of Stabbing","floor":23.0,"turns":4.0},{"damage":3.0,"enemies":"Centurion and Healer","floor":25.0,"turns":4.0},{"damage":0.0,"enemies":"3 Cultists","floor":28.0,"turns":2.0},{"damage":0.0,"enemies":"Sentry and Sphere","floor":31.0,"turns":2.0},{"damage":12.0,"enemies":"Champ","floor":33.0,"turns":7.0},{"damage":2.0,"enemies":"3 Darklings","floor":35.0,"turns":3.0},{"damage":0.0,"enemies":"Orb Walker","floor":36.0,"turns":2.0},{"damage":0.0,"enemies":"2 Orb Walkers","floor":37.0,"turns":3.0},{"damage":10.0,"enemies":"4 Shapes","floor":39.0,"turns":2.0},{"damage":4.0,"enemies":"Nemesis","floor":41.0,"turns":5.0},{"damage":0.0,"enemies":"Spire Growth","floor":44.0,"turns":3.0},{"damage":5.0,"enemies":"Reptomancer","floor":45.0,"turns":3.0},{"damage":0.0,"enemies":"3 Darklings","floor":48.0,"turns":1.0},{"damage":44,"enemies":"Awakened One","floor":50,"turns":9}],"seed_played":"6263266057758789936","potions_obtained":[{"floor":1.0,"key":"Dexterity Potion"},{"floor":13.0,"key":"Weak Potion"},{"floor":16.0,"key":"Dexterity Potion"},{"floor":19.0,"key":"EssenceOfSteel"},{"floor":23.0,"key":"FearPotion"},{"floor":25.0,"key":"PowerPotion"},{"floor":31.0,"key":"CunningPotion"},{"floor":33.0,"key":"Dexterity Potion"},{"floor":36.0,"key":"PowerPotion"},{"floor":44.0,"key":"ColorlessPotion"}],"is_trial":false,"path_per_floor":["M","?","?","?","M","R","E","R","T","$","M","R","M","E","R","B",null,"M","M","T","M","M","E","R","M","T","R","M","$","?","M","R","B",null,"M","M","?","?","M","R","E","?","T","M","E","$","?","M","R","B",null],"character_chosen":"THE_SILENT","items_purchased":["TwistedFunnel","Anchor","Bottled Lightning","Poison Potion","Energy Potion","Energy Potion"],"campfire_rested":4,"item_purchase_floors":[10,29,29,29,46,46],"current_hp_per_floor":[62,62,48,48,48,69,55,70,70,70,70,70,70,68,68,29,70,70,70,70,70,70,70,70,67,67,67,67,67,67,67,67,55,70,68,68,68,68,58,70,66,66,66,66,61,61,61,61,70,26],"gold":25,"neow_bonus":"UPGRADE_CARD","is_daily":false,"chose_seed":false,"campfire_upgraded":5,"win_rate":0.0,"timestamp":1609877884,"path_taken":["M","?","?","?","M","R","E","R","T","$","M","R","M","E","R","BOSS","M","?","?","M","M","E","R","M","T","R","M","?","?","M","R","BOSS","M","M","?","?","M","R","E","?","T","M","E","$","?","M","R","BOSS"],"items_purchased_type":["Relic","Relic","Relic","Potion","Potion","Potion"],"build_version":"2020-12-22","purchased_purges":0,"victory":true,"max_hp_per_floor":[70,70,70,70,70,70,70,70,70,70,70,70,70,70,70,70,70,70,70,70,70,70,70,70,70,70,70,70,70,70,70,70,70,70,70,70,70,70,70,70,70,70,70,70,70,70,70,70,70,70],"card_choices":[{"not_picked":["Dodge and Roll","Prepared"],"picked":"All Out Attack","floor":1.0},{"not_picked":["Deflect","Dodge and Roll"],"picked":"Crippling Poison","floor":5.0},{"not_picked":["Cloak And Dagger","Tactician"],"picked":"Phantasmal Killer","floor":7.0},{"not_picked":["Infinite Blades","Eviscerate"],"picked":"Poisoned Stab","floor":11.0},{"not_picked":["Underhanded Strike","Tactician"],"picked":"Dodge and Roll","floor":13.0},{"not_picked":["All Out Attack","Accuracy","Acrobatics"],"picked":"SKIP","floor":14.0},{"not_picked":["Storm of Steel","Malaise"],"picked":"After Image","floor":16.0},{"not_picked":["Backflip","Deflect"],"picked":"Acrobatics","floor":18.0},{"not_picked":["Slice+1","Sucker Punch+1"],"picked":"Deadly Poison","floor":19.0},{"not_picked":["Slice","Heel Hook","Acrobatics"],"picked":"SKIP","floor":21.0},{"not_picked":["Glass Knife","Dodge and Roll"],"picked":"Poisoned Stab","floor":22.0},{"not_picked":["Glass Knife","Prepared+1","Flying Knee"],"picked":"SKIP","floor":23.0},{"not_picked":["Dash","Cloak And Dagger"],"picked":"Outmaneuver+1","floor":25.0},{"not_picked":["All Out Attack","PiercingWail"],"picked":"Adrenaline","floor":28.0},{"not_picked":["Expertise","Deflect"],"picked":"Slice+1","floor":31.0},{"not_picked":["Storm of Steel","Tools of the Trade"],"picked":"Envenom","floor":33.0},{"not_picked":["Flechettes+1","Slice+1","Cloak And Dagger+1"],"picked":"SKIP","floor":35.0},{"not_picked":["Calculated Gamble","Outmaneuver","Acrobatics+1"],"picked":"SKIP","floor":36.0},{"not_picked":["Slice+1","Cloak And Dagger+1","Blade Dance"],"picked":"SKIP","floor":39.0},{"not_picked":["Calculated Gamble+1","Underhanded Strike+1","Reflex+1"],"picked":"SKIP","floor":39.0},{"not_picked":["Footwork","Caltrops","Outmaneuver+1"],"picked":"SKIP","floor":41.0},{"not_picked":["Sucker Punch","Endless Agony+1","Glass Knife"],"picked":"SKIP","floor":44.0},{"not_picked":["Dagger Throw","Outmaneuver","Quick Slash+1"],"picked":"SKIP","floor":44.0},{"not_picked":["Sucker Punch","Endless Agony+1"],"picked":"Dagger Spray+1","floor":45.0},{"not_picked":["Madness","Blind"],"picked":"Discovery","floor":47.0},{"not_picked":["Bane","PiercingWail+1"],"picked":"Crippling Poison+1","floor":48.0},{"not_picked":["Sucker Punch","Bouncing Flask+1","Prepared+1"],"picked":"SKIP","floor":48.0}],"player_experience":469984,"relics_obtained":[{"floor":7.0,"key":"Turnip"},{"floor":9.0,"key":"Paper Crane"},{"floor":14.0,"key":"Matryoshka"},{"floor":20.0,"key":"Bronze Scales"},{"floor":20.0,"key":"MawBank"},{"floor":23.0,"key":"Ninja Scroll"},{"floor":26.0,"key":"Letter Opener"},{"floor":26.0,"key":"Snake Skull"},{"floor":37.0,"key":"Prayer Wheel"},{"floor":41.0,"key":"Eternal Feather"},{"floor":43.0,"key":"Nunchaku"},{"floor":45.0,"key":"HornCleat"}],"event_choices":[{"damage_healed":0.0,"max_hp_gain":0.0,"max_hp_loss":0.0,"gold_gain":0.0,"event_name":"Big Fish","player_choice":"Box","floor":2.0,"gold_loss":0.0,"damage_taken":0.0,"relics_obtained":["Thread and Needle"],"cards_obtained":["Regret"]},{"damage_healed":0.0,"max_hp_gain":0.0,"max_hp_loss":0.0,"gold_gain":0.0,"event_name":"Shining Light","player_choice":"Entered Light","floor":3.0,"gold_loss":0.0,"damage_taken":14.0,"cards_upgraded":["Defend_G","All Out Attack"]},{"cards_removed":["Regret"],"damage_healed":0.0,"max_hp_gain":0.0,"max_hp_loss":0.0,"gold_gain":0.0,"event_name":"Fountain of Cleansing","player_choice":"Removed Curses","floor":4.0,"gold_loss":0.0,"damage_taken":0.0},{"damage_healed":0.0,"max_hp_gain":0.0,"max_hp_loss":0.0,"gold_gain":0.0,"event_name":"The Mausoleum","player_choice":"Opened","floor":30.0,"gold_loss":0.0,"damage_taken":0.0,"relics_obtained":["Juzu Bracelet"]},{"damage_healed":0.0,"max_hp_gain":0.0,"max_hp_loss":0.0,"gold_gain":0.0,"event_name":"Mysterious Sphere","player_choice":"Fight","floor":37.0,"gold_loss":0.0,"damage_taken":0.0},{"damage_healed":0.0,"max_hp_gain":0.0,"max_hp_loss":0.0,"gold_gain":0.0,"event_name":"Tomb of Lord Red Mask","player_choice":"Paid","floor":38.0,"gold_loss":232.0,"damage_taken":0.0,"relics_obtained":["Red Mask"]},{"cards_removed":["Defend_G"],"damage_healed":0.0,"max_hp_gain":0.0,"max_hp_loss":0.0,"gold_gain":0.0,"event_name":"Falling","player_choice":"Removed Skill","floor":42.0,"gold_loss":0.0,"damage_taken":0.0},{"damage_healed":0.0,"max_hp_gain":0.0,"max_hp_loss":0.0,"gold_gain":0.0,"event_name":"SensoryStone","player_choice":"Memory 1","floor":47.0,"gold_loss":0.0,"damage_taken":0.0}],"is_beta":false,"boss_relics":[{"not_picked":["Runic Dome","SacredBark"],"picked":"Astrolabe"},{"not_picked":["Runic Pyramid","Coffee Dripper"],"picked":"Fusion Hammer"}],"items_purged_floors":[],"is_endless":false,"potions_floor_spawned":[1,13,16,19,23,25,31,33,36,44],"ascension_level":2}}