{"host":"s6mlqkqtr3ey2mm2","time":1609812041,"event":{"mods":["2.2 Compatiblity","AchievementEnabler","Aspiration","Bard","BaseMod","Beaked The Cultist","Better Note","Better Vampires","BetterRewards","Challenge The Spire","Colored Map","Colored Powertips","Conspire","Curses Come First","Downfall","Emptier Cage","Energized Spire","GifTheSpireLib","GungeonMod","Halation","Hermit","Hubris","Infinite Spire","Ironclad Rager","Marked Mod","Minty Spire (QoL Compilation)","Quick Restart","RatMod","Replay The Spire","Retaliation","Robot Space Explorer","Shade Mod","Somnambulant","Spicy Shops","StSLib","Stuff the Spire","The Blue Laboratory","The Construct","The Druid","The IronCluck","The Mystic","The Necromancer","The Poker Player","The Runesmith","The Valiant","vexMod"],"gold_per_floor":[116,150,150,170,15,49,72,117,181,219,246,258,283,309,321,431,443,465,495,507,519,519],"floor_reached":21,"playtime":1714,"items_purged":[],"score":201,"play_id":"149b82be-2114-48e7-99d9-21495973e132","local_time":"20210104210041","is_ascension_mode":false,"campfire_choices":[{"floor":12,"key":"REST"},{"floor":15,"key":"REST"}],"circlet_count":0,"master_deck":["Zap","Dualcast","ICR:ProbingStrike","ICR:ProbingStrike","ICR:ProbingStrike","ICR:ProbingStrike","ICR:AutoDefend","ICR:AutoDefend","ICR:AutoDefend","ICR:AutoDefend","Barrage","Tempest","ReplayGash","Scrape","Ball Lightning","Sweeping Beam","conspire:SharedLibrary","StuffTheSpire:Plugnplay","ReplayTheSpireMod:GoodbyeWorld","Ball Lightning","Thunder Strike","Crystallizer","BasicCrystalCard"],"relics":["Cracked Core","aspiration:StickyExplosives_weak","hubris:CrystalStatue","infinitespire:Freezer","MawBank","ReplayTheSpireMod:TigerMarble","vexMod:PlasmaPancake","StuffTheSpire:Kangaroo","Nloth\u0027s Gift"],"acts_visited":["Exordium","TheCity"],"potions_floor_usage":[2,8,16,16,16],"damage_taken":[{"damage":0,"enemies":"Cultist","floor":1,"turns":3},{"damage":12,"enemies":"conspire:MimicChest","floor":2,"turns":5},{"damage":0,"enemies":"conspire:RoseBush","floor":4,"turns":2},{"damage":12,"enemies":"3 Sentries","floor":6,"turns":6},{"damage":0,"enemies":"Small Slimes","floor":7,"turns":2},{"damage":21,"enemies":"Gremlin Nob","floor":8,"turns":4},{"damage":26,"enemies":"Lagavulin","floor":10,"turns":5},{"damage":0,"enemies":"Exordium Thugs","floor":11,"turns":2},{"damage":0,"enemies":"Blue Slaver","floor":13,"turns":3},{"damage":5,"enemies":"Large Slime","floor":14,"turns":4},{"damage":45,"enemies":"The Guardian","floor":16,"turns":11},{"damage":37,"enemies":"conspire:FuzzyDice","floor":18,"turns":5},{"damage":5,"enemies":"2 Thieves","floor":19,"turns":3}],"seed_played":"8430760685115856657","potions_obtained":[{"floor":1,"key":"Weak Potion"},{"floor":4,"key":"Dexterity Potion"},{"floor":8,"key":"blueLaboratory:PhilterOfMotion"},{"floor":11,"key":"Ancient Potion"},{"floor":14,"key":"Regen Potion"},{"floor":16,"key":"DemoMod:LeadSkinPotion"},{"floor":18,"key":"FearPotion"},{"floor":19,"key":"blueLaboratory:BottleOfVodka"}],"is_trial":false,"path_per_floor":["M","?","?","M","$","E","M","E","T","E","M","R","M","M","R","B",null,"M","M","?","$"],"character_chosen":"DEFECT","items_purchased":["infinitespire:Freezer"],"campfire_rested":2,"item_purchase_floors":[5],"current_hp_per_floor":[75,63,63,63,63,51,51,30,30,10,10,34,34,29,53,23,81,44,39,39,39,39],"gold":519,"neow_bonus":"DEFECT_WARDEN","is_daily":false,"chose_seed":false,"campfire_upgraded":0,"win_rate":0.0,"timestamp":1609812041,"path_taken":["M","?","?","M","$","E","M","E","T","E","M","R","M","M","R","BOSS","M","M","?","$"],"items_purchased_type":["Relic"],"build_version":"2020-12-22","purchased_purges":0,"victory":false,"max_hp_per_floor":[75,75,75,75,75,75,75,75,75,81,81,81,81,81,81,81,81,81,81,81,81,81],"card_choices":[{"not_picked":["Stack","Coolheaded"],"picked":"Barrage","floor":1},{"not_picked":["Scrape","Barrage"],"picked":"Tempest","floor":2},{"not_picked":["Barrage","Stack"],"picked":"ReplayGash","floor":4},{"not_picked":["Barrage","Undo"],"picked":"Scrape","floor":6},{"not_picked":["Glacier","Steam"],"picked":"Ball Lightning","floor":7},{"not_picked":["Storm","StuffTheSpire:LoadUp"],"picked":"Sweeping Beam","floor":8},{"not_picked":["Stack","Reinforced Body"],"picked":"conspire:SharedLibrary","floor":10},{"not_picked":["StuffTheSpire:NuclearReactor","Coolheaded"],"picked":"StuffTheSpire:Plugnplay","floor":11},{"not_picked":["BasicCrystalCard","Steam Power"],"picked":"ReplayTheSpireMod:GoodbyeWorld","floor":13},{"not_picked":["Sweeping Beam","Steam"],"picked":"Ball Lightning","floor":14},{"not_picked":["Machine Learning","Meteor Strike"],"picked":"Thunder Strike","floor":16},{"not_picked":["Gash+1","Steam Power"],"picked":"Crystallizer","floor":18},{"not_picked":["Cold Snap+1","Ball Lightning"],"picked":"BasicCrystalCard","floor":19}],"player_experience":57722,"relics_obtained":[{"floor":2,"key":"aspiration:StickyExplosives_weak"},{"floor":6,"key":"MawBank"},{"floor":8,"key":"StuffTheSpire:ColdMirror"},{"floor":9,"key":"ReplayTheSpireMod:TigerMarble"},{"floor":10,"key":"vexMod:PlasmaPancake"}],"event_choices":[{"damage_healed":0,"gold_gain":0,"player_choice":"Traded Relic","damage_taken":0,"relics_obtained":["Nloth\u0027s Gift"],"max_hp_gain":0,"max_hp_loss":0,"event_name":"N\u0027loth","floor":20,"relics_lost":["StuffTheSpire:ColdMirror"],"gold_loss":0}],"is_beta":false,"boss_relics":[{"not_picked":["construct:WeddingRing","Cursed Key"],"picked":"StuffTheSpire:Kangaroo"}],"items_purged_floors":[],"is_endless":false,"potions_floor_spawned":[1,4,8,11,14,16,18,19],"ascension_level":0}}