{"host":"840yoaz69lavfcgt","time":1609831484,"event":{"mods":["BaseMod","Colored Powertips","DeckTracker","Highlight Path","Minty Spire (QoL Compilation)","Synergy Search"],"gold_per_floor":[116,116,19,30,50,82,102,122,122,148,33,50,69,100,100,198,248,258,258,258,268,268,268,298,298,298,298,298,298],"floor_reached":28,"playtime":2181,"items_purged":[],"score":273,"play_id":"0e69ebb1-0c1d-4d5f-9645-298e13ccda36","local_time":"20210105022444","is_ascension_mode":false,"campfire_choices":[{"floor":15.0,"key":"REST"},{"floor":23.0,"key":"DIG"},{"floor":25.0,"key":"REST"}],"circlet_count":0,"master_deck":["Defend_B","Defend_B","Defend_B","Zap","Dualcast","Redo","Defragment","Loop","Steam","Auto Shields","Redo","Go for the Eyes","Leap","Rebound","Static Discharge","Swift Strike","Steam","Sweeping Beam","Echo Form","All For One+1","Stack","Leap","BootSequence","Fusion","Bite","Bite","Bite","Bite","Bite","Double Energy+1","Writhe","Conserve Battery"],"relics":["Cracked Core","Centennial Puzzle","Shovel","Pen Nib","Turnip","Tiny House","Girya","Happy Flower","Anchor","Nloth\u0027s Gift"],"acts_visited":["Exordium","TheCity"],"potions_floor_usage":[],"damage_taken":[{"damage":1.0,"enemies":"Jaw Worm","floor":1.0,"turns":3.0},{"damage":5.0,"enemies":"Cultist","floor":4.0,"turns":4.0},{"damage":0.0,"enemies":"Small Slimes","floor":5.0,"turns":3.0},{"damage":20.0,"enemies":"Lagavulin","floor":6.0,"turns":5.0},{"damage":7.0,"enemies":"2 Fungi Beasts","floor":7.0,"turns":3.0},{"damage":4.0,"enemies":"Red Slaver","floor":8.0,"turns":4.0},{"damage":5.0,"enemies":"Looter","floor":12.0,"turns":2.0},{"damage":28.0,"enemies":"Lots of Slimes","floor":13.0,"turns":4.0},{"damage":22.0,"enemies":"3 Sentries","floor":14.0,"turns":6.0},{"damage":32.0,"enemies":"The Guardian","floor":16.0,"turns":11.0},{"damage":0.0,"enemies":"Spheric Guardian","floor":18.0,"turns":5.0},{"damage":8.0,"enemies":"Chosen","floor":21.0,"turns":6.0},{"damage":41.0,"enemies":"Gremlin Leader","floor":24.0,"turns":7.0},{"damage":74,"enemies":"3 Cultists","floor":28,"turns":5}],"seed_played":"7862563525189233530","potions_obtained":[{"floor":1.0,"key":"EntropicBrew"},{"floor":5.0,"key":"FocusPotion"},{"floor":8.0,"key":"FairyPotion"},{"floor":13.0,"key":"SkillPotion"},{"floor":16.0,"key":"FairyPotion"},{"floor":17.0,"key":"EssenceOfSteel"}],"is_trial":false,"path_per_floor":["M","?","$","M","M","E","M","M","T","T","$","M","M","E","R","B",null,"M","?","?","M","?","R","E","R","T","?","M"],"character_chosen":"DEFECT","items_purchased":["Loop","Steam","Static Discharge","Swift Strike"],"campfire_rested":2,"item_purchase_floors":[3,3,11,11],"current_hp_per_floor":[74,74,74,69,69,49,42,38,38,38,38,33,5,13,35,18,80,80,80,56,50,50,50,17,33,33,33,0,0],"gold":298,"neow_bonus":"THREE_CARDS","is_daily":false,"chose_seed":false,"campfire_upgraded":0,"win_rate":0.0,"timestamp":1609831484,"path_taken":["M","?","$","M","M","E","?","M","T","?","?","M","M","E","R","BOSS","M","?","?","M","?","R","E","R","T","?","?"],"items_purchased_type":["Card","Card","Card","Card"],"build_version":"2020-12-22","purchased_purges":0,"victory":false,"max_hp_per_floor":[75,75,75,75,75,75,75,75,75,75,75,75,75,75,75,75,80,80,80,56,56,56,56,56,56,56,56,56,56],"card_choices":[{"not_picked":["Compile Driver","Barrage"],"picked":"Redo","floor":0.0},{"not_picked":["Steam","Doom and Gloom"],"picked":"Defragment","floor":1.0},{"not_picked":["Scrape","Go for the Eyes"],"picked":"Auto Shields","floor":4.0},{"not_picked":["Loop","Stack"],"picked":"Redo","floor":5.0},{"not_picked":["Coolheaded","Reinforced Body"],"picked":"Go for the Eyes","floor":6.0},{"not_picked":["Compile Driver","Darkness"],"picked":"Leap","floor":7.0},{"not_picked":["Doom and Gloom","Compile Driver"],"picked":"Rebound","floor":8.0},{"not_picked":["Redo","FTL"],"picked":"Steam","floor":12.0},{"not_picked":["White Noise","Machine Learning"],"picked":"Sweeping Beam","floor":13.0},{"not_picked":["Steam","Conserve Battery"],"picked":"Echo Form","floor":14.0},{"not_picked":["Buffer","Biased Cognition"],"picked":"All For One","floor":16.0},{"not_picked":["Reinforced Body","Compile Driver"],"picked":"Stack","floor":17.0},{"not_picked":["Hyperbeam","Compile Driver"],"picked":"Leap","floor":18.0},{"not_picked":["Recycle","Go for the Eyes+1"],"picked":"Double Energy+1","floor":21.0},{"not_picked":["Hologram","Multi-Cast"],"picked":"Conserve Battery","floor":24.0}],"player_experience":145472,"relics_obtained":[{"floor":6.0,"key":"Centennial Puzzle"},{"floor":9.0,"key":"Shovel"},{"floor":10.0,"key":"Pen Nib"},{"floor":14.0,"key":"Turnip"},{"floor":23.0,"key":"Happy Flower"},{"floor":24.0,"key":"Anchor"},{"floor":26.0,"key":"InkBottle"}],"event_choices":[{"cards_removed":["Strike_B"],"damage_healed":0.0,"max_hp_gain":0.0,"max_hp_loss":0.0,"gold_gain":0.0,"event_name":"Purifier","player_choice":"Purged","floor":2.0,"gold_loss":0.0,"damage_taken":0.0},{"damage_healed":0.0,"max_hp_gain":0.0,"max_hp_loss":0.0,"gold_gain":0.0,"cards_transformed":["Defend_B","Strike_B"],"event_name":"Drug Dealer","player_choice":"Became Test Subject","floor":19.0,"gold_loss":0.0,"damage_taken":0.0,"cards_obtained":["BootSequence","Fusion"]},{"damage_healed":0.0,"max_hp_gain":0.0,"max_hp_loss":24.0,"gold_gain":0.0,"event_name":"Vampires","player_choice":"Became a vampire","floor":20.0,"gold_loss":0.0,"damage_taken":0.0,"cards_obtained":["Bite","Bite","Bite","Bite","Bite"]},{"damage_healed":0.0,"max_hp_gain":0.0,"max_hp_loss":0.0,"gold_gain":0.0,"event_name":"The Mausoleum","player_choice":"Opened","floor":22.0,"gold_loss":0.0,"damage_taken":0.0,"relics_obtained":["Girya"],"cards_obtained":["Writhe"]},{"damage_healed":0.0,"max_hp_gain":0.0,"max_hp_loss":0.0,"gold_gain":0.0,"event_name":"N\u0027loth","player_choice":"Traded Relic","floor":27.0,"relics_lost":["InkBottle"],"gold_loss":0.0,"damage_taken":0.0,"relics_obtained":["Nloth\u0027s Gift"]}],"is_beta":false,"boss_relics":[{"not_picked":["Nuclear Battery","Runic Pyramid"],"picked":"Tiny House"}],"items_purged_floors":[],"is_endless":false,"potions_floor_spawned":[1,5,8,13,16],"killed_by":"3 Cultists","ascension_level":0}}