{"host":"lscclmekr4yt2ohr","time":1609864368,"event":{"mods":["BaseMod","Minty Spire (QoL Compilation)","StSLib","WoW Paladin Mod"],"gold_per_floor":[116,135,29,29,29,55,5,5,30,30,57,57,57,86,86,182,182,197,211,227,245,264,264,291,291,291,291,69,81,81,81],"floor_reached":30,"playtime":2910,"items_purged":["WoWPaladin:StrikePaladin"],"score":291,"play_id":"46d9e4f5-59cb-496b-aa71-f4062ba224ea","local_time":"20210105173248","is_ascension_mode":false,"campfire_choices":[{"data":"WoWPaladin:Prayer","floor":8,"key":"SMITH"},{"data":"WoWPaladin:HolySmite","floor":10,"key":"SMITH"},{"data":"WoWPaladin:WeaponizedZeal","floor":12,"key":"SMITH"},{"data":"WoWPaladin:TemplarsVerdict","floor":15,"key":"SMITH"},{"floor":23,"key":"REST"},{"floor":25,"key":"REST"}],"circlet_count":0,"master_deck":["WoWPaladin:StrikePaladin","WoWPaladin:StrikePaladin","WoWPaladin:DefendPaladin","WoWPaladin:DefendPaladin","WoWPaladin:DefendPaladin","WoWPaladin:DefendPaladin","WoWPaladin:DefendPaladin","WoWPaladin:TemplarsVerdict+1","WoWPaladin:HolySmite+1","WoWPaladin:WeaponizedZeal","WoWPaladin:JusticeDemandsRetribution","WoWPaladin:Prayer+1","WoWPaladin:DivineBulwark","WoWPaladin:WeaponizedZeal+1","WoWPaladin:SeraphStrike","WoWPaladin:HandOfReckoning","WoWPaladin:WeaponizedZeal","WoWPaladin:DivineBulwark+1","WoWPaladin:BlindingLight","WoWPaladin:Brace","WoWPaladin:RapturousCharge+1","WoWPaladin:OathOfVigilance","WoWPaladin:CrusaderAura"],"relics":["SacredBark","Pantograph","FossilizedHelix","Happy Flower","Vajra","PreservedInsect","Philosopher\u0027s Stone","Mummified Hand","Toy Ornithopter"],"acts_visited":["Exordium","TheCity"],"potions_floor_usage":[6,6,16,22,30,30],"damage_taken":[{"damage":4,"enemies":"Cultist","floor":1,"turns":5},{"damage":3,"enemies":"Jaw Worm","floor":2,"turns":4},{"damage":26,"enemies":"Lagavulin","floor":6,"turns":6},{"damage":17,"enemies":"Gremlin Nob","floor":11,"turns":5},{"damage":0,"enemies":"3 Sentries","floor":14,"turns":6},{"damage":25,"enemies":"Hexaghost","floor":16,"turns":9},{"damage":16,"enemies":"2 Thieves","floor":18,"turns":5},{"damage":12,"enemies":"3 Byrds","floor":19,"turns":5},{"damage":6,"enemies":"Cultist and Chosen","floor":20,"turns":6},{"damage":35,"enemies":"Snake Plant","floor":21,"turns":4},{"damage":6,"enemies":"Sentry and Sphere","floor":22,"turns":5},{"damage":31,"enemies":"Slavers","floor":24,"turns":6},{"damage":25,"enemies":"Centurion and Healer","floor":29,"turns":5},{"damage":14,"enemies":"Gremlin Leader","floor":30,"turns":1}],"seed_played":"-3454000117550971465","potions_obtained":[{"floor":2,"key":"Explosive Potion"},{"floor":6,"key":"WoWPaladin:PlaceholderPotion"},{"floor":11,"key":"DuplicationPotion"},{"floor":18,"key":"SpeedPotion"},{"floor":24,"key":"Explosive Potion"},{"floor":29,"key":"AttackPotion"}],"is_trial":false,"path_per_floor":["M","M","$","?","?","E","?","R","T","R","E","R","?","E","R","B",null,"M","M","M","M","M","R","E","R","T","?","$","M","E"],"character_chosen":"THE_PALADIN","items_purchased":["WoWPaladin:Prayer","PowerPotion","WoWPaladin:CrusaderAura"],"campfire_rested":2,"item_purchase_floors":[3,3,28],"current_hp_per_floor":[76,73,73,70,70,44,44,44,44,44,27,27,32,32,32,32,85,69,57,51,16,10,35,4,29,29,29,29,4,0,0],"gold":81,"neow_bonus":"BOSS_RELIC","is_daily":false,"chose_seed":false,"campfire_upgraded":4,"win_rate":0.0,"timestamp":1609864368,"path_taken":["M","?","$","?","?","E","?","R","T","R","E","R","?","E","R","BOSS","M","M","M","M","M","R","E","R","T","?","$","?","E"],"items_purchased_type":["Card","Potion","Card"],"build_version":"2020-12-22","purchased_purges":1,"victory":false,"max_hp_per_floor":[80,80,80,80,80,80,80,80,80,80,80,80,85,85,85,85,85,85,85,85,85,85,85,85,85,85,85,85,85,85,85],"card_choices":[{"not_picked":["WoWPaladin:Repentance","WoWPaladin:JusticeDemandsRetribution"],"picked":"WoWPaladin:WeaponizedZeal","floor":1},{"not_picked":["WoWPaladin:RighteousDuty","WoWPaladin:Repentance"],"picked":"WoWPaladin:JusticeDemandsRetribution","floor":2},{"not_picked":["WoWPaladin:CrusaderStrike","WoWPaladin:ValiantCharge"],"picked":"WoWPaladin:DivineBulwark","floor":6},{"not_picked":["WoWPaladin:BlessingOfWisdom","WoWPaladin:CrusaderStrike"],"picked":"WoWPaladin:WeaponizedZeal","floor":11},{"not_picked":["WoWPaladin:Repentance","WoWPaladin:OathOfPiety"],"picked":"WoWPaladin:SeraphStrike","floor":14},{"not_picked":["WoWPaladin:LayOnHands","WoWPaladin:GrandCrusader"],"picked":"WoWPaladin:HandOfReckoning","floor":16},{"not_picked":["WoWPaladin:RapturousCharge","WoWPaladin:RighteousExpulsion"],"picked":"WoWPaladin:WeaponizedZeal","floor":18},{"not_picked":["WoWPaladin:OathOfVigilance+1","WoWPaladin:RighteousDuty"],"picked":"WoWPaladin:DivineBulwark+1","floor":19},{"not_picked":["WoWPaladin:RighteousAnger+1","WoWPaladin:CrusaderStrike"],"picked":"WoWPaladin:BlindingLight","floor":20},{"not_picked":["WoWPaladin:WeaponizedZeal+1","WoWPaladin:FistOfTheHeavens","WoWPaladin:SentinelStance"],"picked":"SKIP","floor":21},{"not_picked":["WoWPaladin:ValiantCharge","WoWPaladin:CondemnHeresy+1"],"picked":"WoWPaladin:Brace","floor":22},{"not_picked":["WoWPaladin:FaithInTheLight","WoWPaladin:EqualizingSwath"],"picked":"WoWPaladin:RapturousCharge+1","floor":24},{"not_picked":["WoWPaladin:DivineBulwark","WoWPaladin:Consecration+1","WoWPaladin:Vindicate"],"picked":"SKIP","floor":29}],"player_experience":2584,"relics_obtained":[{"floor":6,"key":"FossilizedHelix"},{"floor":9,"key":"Happy Flower"},{"floor":11,"key":"Vajra"},{"floor":14,"key":"PreservedInsect"},{"floor":24,"key":"Mummified Hand"},{"floor":26,"key":"Toy Ornithopter"}],"event_choices":[{"damage_healed":0,"gold_gain":0,"player_choice":"Success","damage_taken":3,"relics_obtained":["Pantograph"],"max_hp_gain":0,"max_hp_loss":0,"event_name":"Scrap Ooze","floor":4,"gold_loss":0},{"damage_healed":0,"gold_gain":0,"player_choice":"Ignored","damage_taken":0,"max_hp_gain":0,"max_hp_loss":0,"event_name":"Liars Game","floor":5,"gold_loss":0},{"cards_removed":["WoWPaladin:StrikePaladin"],"damage_healed":0,"gold_gain":0,"player_choice":"Card Removal","damage_taken":0,"max_hp_gain":0,"max_hp_loss":0,"event_name":"The Cleric","floor":7,"gold_loss":50},{"damage_healed":0,"gold_gain":0,"player_choice":"Donut","damage_taken":0,"max_hp_gain":5,"max_hp_loss":0,"event_name":"Big Fish","floor":13,"gold_loss":0},{"damage_healed":0,"gold_gain":0,"cards_transformed":["WoWPaladin:StrikePaladin"],"player_choice":"Transformed","damage_taken":0,"max_hp_gain":0,"max_hp_loss":0,"event_name":"Transmorgrifier","floor":27,"gold_loss":0,"cards_obtained":["WoWPaladin:OathOfVigilance"]}],"is_beta":false,"boss_relics":[{"not_picked":["Runic Pyramid","Calling Bell"],"picked":"Philosopher\u0027s Stone"}],"items_purged_floors":[28],"is_endless":false,"potions_floor_spawned":[2,6,11,18,24,29],"killed_by":"Gremlin Leader","ascension_level":0}}