{"host":"Qube","time":1609846278,"event":{"mods":["AchievementEnabler","BaseMod","Colored Map","Colored Powertips","Minty Spire (QoL Compilation)","Quick Restart","Random Character Button","StSLib"],"gold_per_floor":[118,118,118,137,150,150,188,188,188,228,49,96,129,182,182,309,309,367,432,432,480,480,529,529,529,529],"floor_reached":25,"playtime":780,"items_purged":[],"score":505,"play_id":"e79b7247-beac-4476-a0f8-fa52347cb3b1","local_time":"20210105033118","is_ascension_mode":true,"campfire_choices":[{"floor":6.0,"key":"REST"},{"data":"WheelKick","floor":8.0,"key":"SMITH"},{"data":"HandOfGreed","floor":15.0,"key":"SMITH"},{"floor":24.0,"key":"REST"}],"circlet_count":0,"master_deck":["AscendersBane","Strike_P","Strike_P","Strike_P","Strike_P","Defend_P","Defend_P","Defend_P","Eruption+1","Vigilance","FlurryOfBlows","WheelKick+1","CutThroughFate","FlurryOfBlows","TalkToTheHand","HandOfGreed+1","FollowUp","Prostrate","Wallop","DeusExMachina","BowlingBash","Prostrate"],"relics":["PureWater","NeowsBlessing","Golden Idol","Meat on the Bone","Mummified Hand","Art of War","CeramicFish","Cursed Key","Red Mask","Calipers"],"acts_visited":["Exordium","TheCity"],"potions_floor_usage":[],"damage_taken":[{"damage":0.0,"enemies":"2 Louse","floor":1.0,"turns":1.0},{"damage":0.0,"enemies":"Cultist","floor":4.0,"turns":1.0},{"damage":0.0,"enemies":"Small Slimes","floor":5.0,"turns":1.0},{"damage":12.0,"enemies":"Lagavulin","floor":7.0,"turns":3.0},{"damage":17.0,"enemies":"3 Sentries","floor":10.0,"turns":3.0},{"damage":0.0,"enemies":"Gremlin Nob","floor":12.0,"turns":3.0},{"damage":0.0,"enemies":"Blue Slaver","floor":13.0,"turns":2.0},{"damage":0.0,"enemies":"Lots of Slimes","floor":14.0,"turns":4.0},{"damage":17.0,"enemies":"Hexaghost","floor":16.0,"turns":6.0},{"damage":16.0,"enemies":"Shell Parasite","floor":18.0,"turns":3.0},{"damage":0.0,"enemies":"Masked Bandits","floor":19.0,"turns":2.0},{"damage":0.0,"enemies":"Spheric Guardian","floor":21.0,"turns":2.0},{"damage":0.0,"enemies":"Snake Plant","floor":22.0,"turns":1.0},{"damage":41.0,"enemies":"Slavers","floor":23.0,"turns":7.0},{"damage":40,"enemies":"Gremlin Leader","floor":25,"turns":3}],"seed_played":"-5483056353269794962","potions_obtained":[{"floor":1.0,"key":"FearPotion"},{"floor":10.0,"key":"Swift Potion"},{"floor":16.0,"key":"SmokeBomb"},{"floor":19.0,"key":"StancePotion"}],"is_trial":false,"path_per_floor":["M","?","?","M","M","R","E","R","T","E","$","E","M","M","R","B",null,"M","?","?","M","M","E","R","E"],"character_chosen":"WATCHER","items_purchased":["HandOfGreed"],"campfire_rested":2,"item_purchase_floors":[11],"current_hp_per_floor":[61,38,38,38,38,58,46,46,46,41,41,41,41,41,41,36,60,44,44,44,44,44,15,35,0,0],"gold":529,"neow_bonus":"THREE_ENEMY_KILL","is_daily":false,"chose_seed":false,"campfire_upgraded":2,"win_rate":0.0,"timestamp":1609846278,"path_taken":["M","?","?","M","?","R","E","R","T","E","$","E","M","M","R","BOSS","M","?","?","?","M","E","R","E"],"items_purchased_type":["Card"],"build_version":"2020-12-18","purchased_purges":0,"victory":false,"max_hp_per_floor":[68,68,68,68,68,68,68,68,68,68,68,68,68,68,68,68,68,68,68,68,68,68,68,68,68,68],"card_choices":[{"not_picked":["FlyingSleeves","CrushJoints"],"picked":"FlurryOfBlows","floor":1.0},{"not_picked":["Crescendo","SashWhip"],"picked":"WheelKick","floor":4.0},{"not_picked":["CrushJoints","Weave"],"picked":"CutThroughFate","floor":5.0},{"not_picked":["Wireheading","MentalFortress"],"picked":"FlurryOfBlows","floor":7.0},{"not_picked":["Indignation","SashWhip"],"picked":"TalkToTheHand","floor":10.0},{"not_picked":["EmptyFist","Study"],"picked":"FollowUp","floor":12.0},{"not_picked":["Vengeance","EmptyFist"],"picked":"Prostrate","floor":13.0},{"not_picked":["EmptyBody","Evaluate"],"picked":"Wallop","floor":14.0},{"not_picked":["Establishment","Scrawl"],"picked":"DeusExMachina","floor":16.0},{"not_picked":["ClearTheMind","ThirdEye"],"picked":"BowlingBash","floor":18.0},{"not_picked":["PathToVictory","CrushJoints","Adaptation"],"picked":"SKIP","floor":21.0},{"not_picked":["Adaptation","Tantrum"],"picked":"Prostrate","floor":23.0}],"player_experience":785897,"relics_obtained":[{"floor":7.0,"key":"Meat on the Bone"},{"floor":9.0,"key":"Mummified Hand"},{"floor":10.0,"key":"Art of War"},{"floor":12.0,"key":"CeramicFish"},{"floor":19.0,"key":"Red Mask"},{"floor":23.0,"key":"Calipers"}],"event_choices":[{"damage_healed":0.0,"max_hp_gain":0.0,"max_hp_loss":0.0,"gold_gain":0.0,"event_name":"Golden Idol","player_choice":"Take Damage","floor":2.0,"gold_loss":0.0,"damage_taken":23.0,"relics_obtained":["Golden Idol"]},{"cards_removed":["Defend_P"],"damage_healed":0.0,"max_hp_gain":0.0,"max_hp_loss":0.0,"gold_gain":0.0,"event_name":"Purifier","player_choice":"Purged","floor":3.0,"gold_loss":0.0,"damage_taken":0.0},{"damage_healed":0.0,"max_hp_gain":0.0,"max_hp_loss":0.0,"gold_gain":0.0,"event_name":"Masked Bandits","player_choice":"Fought Bandits","floor":19.0,"gold_loss":0.0,"damage_taken":0.0},{"damage_healed":0.0,"max_hp_gain":0.0,"max_hp_loss":0.0,"gold_gain":0.0,"event_name":"Upgrade Shrine","player_choice":"Upgraded","floor":20.0,"gold_loss":0.0,"damage_taken":0.0,"cards_upgraded":["Eruption"]}],"is_beta":true,"boss_relics":[{"not_picked":["Runic Pyramid","Velvet Choker"],"picked":"Cursed Key"}],"items_purged_floors":[],"is_endless":false,"potions_floor_spawned":[1,10,16,19,22],"killed_by":"Gremlin Leader","ascension_level":18}}