{"host":"ecaj4hn004xnnrw9","time":1609884197,"event":{"mods":["AchievementEnabler","BaseMod","Hermit","Minty Spire (QoL Compilation)","Quick Restart","Replay The Spire","Shop Mod","StSLib","The Jungle"],"gold_per_floor":[110,110,60,60,74,104,120,155,155,41,68,68,88,117,117,215,215,230,33,43,60,210,210,240,240,240,267,285,295,325,325,325,427,427,447,458,13,26,26,60,60,91,91,101,101,101,113,113,143,155,155,155],"floor_reached":53,"playtime":2412,"items_purged":["Strike_P","Strike_P+1"],"score":1486,"play_id":"58894cb2-d498-4bdf-8351-cf231eb23fec","local_time":"20210105220317","is_ascension_mode":true,"campfire_choices":[{"data":"Eruption","floor":12,"key":"SMITH"},{"floor":15,"key":"DIG"},{"data":"TalkToTheHand","floor":23,"key":"SMITH"},{"floor":25,"key":"REST"},{"floor":32,"key":"REST"},{"data":"Vigilance","floor":41,"key":"SMITH"},{"data":"Secret Weapon","floor":48,"key":"SMITH"},{"data":"Halt","floor":51,"key":"SMITH"}],"circlet_count":0,"master_deck":["Defend_P+1","Defend_P","Defend_P+1","Eruption+1","Vigilance+1","Conclude+1","ClearTheMind+1","TalkToTheHand+1","CutThroughFate","Halt+1","EmptyFist","BowlingBash+1","BowlingBash","TalkToTheHand+1","CutThroughFate","Omniscience+1","FlurryOfBlows","Tantrum+1","WheelKick+1","Halt+1","Halt+1","TalkToTheHand+1","Vault+1","EmptyBody+1","Secret Weapon+1","Consecrate+1","TalkToTheHand+1","TalkToTheHand+1","EmptyMind"],"relics":["PureWater","Happy Flower","Replay:Purple Gloves","Chameleon Ring","Bottled Flame","MealTicket","Omamori","Cursed Key","Replay:Mystery Machine","Replay:PocketPolymizer","Replay:Bottled Eggs","Vajra","Ring of Chaos","Replay:Baseball","War Paint","Bird Faced Urn","Divine Protection","Gambling Chip"],"acts_visited":["Exordium","Exordium","TheBeyond"],"potions_floor_usage":[6,8,14,27,27,33,33,36,50,52],"damage_taken":[{"damage":0,"enemies":"Small Slimes","floor":1,"turns":2},{"damage":7,"enemies":"2 Louse","floor":5,"turns":5},{"damage":4,"enemies":"Gremlin Nob","floor":6,"turns":3},{"damage":0,"enemies":"Jaw Worm","floor":7,"turns":2},{"damage":5,"enemies":"Lagavulin","floor":8,"turns":4},{"damage":0,"enemies":"3 Sentries","floor":11,"turns":6},{"damage":5,"enemies":"Large Slime","floor":13,"turns":3},{"damage":3,"enemies":"Gremlin Nob","floor":14,"turns":3},{"damage":0,"enemies":"Hexaghost","floor":16,"turns":9},{"damage":24,"enemies":"theJungle:MUSHROOMGANG","floor":18,"turns":2},{"damage":0,"enemies":"theJungle:GiantWrat","floor":20,"turns":5},{"damage":26,"enemies":"theJungle:Snecko_Cultist_And_Trap","floor":21,"turns":3},{"damage":19,"enemies":"theJungle:Cassacara","floor":24,"turns":4},{"damage":1,"enemies":"theJungle:MamaSnecko","floor":27,"turns":4},{"damage":6,"enemies":"theJungle:2_Snecko_Cultists","floor":28,"turns":3},{"damage":0,"enemies":"theJungle:JungleHuntersEncounter","floor":29,"turns":4},{"damage":0,"enemies":"theJungle:2_Phrogs","floor":30,"turns":5},{"damage":0,"enemies":"theJungle:FunGuy","floor":33,"turns":5},{"damage":0,"enemies":"3 Shapes","floor":35,"turns":3},{"damage":40,"enemies":"3 Darklings","floor":36,"turns":4},{"damage":0,"enemies":"Maw","floor":38,"turns":7},{"damage":0,"enemies":"Nemesis","floor":40,"turns":4},{"damage":0,"enemies":"Reptomancer","floor":42,"turns":3},{"damage":0,"enemies":"Spire Growth","floor":44,"turns":3},{"damage":0,"enemies":"Transient","floor":47,"turns":6},{"damage":1,"enemies":"R_Hoarder","floor":49,"turns":7},{"damage":0,"enemies":"Jaw Worm Horde","floor":50,"turns":1},{"damage":0,"enemies":"Awakened One","floor":52,"turns":6}],"seed_played":"7814913350932023384","potions_obtained":[{"floor":1,"key":"Dexterity Potion"},{"floor":5,"key":"Fire Potion"},{"floor":6,"key":"Toxic Potion"},{"floor":11,"key":"Weak Potion"},{"floor":27,"key":"PowerPotion"},{"floor":28,"key":"LiquidBronze"},{"floor":29,"key":"Death Potion"},{"floor":40,"key":"Swift Potion"},{"floor":42,"key":"Elixir"},{"floor":44,"key":"SkillPotion"}],"is_trial":false,"path_per_floor":["M","?","?","?","M","E","M","E","T","$","E","R","M","E","R","B",null,"M","$","M","M","?","R","E","R","T","E","M","M","E","?","R","B",null,"M","M","$","M","?","E","R","E","T","M","PTL","PTL","M","R","E","M","R","B",null],"character_chosen":"WATCHER","items_purchased":["BowlingBash","AttackPotion","Fire Potion","Replay:Baseball","Secret Weapon","CultistPotion"],"campfire_rested":2,"item_purchase_floors":[10,19,19,37,37,37],"current_hp_per_floor":[65,65,65,65,58,54,54,49,49,49,49,49,44,41,41,41,64,40,55,55,29,29,29,10,31,31,30,24,24,24,24,45,45,65,65,25,40,40,40,40,40,40,40,40,40,40,40,40,41,41,41,41],"gold":155,"neow_bonus":"ONE_RANDOM_RARE_CARD","is_daily":false,"chose_seed":false,"campfire_upgraded":5,"win_rate":0.0,"timestamp":1609884197,"path_taken":["M","?","?","?","M","E","M","E","T","?","E","R","M","E","R","BOSS","M","$","M","M","?","R","E","R","T","E","M","M","E","?","R","BOSS","M","M","$","M","?","E","R","E","T","M","PTL","PTL","M","R","E","M","R","BOSS"],"items_purchased_type":["Card","Potion","Potion","Relic","Card","Potion"],"build_version":"2020-12-22","purchased_purges":2,"victory":true,"max_hp_per_floor":[72,72,72,72,72,72,72,72,72,72,72,72,72,72,72,72,72,72,72,72,72,72,72,72,72,72,72,72,72,72,72,72,72,72,72,72,72,72,72,72,72,72,72,72,72,72,72,72,72,72,72,72],"card_choices":[{"not_picked":["Replay:Vibes","SashWhip"],"picked":"Conclude","floor":1},{"not_picked":["CutThroughFate","Evaluate"],"picked":"TalkToTheHand","floor":5},{"not_picked":["FlyingSleeves","Replay:Vibes"],"picked":"CutThroughFate","floor":6},{"not_picked":["ThirdEye","WaveOfTheHand"],"picked":"Halt","floor":7},{"not_picked":["Replay:Anticipation","Replay:Hum"],"picked":"EmptyFist","floor":8},{"not_picked":["Brilliance","WaveOfTheHand"],"picked":"TalkToTheHand","floor":11},{"not_picked":["Replay:BluntJabs","FearNoEvil"],"picked":"CutThroughFate","floor":13},{"not_picked":["ClearTheMind","CutThroughFate","FearNoEvil"],"picked":"SKIP","floor":14},{"not_picked":["Alpha","DeusExMachina"],"picked":"Omniscience","floor":16},{"not_picked":["Collect+1","Prostrate"],"picked":"FlurryOfBlows","floor":18},{"not_picked":["ForeignInfluence","ClearTheMind","FollowUp"],"picked":"SKIP","floor":20},{"not_picked":["Adaptation+1","Weave"],"picked":"Tantrum+1","floor":21},{"not_picked":["Nirvana","JustLucky"],"picked":"WheelKick+1","floor":24},{"not_picked":["Judgement","EmptyMind+1"],"picked":"Halt","floor":27},{"not_picked":["Replay:BluntJabs","FollowUp","WindmillStrike"],"picked":"SKIP","floor":28},{"not_picked":["PathToVictory","FlyingSleeves+1"],"picked":"Halt+1","floor":29},{"not_picked":["FearNoEvil","Protect+1"],"picked":"TalkToTheHand","floor":30},{"not_picked":["LessonLearned","MasterReality"],"picked":"Vault","floor":33},{"not_picked":["FlyingSleeves","Perseverance","Adaptation"],"picked":"SKIP","floor":35},{"not_picked":["ThirdEye+1","Study+1"],"picked":"EmptyBody+1","floor":36},{"not_picked":["BowlingBash+1","ClearTheMind+1","Consecrate"],"picked":"SKIP","floor":38},{"not_picked":["DeceiveReality","SashWhip+1","Wireheading+1"],"picked":"SKIP","floor":40},{"not_picked":["Protect+1","DeceiveReality+1"],"picked":"Consecrate+1","floor":42},{"not_picked":["Ragnarok","FollowUp"],"picked":"TalkToTheHand+1","floor":44},{"not_picked":["MentalFortress+1","Pray","Nirvana"],"picked":"SKIP","floor":47},{"not_picked":["CrushJoints+1","WreathOfFlame+1"],"picked":"TalkToTheHand","floor":49},{"not_picked":["WaveOfTheHand+1","MentalFortress+1","WindmillStrike"],"picked":"SKIP","floor":50}],"player_experience":213928,"relics_obtained":[{"floor":6,"key":"Happy Flower"},{"floor":8,"key":"Replay:Purple Gloves"},{"floor":9,"key":"Chameleon Ring"},{"floor":11,"key":"Bottled Flame"},{"floor":14,"key":"MealTicket"},{"floor":15,"key":"Omamori"},{"floor":24,"key":"Replay:Mystery Machine"},{"floor":26,"key":"Replay:PocketPolymizer"},{"floor":27,"key":"Replay:Bottled Eggs"},{"floor":30,"key":"Vajra"},{"floor":40,"key":"War Paint"},{"floor":42,"key":"Bird Faced Urn"},{"floor":43,"key":"Divine Protection"},{"floor":49,"key":"Gambling Chip"}],"event_choices":[{"cards_removed":["Strike_P"],"damage_healed":0,"gold_gain":0,"player_choice":"Card Removal","damage_taken":0,"max_hp_gain":0,"max_hp_loss":0,"event_name":"The Cleric","floor":3,"gold_loss":50},{"cards_removed":["LessonLearned"],"damage_healed":0,"gold_gain":0,"player_choice":"Removed Attack","damage_taken":0,"max_hp_gain":0,"max_hp_loss":0,"event_name":"Falling","floor":39,"gold_loss":0}],"is_beta":false,"boss_relics":[{"not_picked":["Calling Bell","Runic Dome"],"picked":"Cursed Key"},{"not_picked":["Philosopher\u0027s Stone","VioletLotus"],"picked":"Ring of Chaos"}],"items_purged_floors":[10,19],"is_endless":false,"potions_floor_spawned":[1,5,6,11,24,27,28,29,40,42,44,49],"ascension_level":6}}