{"host":"nptej036rrbiurf5","time":1609808027,"event":{"mods":["BaseMod","Colored Map","Colored Powertips","DeckTracker","Minty Spire (QoL Compilation)","StSLib","SuperFastMode"],"gold_per_floor":[114,72,83,7,7,34,51,51,76,95,112,112,112,144,144,144,144],"floor_reached":16,"playtime":385,"items_purged":[],"score":270,"play_id":"4cb0ea0e-1022-4660-a2bc-473d1221fa00","local_time":"20210105095347","is_ascension_mode":true,"campfire_choices":[{"data":"Searing Blow","floor":8.0,"key":"SMITH"},{"data":"Searing Blow+1","floor":12.0,"key":"SMITH"},{"data":"Searing Blow+2","floor":15.0,"key":"SMITH"}],"circlet_count":0,"master_deck":["AscendersBane","Strike_R","Strike_R","Strike_R","Strike_R","Defend_R","Defend_R","Defend_R","Defend_R","Bash","Searing Blow+3","Evolve","Twin Strike","Dark Embrace","Wild Strike","Dual Wield","Pommel Strike","Bloodletting","Exhume"],"relics":["Burning Blood","NeowsBlessing","Dream Catcher","Bottled Tornado"],"acts_visited":["Exordium"],"potions_floor_usage":[16,16],"damage_taken":[{"damage":0.0,"enemies":"Cultist","floor":1.0,"turns":1.0},{"damage":0.0,"enemies":"Small Slimes","floor":3.0,"turns":1.0},{"damage":0.0,"enemies":"Gremlin Nob","floor":6.0,"turns":2.0},{"damage":14.0,"enemies":"Jaw Worm","floor":7.0,"turns":3.0},{"damage":25.0,"enemies":"Lots of Slimes","floor":10.0,"turns":6.0},{"damage":27.0,"enemies":"Large Slime","floor":11.0,"turns":6.0},{"damage":43.0,"enemies":"3 Sentries","floor":14.0,"turns":8.0},{"damage":48,"enemies":"Slime Boss","floor":16,"turns":5}],"seed_played":"5964223896891227853","potions_obtained":[{"floor":1.0,"key":"SneckoOil"},{"floor":6.0,"key":"DistilledChaos"},{"floor":7.0,"key":"Swift Potion"}],"is_trial":false,"path_per_floor":["M","$","M","$","?","E","M","R","T","M","M","R","?","E","R","B"],"character_chosen":"IRONCLAD","items_purchased":["Evolve","Dark Embrace"],"campfire_rested":0,"item_purchase_floors":[2,4],"current_hp_per_floor":[74,74,75,75,68,74,66,66,66,47,26,26,75,38,38,0,0],"gold":144,"neow_bonus":"THREE_ENEMY_KILL","is_daily":false,"chose_seed":false,"campfire_upgraded":3,"win_rate":0.0,"timestamp":1609808027,"path_taken":["M","$","M","?","?","E","M","R","T","M","M","R","?","E","R","BOSS"],"items_purchased_type":["Card","Card"],"build_version":"2020-12-22","purchased_purges":0,"victory":false,"max_hp_per_floor":[75,75,75,75,75,75,75,75,75,75,75,75,75,75,75,75,75],"card_choices":[{"not_picked":["Warcry","Infernal Blade"],"picked":"Searing Blow","floor":1.0},{"not_picked":["Rupture","Perfected Strike"],"picked":"Twin Strike","floor":3.0},{"not_picked":["Shockwave","Warcry"],"picked":"Wild Strike","floor":6.0},{"not_picked":["Thunderclap","Uppercut"],"picked":"Dual Wield","floor":7.0},{"not_picked":["Metallicize","Twin Strike"],"picked":"Pommel Strike","floor":10.0},{"not_picked":["Thunderclap","Iron Wave"],"picked":"Bloodletting","floor":11.0},{"not_picked":["Havoc","Iron Wave"],"picked":"Exhume","floor":14.0}],"player_experience":874795,"relics_obtained":[{"floor":6.0,"key":"Dream Catcher"},{"floor":14.0,"key":"Bottled Tornado"}],"event_choices":[{"cards_removed":["Strike_R"],"damage_healed":0.0,"max_hp_gain":0.0,"max_hp_loss":0.0,"gold_gain":0.0,"event_name":"Golden Wing","player_choice":"Card Removal","floor":5.0,"gold_loss":0.0,"damage_taken":7.0},{"damage_healed":49.0,"max_hp_gain":0.0,"max_hp_loss":0.0,"gold_gain":0.0,"event_name":"Wheel of Change","player_choice":"Full Heal","floor":13.0,"gold_loss":0.0,"damage_taken":0.0}],"is_beta":false,"boss_relics":[],"items_purged_floors":[],"is_endless":false,"potions_floor_spawned":[1,6,7],"killed_by":"Slime Boss","ascension_level":20}}