{"host":"q79spna8ofw6hj3r","time":1609836581,"event":{"mods":["Aspiration","BaseMod","Bestiary","Better Altar","Better Match","Better Note","Better Sensory Stone","Better Skull","Better Third Choice","Better Vampires","BetterRewards","Block Reminder","Card Filter","Challenge The Spire","Colored Map","Colored Powertips","Conspire","Custom Start","Energized Spire","Halation","Hubris","Infinite Spire","Jedi Mod","Mimic Mod","Minty Spire (QoL Compilation)","Permanent Neow","Quick Restart","Relic Filter","Relic Sorter","Replay The Spire","Shop Mod","StSLib","SuperFastMode","Synergy Search","The Servant 0.9.4","vexMod"],"gold_per_floor":[210,135,146,96,96,96,125,125,203,215,215,234,262,81,81,81,81],"floor_reached":16,"playtime":442,"items_purged":["Strike_S","Defend_S"],"score":140,"play_id":"4c428b89-6c98-49fe-b316-342c1aca0cca","local_time":"20210105104941","is_ascension_mode":true,"campfire_choices":[{"data":"KidneyShot","floor":6,"key":"SMITH"},{"data":"Sunlight","floor":11,"key":"SMITH"},{"data":"Luminosity","floor":15,"key":"SMITH"}],"circlet_count":0,"master_deck":["Strike_S","Strike_S","Defend_S","Defend_S","KidneyShot+1","Exchange","Rearm","Starlight","Sunlight+1","Luminosity+1","Misdirection"],"relics":["Uniform","Nunchaku","conspire:BottledYoYo","Bottled Tornado"],"acts_visited":["Exordium"],"potions_floor_usage":[7,13],"damage_taken":[{"damage":5,"enemies":"2 Louse","floor":1,"turns":3},{"damage":0,"enemies":"conspire:RoseBush","floor":3,"turns":5},{"damage":4,"enemies":"Gremlin Nob","floor":7,"turns":3},{"damage":0,"enemies":"Cultist","floor":10,"turns":2},{"damage":13,"enemies":"Exordium Wildlife","floor":12,"turns":3},{"damage":0,"enemies":"Lagavulin","floor":13,"turns":4},{"damage":42,"enemies":"Slime Boss","floor":16,"turns":8}],"seed_played":"2944395130272634753","potions_obtained":[{"floor":1,"key":"SteroidPotion"},{"floor":12,"key":"Flashbang"}],"is_trial":false,"path_per_floor":["M","$","M","?","?","R","E","?","T","M","R","M","E","$","R","B"],"character_chosen":"THE_SERVANT","items_purchased":["Misdirection"],"campfire_rested":0,"item_purchase_floors":[14],"current_hp_per_floor":[60,60,60,60,53,53,49,49,49,49,49,36,36,36,36,0,0],"gold":81,"neow_bonus":"HUNDRED_GOLD","is_daily":false,"chose_seed":false,"campfire_upgraded":3,"win_rate":0.0,"timestamp":1609836581,"path_taken":["M","$","M","?","?","R","E","?","T","M","R","M","E","$","R","BOSS"],"items_purchased_type":["Card"],"build_version":"2020-12-22","purchased_purges":2,"victory":false,"max_hp_per_floor":[65,65,65,65,65,65,65,65,65,65,65,65,65,65,65,65,65],"card_choices":[{"not_picked":["Spin","TimeWarp"],"picked":"Rearm","floor":1},{"not_picked":["Defy","Ricochet"],"picked":"Starlight","floor":3},{"not_picked":["BottledTime","Replace"],"picked":"Sunlight","floor":7},{"not_picked":["Starlight","Manipulate","BottledTime"],"picked":"SKIP","floor":10},{"not_picked":["Unruled","Moonlight"],"picked":"Luminosity","floor":12},{"not_picked":["TimeWarp","Reset","Sabotage"],"picked":"SKIP","floor":13}],"player_experience":218639,"relics_obtained":[{"floor":7,"key":"Nunchaku"},{"floor":9,"key":"conspire:BottledYoYo"},{"floor":13,"key":"Bottled Tornado"}],"event_choices":[{"cards_removed":["Strike_S"],"damage_healed":0,"gold_gain":0,"player_choice":"Card Removal","damage_taken":0,"max_hp_gain":0,"max_hp_loss":0,"event_name":"The Cleric","floor":4,"gold_loss":50},{"cards_removed":["Defend_S"],"damage_healed":0,"gold_gain":0,"player_choice":"Card Removal","damage_taken":7,"max_hp_gain":0,"max_hp_loss":0,"event_name":"Golden Wing","floor":5,"gold_loss":0},{"damage_healed":0,"gold_gain":0,"player_choice":"Bought 0 Potions","damage_taken":0,"max_hp_gain":0,"max_hp_loss":0,"event_name":"The Woman in Blue","floor":8,"gold_loss":0}],"is_beta":false,"boss_relics":[],"items_purged_floors":[2,14],"is_endless":false,"potions_floor_spawned":[1,12],"killed_by":"Slime Boss","ascension_level":1}}