{"host":"d8d3jqle49sogkjv","time":1609882867,"event":{"mods":["BaseMod","Colored Map","Colored Powertips","Minty Spire (QoL Compilation)","StSLib"],"gold_per_floor":[112,112,287,80,30,57,57,85,85,85,85,160,12,29,29,124,124,113,131,311,311,311],"floor_reached":21,"playtime":646,"items_purged":["Doubt"],"score":284,"play_id":"a68e2365-8d98-4a6f-8f02-f44054a40f70","local_time":"20210105224107","is_ascension_mode":true,"campfire_choices":[{"floor":7,"key":"REST"},{"floor":11,"key":"REST"},{"floor":15,"key":"REST"}],"circlet_count":0,"master_deck":["AscendersBane","Strike_R","Strike_R","Strike_R","Strike_R","Defend_R","Defend_R+1","Defend_R+1","Defend_R","Bash","Rage","True Grit","Shrug It Off","Demon Form","Feed","Heavy Blade"],"relics":["Fusion Hammer","Akabeko","Pen Nib","Anchor","Darkstone Periapt","War Paint","Sozu"],"acts_visited":["Exordium","TheCity"],"potions_floor_usage":[8],"damage_taken":[{"damage":7,"enemies":"Small Slimes","floor":1,"turns":3},{"damage":25,"enemies":"Gremlin Nob","floor":6,"turns":5},{"damage":35,"enemies":"Lagavulin","floor":8,"turns":11},{"damage":0,"enemies":"Jaw Worm","floor":14,"turns":3},{"damage":18,"enemies":"The Guardian","floor":16,"turns":8},{"damage":14,"enemies":"2 Thieves","floor":18,"turns":4},{"damage":22,"enemies":"Spheric Guardian","floor":19,"turns":4},{"damage":29,"enemies":"Snake Plant","floor":21,"turns":5}],"seed_played":"2699015825159752687","potions_obtained":[{"floor":6,"key":"PowerPotion"}],"is_trial":false,"path_per_floor":["M","?","?","$","?","E","R","E","T","?","R","?","$","M","R","B",null,"M","M","?","M"],"character_chosen":"IRONCLAD","items_purchased":["Rage","True Grit","War Paint"],"campfire_rested":3,"item_purchase_floors":[4,4,13],"current_hp_per_floor":[65,53,53,53,53,28,52,17,17,22,47,36,36,36,61,43,75,64,45,26,0,0],"gold":311,"neow_bonus":"BOSS_RELIC","is_daily":false,"chose_seed":false,"campfire_upgraded":0,"win_rate":0.0,"timestamp":1609882867,"path_taken":["M","?","?","$","?","E","R","E","T","?","R","?","$","?","R","BOSS","M","?","?","M"],"items_purchased_type":["Card","Card","Relic"],"build_version":"2020-12-22","purchased_purges":1,"victory":false,"max_hp_per_floor":[80,80,80,80,80,80,80,80,80,85,85,85,85,85,85,85,85,88,91,91,91,91],"card_choices":[{"not_picked":["Perfected Strike","Heavy Blade","Wild Strike"],"picked":"SKIP","floor":1},{"not_picked":["Twin Strike","Intimidate"],"picked":"Shrug It Off","floor":6},{"not_picked":["Iron Wave","Whirlwind"],"picked":"Demon Form","floor":8},{"not_picked":["Iron Wave","Armaments","Evolve"],"picked":"SKIP","floor":14},{"not_picked":["Exhume","Immolate"],"picked":"Feed","floor":16},{"not_picked":["Dropkick","Anger"],"picked":"Heavy Blade","floor":18},{"not_picked":["Warcry+1","Perfected Strike","Iron Wave+1"],"picked":"SKIP","floor":19}],"player_experience":372035,"relics_obtained":[{"floor":6,"key":"Pen Nib"},{"floor":8,"key":"Anchor"},{"floor":9,"key":"Darkstone Periapt"}],"event_choices":[{"damage_healed":0,"gold_gain":0,"player_choice":"Success","damage_taken":12,"relics_obtained":["Akabeko"],"max_hp_gain":0,"max_hp_loss":0,"event_name":"Scrap Ooze","floor":2,"gold_loss":0},{"damage_healed":0,"gold_gain":175,"player_choice":"AGREE","damage_taken":0,"max_hp_gain":0,"max_hp_loss":0,"event_name":"Liars Game","floor":3,"gold_loss":0,"cards_obtained":["Doubt"]},{"cards_removed":["Strike_R"],"damage_healed":0,"gold_gain":0,"player_choice":"Card Removal","damage_taken":0,"max_hp_gain":0,"max_hp_loss":0,"event_name":"The Cleric","floor":5,"gold_loss":50},{"damage_healed":0,"gold_gain":0,"player_choice":"Donut","damage_taken":0,"max_hp_gain":5,"max_hp_loss":0,"event_name":"Big Fish","floor":10,"gold_loss":0},{"damage_healed":0,"gold_gain":75,"player_choice":"Gather Gold","damage_taken":11,"max_hp_gain":0,"max_hp_loss":0,"event_name":"World of Goop","floor":12,"gold_loss":0},{"damage_healed":0,"gold_gain":180,"player_choice":"GOLD GOLD ","damage_taken":19,"max_hp_gain":0,"max_hp_loss":0,"event_name":"Knowing Skull","floor":20,"potions_obtained":[],"gold_loss":0,"cards_obtained":[]}],"is_beta":false,"boss_relics":[{"not_picked":["Velvet Choker","SlaversCollar"],"picked":"Sozu"}],"items_purged_floors":[4],"is_endless":false,"potions_floor_spawned":[6,18],"killed_by":"Snake Plant","ascension_level":11}}