{"host":"ec2wu4mdnvke243f","time":1609877265,"event":{"mods":["2.2 Compatiblity","AchievementEnabler","BaseMod","Defuse TimeMaze Blight","Downfall","Hermit","Infinite Spire","Minty Spire (QoL Compilation)","StSLib","The Cursed","The Disciple","The Jungle","The Servant 0.9.4"],"gold_per_floor":[116,116,116,130,45,75,75,75,75,101,126,153,169,247,247,345,345,364,364,364,364,364,392,420,454,454,482,532,593,606,645,645,751,751,779,806,863,863,863,937,937,971,1056,1086,1106,1115,1161,1170,1170,1170],"floor_reached":51,"playtime":3977,"items_purged":[],"score":1096,"play_id":"c1f07f43-17f8-4cda-9f27-cfee8ae86e9a","local_time":"20210105210745","daily_mods":["Colorless Cards","Flight","Elite Swarm"],"is_ascension_mode":false,"campfire_choices":[{"floor":15,"key":"REST"},{"data":"1","floor":32,"key":"LIFT"},{"data":"2","floor":49,"key":"LIFT"}],"circlet_count":0,"master_deck":["hermit:Strike_Hermit","hermit:Strike_Hermit","hermit:Strike_Hermit","hermit:Strike_Hermit","hermit:Defend_Hermit","hermit:Defend_Hermit","hermit:Defend_Hermit","hermit:Snapshot+1","hermit:Covet","hermit:Ricochet+1","hermit:Glare","expansioncontent:Flail","Sadistic Nature","Thinking Ahead","Metamorphosis","hermit:Magnum","expansioncontent:DashGenerateEvil","hermit:Feint+1","infinitespire:TheBestDefense","TheCursedMod:Dregs","hermit:Roughhouse","Decay","hermit:DeadOrAlive","expansioncontent:StudyTheSpire","Discovery+1","expansioncontent:DashGenerateEvil","Violence+1","Panacea+1","TheCursedMod:Dregs","Decay","infinitespire:SevenWalls","hermit:TrackingShot+1","Transmutation+1","Panache","Decay","hermit:Snipe+1","sneckomod:Bewildered","hermit:Combo","Doubt"],"relics":["hermit:Momento","Strawberry","Guardian:PocketSentry","Gremlin Horn","champ:DeflectingBracers","infinitespire:ShieldingShard","The Courier","Cursed Key","Shovel","theJungle:SpiritDisease","infinitespire:CheckeredPen","Toy Ornithopter","Bag of Marbles","Toxic Egg 2","Bag of Preparation","Girya","CeramicFish","expansioncontent:StudyCardRelic","Guardian:GemstoneGun","Torii","Akabeko","Eternal Feather","Ginger","Lantern"],"acts_visited":["Exordium","Exordium","TheBeyond"],"potions_floor_usage":[6,11,16,24,40,40,40],"damage_taken":[{"damage":0,"enemies":"Small Slimes","floor":1,"turns":3},{"damage":0,"enemies":"Cultist","floor":4,"turns":2},{"damage":21,"enemies":"Lagavulin","floor":6,"turns":5},{"damage":5,"enemies":"Gremlin Nob","floor":10,"turns":3},{"damage":4,"enemies":"Lagavulin","floor":11,"turns":4},{"damage":22,"enemies":"3 Sentries","floor":12,"turns":3},{"damage":5,"enemies":"Jaw Worm","floor":13,"turns":2},{"damage":5,"enemies":"Hexaghost","floor":16,"turns":9},{"damage":0,"enemies":"theJungle:MUSHROOMGANG","floor":18,"turns":3},{"damage":0,"enemies":"theJungle:MamaSnecko","floor":23,"turns":4},{"damage":8,"enemies":"theJungle:Cassacara","floor":24,"turns":5},{"damage":14,"enemies":"theJungle:2_Phrogs","floor":25,"turns":7},{"damage":0,"enemies":"theJungle:MamaSnecko","floor":27,"turns":4},{"damage":7,"enemies":"theJungle:2_Phrogs","floor":29,"turns":5},{"damage":0,"enemies":"theJungle:Flameango_and_Byrd","floor":30,"turns":3},{"damage":8,"enemies":"theJungle:Cassacara","floor":31,"turns":5},{"damage":12,"enemies":"theJungle:FunGuy","floor":33,"turns":6},{"damage":0,"enemies":"3 Darklings","floor":35,"turns":2},{"damage":0,"enemies":"2 Orb Walkers","floor":37,"turns":2},{"damage":0,"enemies":"Reptomancer","floor":40,"turns":3},{"damage":29,"enemies":"Giant Head","floor":42,"turns":8},{"damage":17,"enemies":"Reptomancer","floor":44,"turns":5},{"damage":3,"enemies":"3 Shapes","floor":45,"turns":1},{"damage":0,"enemies":"Jaw Worm Horde","floor":47,"turns":1},{"damage":4,"enemies":"Time Eater","floor":50,"turns":9}],"seed_played":"-8236452641485064643","potions_obtained":[{"floor":1,"key":"SkillPotion"},{"floor":6,"key":"hermit:Tonic"},{"floor":12,"key":"BlessingOfTheForge"},{"floor":18,"key":"Dexterity Potion"},{"floor":23,"key":"Energy Potion"},{"floor":24,"key":"GamblersBrew"},{"floor":30,"key":"Block Potion"},{"floor":45,"key":"ColorlessPotion"},{"floor":47,"key":"hermit:Tonic"}],"is_trial":true,"path_per_floor":["M","?","?","M","$","E","?","$","T","E","E","E","M","?","R","B",null,"M","?","AVR","?","T","E","E","E","T","E","?","E","M","E","R","B",null,"M","?","?","$","?","E","?","E","T","E","M","T","M","?","R","B",null],"character_chosen":"HERMIT","items_purchased":["expansioncontent:Flail"],"campfire_rested":1,"item_purchase_floors":[5],"current_hp_per_floor":[75,79,79,79,79,58,58,58,58,53,49,27,22,22,46,41,82,82,82,82,82,82,82,74,60,60,60,49,42,42,34,34,22,82,82,82,82,82,82,82,82,53,53,36,33,33,33,82,82,78],"gold":1170,"neow_bonus":"","is_daily":false,"chose_seed":false,"campfire_upgraded":0,"win_rate":0.0,"timestamp":1609877265,"path_taken":["M","?","?","?","?","E","?","?","T","E","E","E","?","?","R","BOSS","M","?","AVR","?","?","E","E","E","T","E","?","E","?","E","R","BOSS","M","?","?","$","?","E","?","E","T","E","?","?","?","?","R","BOSS"],"items_purchased_type":["Card"],"build_version":"2020-12-22","purchased_purges":0,"victory":true,"max_hp_per_floor":[75,82,82,82,82,82,82,82,82,82,82,82,82,82,82,82,82,82,82,82,82,82,82,82,82,82,82,82,82,82,82,82,82,82,82,82,82,82,82,82,82,82,82,82,82,82,82,82,82,82],"card_choices":[{"not_picked":["expansioncontent:CaCaw","hermit:HoleUp"],"picked":"hermit:Ricochet","floor":1},{"not_picked":["expansioncontent:TimeRipple","expansioncontent:DonusPower"],"picked":"hermit:Glare","floor":4},{"not_picked":["hermit:RoundhouseKick","hermit:HighNoon"],"picked":"Sadistic Nature","floor":6},{"not_picked":["expansioncontent:Corrupt","hermit:HeroicBravado"],"picked":"Thinking Ahead","floor":10},{"not_picked":["hermit:Gambit","Mayhem"],"picked":"Metamorphosis","floor":11},{"not_picked":["Secret Technique","Magnetism"],"picked":"hermit:Magnum","floor":12},{"not_picked":["hermit:WideOpen","hermit:Malice"],"picked":"hermit:Manifest","floor":13},{"not_picked":["expansioncontent:Corrupt","Secret Technique"],"picked":"expansioncontent:DashGenerateEvil","floor":16},{"not_picked":["hermit:WideOpen","hermit:Ricochet+1"],"picked":"hermit:Feint+1","floor":18},{"not_picked":["expansioncontent:Corrupt","hermit:HighNoon"],"picked":"Chrysalis","floor":23},{"not_picked":["hermit:Adapt","Secret Weapon"],"picked":"hermit:Roughhouse","floor":24},{"not_picked":["hermit:OverwhelmingPower","Mayhem","Sadistic Nature"],"picked":"SKIP","floor":25},{"not_picked":["hermit:Magnum","Violence+1"],"picked":"hermit:DeadOrAlive","floor":27},{"not_picked":["hermit:EternalForm","hermit:HighNoon"],"picked":"expansioncontent:StudyTheSpire","floor":29},{"not_picked":["hermit:PistolWhip","expansioncontent:TimeRipple"],"picked":"Discovery+1","floor":30},{"not_picked":["Thinking Ahead+1","Secret Weapon+1"],"picked":"expansioncontent:DashGenerateEvil","floor":31},{"not_picked":["The Bomb+1","hermit:Purgatory"],"picked":"Violence+1","floor":33},{"not_picked":["hermit:CalledShot","PanicButton+1"],"picked":"Panacea+1","floor":35},{"not_picked":["infinitespire:UltimateForm","infinitespire:Fortify"],"picked":"infinitespire:SevenWalls","floor":36},{"not_picked":["hermit:WideOpen","hermit:Manifest+1"],"picked":"hermit:TrackingShot+1","floor":37},{"not_picked":["Chrysalis+1","Magnetism"],"picked":"Transmutation+1","floor":40},{"not_picked":["Sadistic Nature","hermit:OverwhelmingPower"],"picked":"Panache","floor":42},{"not_picked":["Sadistic Nature","hermit:EternalForm","hermit:Magnum"],"picked":"SKIP","floor":44},{"not_picked":["hermit:Dive+1","Mind Blast"],"picked":"hermit:Snipe+1","floor":45},{"not_picked":["hermit:Coalescence+1","hermit:Roulette"],"picked":"hermit:Combo","floor":47}],"player_experience":556760,"relics_obtained":[{"floor":6,"key":"Guardian:PocketSentry"},{"floor":9,"key":"Gremlin Horn"},{"floor":10,"key":"champ:DeflectingBracers"},{"floor":11,"key":"infinitespire:ShieldingShard"},{"floor":12,"key":"The Courier"},{"floor":23,"key":"infinitespire:CheckeredPen"},{"floor":24,"key":"Toy Ornithopter"},{"floor":25,"key":"Bag of Marbles"},{"floor":26,"key":"Toxic Egg 2"},{"floor":27,"key":"Bag of Preparation"},{"floor":29,"key":"Girya"},{"floor":31,"key":"CeramicFish"},{"floor":37,"key":"Guardian:GemstoneGun"},{"floor":40,"key":"Torii"},{"floor":42,"key":"Akabeko"},{"floor":43,"key":"Eternal Feather"},{"floor":44,"key":"Ginger"},{"floor":46,"key":"Lantern"}],"event_choices":[{"damage_healed":0,"gold_gain":0,"player_choice":"Success","damage_taken":3,"relics_obtained":["Strawberry"],"max_hp_gain":0,"max_hp_loss":0,"event_name":"Scrap Ooze","floor":2,"gold_loss":0},{"damage_healed":0,"gold_gain":0,"player_choice":"Upgraded","damage_taken":0,"max_hp_gain":0,"max_hp_loss":0,"event_name":"Upgrade Shrine","floor":3,"gold_loss":0,"cards_upgraded":["hermit:Snapshot"]},{"damage_healed":0,"gold_gain":0,"player_choice":"Grow","damage_taken":0,"max_hp_gain":0,"max_hp_loss":0,"event_name":"Living Wall","floor":7,"gold_loss":0,"cards_upgraded":["hermit:Ricochet"]},{"damage_healed":0,"gold_gain":78,"player_choice":"Gained Gold","damage_taken":0,"max_hp_gain":0,"max_hp_loss":0,"event_name":"Golden Wing","floor":14,"gold_loss":0},{"damage_healed":0,"gold_gain":0,"player_choice":"Fight","damage_taken":0,"max_hp_gain":0,"max_hp_loss":0,"event_name":"Mysterious Sphere","floor":37,"gold_loss":0},{"damage_healed":0,"gold_gain":0,"player_choice":"Ignored","damage_taken":0,"max_hp_gain":0,"max_hp_loss":0,"event_name":"Tomb of Lord Red Mask","floor":39,"gold_loss":0},{"cards_removed":["Chrysalis"],"damage_healed":0,"gold_gain":0,"player_choice":"Purged","damage_taken":0,"max_hp_gain":0,"max_hp_loss":0,"event_name":"Purifier","floor":41,"gold_loss":0},{"damage_healed":49,"gold_gain":0,"player_choice":"Heal","damage_taken":0,"max_hp_gain":0,"max_hp_loss":0,"event_name":"MindBloom","floor":48,"gold_loss":0,"cards_obtained":["Doubt"]}],"is_beta":false,"boss_relics":[{"not_picked":["Busted Crown","Black Star"],"picked":"Cursed Key"},{"not_picked":["hermit:DentedPlate","SacredBark"],"picked":"expansioncontent:StudyCardRelic"}],"items_purged_floors":[],"is_endless":false,"potions_floor_spawned":[1,6,12,18,23,24,30,31,35,45,47],"ascension_level":0}}