{"host":"byfc0n0a1d7t61kp","time":1609882982,"event":{"mods":["BaseMod","Bestiary","Better Third Choice","BetterRewards","Colored Powertips","Conspire","Curses Come First","Downfall","Evolution","Hubris","Infinite Spire","Minty Spire (QoL Compilation)","Quick Restart","Replay The Spire","Shop Mod","Spicy Shops","StSLib","Synergy Search"],"gold_per_floor":[119,135,149,102,131,131,141,141,196,213,368,381,397,397,397,494,494,504,504,504,516,516,516,536,536,536,561,561,572,582,582,582,679,679,699,749,896,896,921,969,1015,1074,1074,1166,1271,1416,1770,1770,1770,2192,2192,2521,2521,2521,2846,3173,3516,3566,3898,3898,3884,3884],"floor_reached":61,"playtime":9119,"items_purged":["Regret","Looming Evil"],"score":1752,"play_id":"42f34227-d11c-468c-ba0c-4f6c5fb157ee","local_time":"20210105224302","is_ascension_mode":true,"campfire_choices":[{"data":"ReplayTheSpireMod:Dual Polarity","floor":6.0,"key":"SMITH"},{"data":"Genetic Algorithm","floor":8.0,"key":"SMITH"},{"data":"expansioncontent:YouAreMine","floor":15.0,"key":"SMITH"},{"data":"Mayhem","floor":23.0,"key":"SMITH"},{"data":"Discovery","floor":32.0,"key":"SMITH"},{"data":"Hologram+1","floor":49.0,"key":"SMITH"}],"circlet_count":0,"master_deck":["Strike_B","Strike_B","Strike_B","Strike_B","Defend_B","Defend_B","Defend_B","Defend_B","Zap","Dualcast","expansioncontent:YouAreMine+1","Auto Shields","Hologram+2","Gash","Capacitor","ReplayTheSpireMod:Dual Polarity+1","Genetic Algorithm+1","Loop","FIFO Queue","Go for the Eyes","Sunder","Panic Button","Hologram","hubris:PowerSurge","Mayhem+1","Conserve Battery","Electrodynamics","Redo","Gash","Panache","Replay:SS_hec_2","Discovery+1","BootSequence+1","Conserve Battery","BasicCrystalCard+1","Defragment","Reboot","CurseOfTheBell","Creative AI","Delirium","conspire:Rain","hubris:Greed","Defragment","ReplayGash","hubris:Greed","hubris:Greed","hubris:Greed","hubris:Greed","hubris:Greed","Spreading Infection","Crystallizer+1","hubris:Greed","hubris:Greed","Loop+1","hubris:Greed","hubris:Greed","hubris:Greed","hubris:Greed","hubris:Greed","All For One","hubris:Greed","hubris:Greed","hubris:Greed","hubris:Greed","hubris:Greed","hubris:Greed","hubris:Greed","hubris:Greed","hubris:Greed","hubris:Greed","hubris:Greed","hubris:Greed","hubris:Greed","hubris:Greed","hubris:Greed","hubris:Greed","hubris:Greed","hubris:Greed","hubris:Greed","Delirium","hubris:Greed","hubris:Greed","hubris:Greed","hubris:Greed","hubris:Greed","hubris:Greed","hubris:Greed","hubris:Greed","hubris:Greed","hubris:Greed","hubris:Greed","hubris:Greed","hubris:Greed","hubris:Greed","hubris:Greed","hubris:Greed","hubris:Greed","hubris:Greed","hubris:Greed","hubris:Greed","hubris:Greed","hubris:Greed","hubris:Greed","hubris:Greed","hubris:Greed","hubris:Greed","hubris:Greed","hubris:Greed","hubris:Greed","hubris:Greed","hubris:Greed","hubris:Greed","hubris:Disease","hubris:Despair","hubris:Lust","infinitespire:SealOfDarkness+","hubris:Envy","Writhe","hubris:Lust","ReplayTheSpireMod:Faulty Equipment","Gash","Regret","Guardian:Aged","Replay:Hysterical Blindness","hubris:Gluttony","Clumsy","Sickly","Slimebound:Icky","Replay:Hysterical Blindness","Shame","Writhe","hubris:Disease","ReplayTheSpireMod:Restless Dread","Injury","ReplayTheSpireMod:Restless Dread","hubris:Compulsion","conspire:NecroticWound","conspire:NecroticWound","Replay:Hysterical Blindness","hubris:Compulsion","Clumsy","Replay:UnknownCurse","Sickly","Sickly","hubris:Envy","Decay","hubris:Envy","hubris:Greed","hubris:Greed","hubris:Greed","hubris:Greed","hubris:Despair","hubris:Disease"],"relics":["Cracked Core","EVO:Axolotl","infinitespire:EmpoweringShard","Cables","hubris:MedicalManual","betterThird:SlimedRelic","PreservedInsect","Ancient Tea Set","Pet Ghost","hubris:NiceRug","infinitespire:Lucky Rock","Strange Spoon","Bag of Preparation","TungstenRod","hubris:EmptyBottle","hubris:Towel","Replay:Bronze Core","ReplayTheSpireMod:ShopPack","Quantum Egg","Replay:Bottled Steam","infinitespire:ShieldingShard","Calling Bell","Happy Flower","conspire:DecoderRing","Durian","ReplayTheSpireMod:Ring of Collecting","Ring of Greed","hubris:MobiusCoin","Replay:Wax Seal","Pen Nib","Prayer Wheel","conspire:InfiniteJournal","Ring of Peace","hubris:Metronome","Replay:Multitool","Gremlin Food","Emotion Chip","Sozu","Boot","hubris:CuriousFeather","ReplayTheSpireMod:Ring of Exchange","hubris:MysteriousPyramids"],"acts_visited":["Exordium","TheCity","TheBeyond","Exordium"],"potions_floor_usage":[],"damage_taken":[{"damage":1.0,"enemies":"Small Slimes","floor":1.0,"turns":3.0},{"damage":0.0,"enemies":"2 Louse","floor":2.0,"turns":1.0},{"damage":4.0,"enemies":"Jaw Worm","floor":3.0,"turns":3.0},{"damage":4.0,"enemies":"conspire:MimicChest","floor":5.0,"turns":5.0},{"damage":9.0,"enemies":"Large Slime","floor":7.0,"turns":6.0},{"damage":13.0,"enemies":"3 Louse","floor":10.0,"turns":3.0},{"damage":9.0,"enemies":"hubris:Merchant","floor":11.0,"turns":11.0},{"damage":0.0,"enemies":"2 Fungi Beasts","floor":12.0,"turns":1.0},{"damage":0.0,"enemies":"Lots of Slimes","floor":13.0,"turns":2.0},{"damage":3.0,"enemies":"Fading Forest","floor":16.0,"turns":11.0},{"damage":0.0,"enemies":"2 Thieves","floor":18.0,"turns":2.0},{"damage":0.0,"enemies":"conspire:FuzzyDice","floor":21.0,"turns":3.0},{"damage":0.0,"enemies":"Centurion and Healer","floor":24.0,"turns":4.0},{"damage":0.0,"enemies":"Nightmare","floor":27.0,"turns":4.0},{"damage":0.0,"enemies":"Snake Plant","floor":29.0,"turns":3.0},{"damage":0.0,"enemies":"3 Cultists","floor":30.0,"turns":3.0},{"damage":0.0,"enemies":"Collector","floor":33.0,"turns":6.0},{"damage":0.0,"enemies":"3 Shapes","floor":35.0,"turns":4.0},{"damage":0.0,"enemies":"Orb Walker","floor":39.0,"turns":3.0},{"damage":0.0,"enemies":"R_Hoarder","floor":40.0,"turns":8.0},{"damage":0.0,"enemies":"Transient","floor":41.0,"turns":5.0},{"damage":0.0,"enemies":"Maw","floor":42.0,"turns":6.0},{"damage":0.0,"enemies":"Nemesis","floor":44.0,"turns":5.0},{"damage":0.0,"enemies":"4 Shapes","floor":45.0,"turns":4.0},{"damage":0.0,"enemies":"Mind Bloom Boss Battle","floor":46.0,"turns":7.0},{"damage":0.0,"enemies":"Giant Head","floor":47.0,"turns":13.0},{"damage":0.0,"enemies":"hubris:GrandSnecko","floor":50.0,"turns":11.0},{"damage":0.0,"enemies":"2 Louse","floor":52.0,"turns":3.0},{"damage":0.0,"enemies":"Small Slimes","floor":55.0,"turns":4.0},{"damage":0.0,"enemies":"Jaw Worm","floor":56.0,"turns":3.0},{"damage":0,"enemies":"Gremlin Nob","floor":57,"turns":3},{"damage":0,"enemies":"Large Slime","floor":59,"turns":7},{"damage":159,"enemies":"3 Sentries","floor":61,"turns":3}],"seed_played":"6027275927693663713","potions_obtained":[{"floor":2.0,"key":"Strength Potion"},{"floor":10.0,"key":"Reflective Coating"},{"floor":11.0,"key":"Block Potion"},{"floor":12.0,"key":"Adrenaline Potion"},{"floor":29.0,"key":"FairyPotion"},{"floor":47.0,"key":"Adrenaline Potion"}],"is_trial":false,"path_per_floor":["M","M","M","?","?","R","M","R","T","M","$","M","M","?","R","B",null,"M","?","$","M","AVR","R","M","?","T","NM","?","M","M","?","R","B",null,"M","?","?","?","M","E","M","M","T","E","M","?","E","AVR","R","B",null,"M","?","AVR","M","M","E","?","M","T","E"],"character_chosen":"DEFECT","items_purchased":["infinitespire:EmpoweringShard","Cables","hubris:MedicalManual","expansioncontent:YouAreMine","Hologram+1","Pet Ghost"],"campfire_rested":0,"item_purchase_floors":[0,0,0,0,0,11],"current_hp_per_floor":[67,67,63,52,48,48,39,39,39,26,17,17,17,17,17,34,65,65,65,65,65,65,65,65,65,65,65,65,65,65,65,65,65,78,78,78,47,47,47,47,47,47,47,47,47,47,47,47,47,47,72,72,72,72,72,72,72,72,72,72,24,24],"gold":3884,"neow_bonus":"","is_daily":false,"chose_seed":false,"campfire_upgraded":6,"win_rate":0.0,"timestamp":1609882982,"path_taken":["M","M","M","?","?","R","M","R","T","M","$","M","M","?","R","BOSS","M","?","$","M","AVR","R","M","?","T","NM","?","M","M","?","R","BOSS","M","?","?","?","M","E","M","?","T","E","M","?","E","AVR","R","BOSS","M","?","AVR","M","M","E","?","M","T","E"],"items_purchased_type":["Relic","Relic","Relic","Card","Card","Relic"],"build_version":"2020-12-22","purchased_purges":2,"victory":false,"max_hp_per_floor":[75,75,75,75,75,75,75,75,75,75,75,75,75,75,75,75,75,75,75,75,75,75,75,75,75,75,75,75,75,75,75,75,75,80,80,80,80,80,80,80,80,80,80,80,80,80,80,80,80,80,80,80,80,80,80,80,80,80,80,80,80,80],"card_choices":[{"not_picked":["Beam Cell","Turbo"],"picked":"Gash","floor":1.0},{"not_picked":["Self Repair","Steam"],"picked":"Capacitor","floor":2.0},{"not_picked":["FTL","Cold Snap"],"picked":"ReplayTheSpireMod:Dual Polarity","floor":3.0},{"not_picked":["Steam Power","Leap"],"picked":"Genetic Algorithm","floor":5.0},{"not_picked":["Sunder","Core Surge"],"picked":"Loop","floor":7.0},{"not_picked":["Steam","BasicCrystalCard"],"picked":"FIFO Queue","floor":10.0},{"not_picked":[],"picked":"Go for the Eyes","floor":11.0},{"not_picked":[],"picked":"Sunder","floor":11.0},{"not_picked":[],"picked":"Panic Button","floor":11.0},{"not_picked":[],"picked":"Hologram","floor":11.0},{"not_picked":[],"picked":"hubris:PowerSurge","floor":11.0},{"not_picked":[],"picked":"Mayhem","floor":11.0},{"not_picked":["Panacea"],"picked":"SKIP","floor":11.0},{"not_picked":["Storm","BootSequence"],"picked":"Conserve Battery","floor":12.0},{"not_picked":["Stack","Leap"],"picked":"Gash","floor":13.0},{"not_picked":["hubris:DoWhile","Buffer"],"picked":"Electrodynamics","floor":16.0},{"not_picked":["Go for the Eyes","Turbo"],"picked":"Redo","floor":18.0},{"not_picked":["Cold Snap+1","BasicCrystalCard"],"picked":"Gash","floor":21.0},{"not_picked":["Master of Strategy","Secret Technique"],"picked":"Panache","floor":22.0},{"not_picked":["PanicButton","Panache"],"picked":"Replay:SS_hec_2","floor":22.0},{"not_picked":["Replay:Parry","Violence"],"picked":"Discovery","floor":22.0},{"not_picked":["ReplayTheSpireMod:Dual Polarity","Stack"],"picked":"BootSequence+1","floor":24.0},{"not_picked":["Time Bomb","Panic Button+1"],"picked":"Conserve Battery","floor":27.0},{"not_picked":["Self Repair","Storm+1"],"picked":"BasicCrystalCard+1","floor":29.0},{"not_picked":["Coolheaded","Gash"],"picked":"Defragment","floor":30.0},{"not_picked":["Hyperbeam","Buffer"],"picked":"Reboot","floor":33.0},{"not_picked":["Turbo+1","Hologram+1"],"picked":"Creative AI","floor":35.0},{"not_picked":["Rebound+1","ReplayTheSpireMod:GoodbyeWorld"],"picked":"conspire:Rain","floor":37.0},{"not_picked":["Redo","Rebound+1"],"picked":"Defragment","floor":37.0},{"not_picked":["Compile Driver","Streamline"],"picked":"ReplayGash","floor":39.0},{"not_picked":["Leap","Barrage","Hyperbeam"],"picked":"SKIP","floor":40.0},{"not_picked":["Undo","Coolheaded+1"],"picked":"Crystallizer+1","floor":41.0},{"not_picked":["BasicCrystalCard+1","Barrage+1","Rebound+1"],"picked":"SKIP","floor":41.0},{"not_picked":["Cold Snap+1","Compile Driver+1"],"picked":"Loop+1","floor":42.0},{"not_picked":["Redo","conspire:SharedLibrary+1","Stack"],"picked":"SKIP","floor":42.0},{"not_picked":["Go for the Eyes","Rebound+1"],"picked":"All For One","floor":44.0},{"not_picked":["Steam+1","Coolheaded","Conserve Battery"],"picked":"SKIP","floor":45.0},{"not_picked":["Hologram","ReplaySort+1","Go for the Eyes+1"],"picked":"SKIP","floor":45.0},{"not_picked":["Rebound+1","Machine Learning","Blizzard+1"],"picked":"SKIP","floor":47.0},{"not_picked":["Conserve Battery","Stack"],"picked":"Gash","floor":52.0},{"not_picked":["Loop","Panic Button","Heatsinks"],"picked":"SKIP","floor":52.0},{"not_picked":["Conserve Battery","Go for the Eyes","conspire:SharedLibrary"],"picked":"SKIP","floor":55.0},{"not_picked":["Barrage","BasicCrystalCard","Melter"],"picked":"SKIP","floor":55.0},{"not_picked":["Beam Cell","BootSequence","Static Discharge"],"picked":"SKIP","floor":56},{"not_picked":["Barrage","Doom and Gloom","Steam Power"],"picked":"SKIP","floor":56},{"not_picked":["Stack","Compile Driver","Streamline"],"picked":"SKIP","floor":57},{"not_picked":["Ball Lightning","Gash","Compile Driver"],"picked":"SKIP","floor":59},{"not_picked":["Hologram","ReplayTheSpireMod:GoodbyeWorld","Panic Button"],"picked":"SKIP","floor":59}],"player_experience":319377,"relics_obtained":[{"floor":5.0,"key":"PreservedInsect"},{"floor":9.0,"key":"Ancient Tea Set"},{"floor":11.0,"key":"infinitespire:Lucky Rock"},{"floor":11.0,"key":"Strange Spoon"},{"floor":11.0,"key":"Bag of Preparation"},{"floor":11.0,"key":"TungstenRod"},{"floor":11.0,"key":"hubris:EmptyBottle"},{"floor":26.0,"key":"Quantum Egg"},{"floor":27.0,"key":"Replay:Bottled Steam"},{"floor":34.0,"key":"Happy Flower"},{"floor":34.0,"key":"conspire:DecoderRing"},{"floor":34.0,"key":"Durian"},{"floor":36.0,"key":"ReplayTheSpireMod:Ring of Collecting"},{"floor":36.0,"key":"Ring of Greed"},{"floor":36.0,"key":"hubris:MobiusCoin"},{"floor":36.0,"key":"Replay:Wax Seal"},{"floor":37.0,"key":"Pen Nib"},{"floor":40.0,"key":"conspire:InfiniteJournal"},{"floor":43.0,"key":"Ring of Peace"},{"floor":44.0,"key":"hubris:Metronome"},{"floor":46.0,"key":"Replay:Multitool"},{"floor":47.0,"key":"Gremlin Food"},{"floor":57,"key":"hubris:CuriousFeather"},{"floor":60,"key":"ReplayTheSpireMod:Ring of Exchange"},{"floor":60,"key":"hubris:MysteriousPyramids"}],"event_choices":[{"damage_healed":0.0,"max_hp_gain":0.0,"max_hp_loss":0.0,"gold_gain":0.0,"event_name":"betterThird:BetterGoop","player_choice":"Slimed","floor":4.0,"gold_loss":47.0,"damage_taken":11.0},{"damage_healed":0.0,"max_hp_gain":0.0,"max_hp_loss":0.0,"gold_gain":0.0,"event_name":"betterThird:BetterWriting","player_choice":"Adaptability","floor":19.0,"gold_loss":0.0,"damage_taken":0.0},{"damage_healed":0.0,"max_hp_gain":0.0,"max_hp_loss":0.0,"gold_gain":0.0,"event_name":"Ghosts","player_choice":"Ignored","floor":25.0,"gold_loss":0.0,"damage_taken":0.0},{"damage_healed":0.0,"max_hp_gain":0.0,"max_hp_loss":0.0,"gold_gain":0.0,"event_name":"Beggar","player_choice":"Ignored","floor":28.0,"gold_loss":0.0,"damage_taken":0.0},{"cards_removed":["Gash"],"damage_healed":0.0,"max_hp_gain":0.0,"max_hp_loss":0.0,"gold_gain":0.0,"event_name":"Falling","player_choice":"Removed Attack","floor":38.0,"gold_loss":0.0,"damage_taken":0.0},{"damage_healed":0.0,"max_hp_gain":0.0,"max_hp_loss":0.0,"gold_gain":0.0,"event_name":"MindBloom","player_choice":"Fight","floor":46.0,"gold_loss":0.0,"damage_taken":0.0},{"damage_healed":0.0,"max_hp_gain":0.0,"max_hp_loss":0.0,"gold_gain":0.0,"event_name":"Big Fish","player_choice":"Box","floor":53.0,"gold_loss":0.0,"damage_taken":0.0,"relics_obtained":["Boot"],"cards_obtained":["Regret"]},{"damage_healed":0,"gold_gain":0,"player_choice":"Got Potions","damage_taken":0,"max_hp_gain":0,"max_hp_loss":0,"event_name":"Lab","floor":58,"gold_loss":0}],"is_beta":false,"boss_relics":[{"not_picked":["SlaversCollar","Fusion Hammer"],"picked":"Replay:Bronze Core"},{"not_picked":["Nuclear Battery","Tiny House"],"picked":"Calling Bell"},{"not_picked":["Runic Pyramid","Cursed Key"],"picked":"Sozu"}],"items_purged_floors":[48,54],"is_endless":true,"potions_floor_spawned":[2,10,12,13,16,18,29,35,39,41,47,50,52,57],"killed_by":"3 Sentries","ascension_level":6}}