{"host":"armnliea5o2aqs4b","time":1609827426,"event":{"mods":["BaseMod","Hubris","Infinite Spire","Minty Spire (QoL Compilation)","Quick Restart","StSLib"],"gold_per_floor":[119,133,133,133,133,133,168,181,205,220,75,92,109,29,29,131,131,147,147,170,22,41,41,41,41],"floor_reached":24,"playtime":650,"items_purged":["Regret","Strike_G","Strike_G"],"score":243,"play_id":"af27311a-208f-4389-adaf-7a258127d59f","local_time":"20210105171706","is_ascension_mode":true,"campfire_choices":[{"floor":6.0,"key":"REST"},{"floor":15.0,"key":"REST"},{"floor":23,"key":"REST"}],"circlet_count":0,"master_deck":["Defend_G","Defend_G","Defend_G","Defend_G","Defend_G","Survivor","Neutralize","Backstab","infinitespire:FutureSight","hubris:Sniper","Envenom","Accuracy","Blade Dance","Envenom"],"relics":["infinitespire:DarkRift","NeowsBlessing","infinitespire:Cubic Diamond","Tiny Chest","hubris:KleinBottle","Juzu Bracelet","Dream Catcher","Empty Cage","Art of War"],"acts_visited":["Exordium","TheCity"],"potions_floor_usage":[16,16,16,22],"damage_taken":[{"damage":0.0,"enemies":"Small Slimes","floor":1.0,"turns":1.0},{"damage":0.0,"enemies":"Jaw Worm","floor":2.0,"turns":1.0},{"damage":0.0,"enemies":"Gremlin Nob","floor":7.0,"turns":1.0},{"damage":0.0,"enemies":"Cultist","floor":8.0,"turns":4.0},{"damage":13.0,"enemies":"Blue Slaver","floor":10.0,"turns":6.0},{"damage":20.0,"enemies":"3 Louse","floor":12.0,"turns":4.0},{"damage":2.0,"enemies":"Exordium Wildlife","floor":13.0,"turns":6.0},{"damage":23,"enemies":"Slime Boss","floor":16,"turns":9},{"damage":42,"enemies":"Chosen","floor":18,"turns":6},{"damage":26,"enemies":"Shell Parasite","floor":22,"turns":6},{"damage":36,"enemies":"Sentry and Sphere","floor":24,"turns":3}],"seed_played":"-4431908306588790048","potions_obtained":[{"floor":2.0,"key":"Ancient Potion"},{"floor":7.0,"key":"Swift Potion"},{"floor":8.0,"key":"LiquidMemories"},{"floor":18,"key":"DistilledChaos"}],"is_trial":false,"path_per_floor":["M","M","?","?","$","R","E","M","T","M","$","M","M","$","R","B",null,"M","?","T","$","M","R","M"],"character_chosen":"THE_SILENT","items_purchased":["hubris:KleinBottle","hubris:Sniper","Accuracy","Blade Dance","Art of War"],"campfire_rested":3,"item_purchase_floors":[5,11,14,14,21],"current_hp_per_floor":[70,70,70,70,39,60,60,60,60,47,47,27,25,25,46,33,70,35,35,35,35,9,30,0,0],"gold":41,"neow_bonus":"THREE_ENEMY_KILL","is_daily":false,"chose_seed":false,"campfire_upgraded":0,"win_rate":0.0,"timestamp":1609827426,"path_taken":["M","M","?","?","?","R","E","M","T","M","?","M","M","$","R","BOSS","M","?","?","$","M","R","M"],"items_purchased_type":["Relic","Card","Card","Card","Relic"],"build_version":"2020-12-22","purchased_purges":3,"victory":false,"max_hp_per_floor":[70,70,70,70,70,70,70,70,70,70,70,70,70,70,70,70,70,70,70,70,70,70,70,70,70],"card_choices":[{"not_picked":["Acrobatics","Escape Plan"],"picked":"Backstab","floor":1.0},{"not_picked":["Outmaneuver","Deflect","Slice"],"picked":"SKIP","floor":2.0},{"not_picked":["infinitespire:Gouge","infinitespire:TheBestDefense"],"picked":"infinitespire:FutureSight","floor":5.0},{"not_picked":["Leg Sweep","Outmaneuver","hubris:TrickCloak"],"picked":"SKIP","floor":7.0},{"not_picked":["Expertise","hubris:TrickCloak","Bane"],"picked":"SKIP","floor":8.0},{"not_picked":["Bane","Finisher","Sucker Punch"],"picked":"SKIP","floor":10.0},{"not_picked":["hubris:Counter","Dagger Spray","Choke"],"picked":"SKIP","floor":12.0},{"not_picked":["Flying Knee","Footwork"],"picked":"Envenom","floor":13.0},{"not_picked":["After Image","A Thousand Cuts"],"picked":"Envenom","floor":16},{"not_picked":["Sucker Punch","Leg Sweep+1","hubris:SlightOfHand"],"picked":"SKIP","floor":18},{"not_picked":["Backflip","Flying Knee+1","Finisher"],"picked":"SKIP","floor":22}],"player_experience":189063,"relics_obtained":[{"floor":7.0,"key":"Juzu Bracelet"},{"floor":9.0,"key":"Dream Catcher"}],"event_choices":[{"damage_healed":0.0,"max_hp_gain":0.0,"max_hp_loss":0.0,"gold_gain":0.0,"event_name":"Big Fish","player_choice":"Box","floor":4.0,"gold_loss":0.0,"damage_taken":0.0,"relics_obtained":["Tiny Chest"],"cards_obtained":["Regret"]},{"cards_removed":["Strike_G"],"damage_healed":0,"gold_gain":0,"player_choice":"Purged","damage_taken":0,"max_hp_gain":0,"max_hp_loss":0,"event_name":"Purifier","floor":19,"gold_loss":0}],"is_beta":false,"boss_relics":[{"not_picked":["Runic Dome","hubris:VirtuousBlindfold"],"picked":"Empty Cage"}],"items_purged_floors":[5,5,11],"is_endless":false,"potions_floor_spawned":[2,7,8,13,18],"killed_by":"Sentry and Sphere","ascension_level":2}}