{"host":"pbf6u3tyx46snqc7","time":1609814311,"event":{"mods":["AchievementEnabler","BaseMod","Colored Map","Minty Spire (QoL Compilation)","Rare Cards Sparkle","SuperFastMode"],"gold_per_floor":[116,130,149,167,342,342,372,372,398,417,132,82,56,68,68,163,163,177,26,26,45,65,65,65,95,95,20,420,519,549,563,563,563,563],"floor_reached":33,"playtime":1280,"items_purged":["Doubt"],"score":310,"play_id":"21f639b6-13c4-48cc-a85c-e2a78fb9d251","local_time":"20210105113831","is_ascension_mode":false,"campfire_choices":[{"data":"Zap","floor":6,"key":"SMITH"},{"floor":15,"key":"REST"},{"data":"Dualcast","floor":23,"key":"SMITH"},{"floor":32,"key":"REST"}],"circlet_count":0,"master_deck":["Strike_B","Strike_B","Defend_B","Defend_B","Defend_B","Defend_B","Zap+1","Dualcast+1","Ball Lightning","Leap","Cold Snap","Turbo","Melter","Biased Cognition","Thunder Strike","Conserve Battery","Ball Lightning","Reboot","Cold Snap","Iron Wave","Glacier+1","Redo","Cold Snap+1","Loop+1","Undo+1","Fusion+1"],"relics":["Cracked Core","MealTicket","Akabeko","Dream Catcher","Black Star","Bag of Preparation","TungstenRod","Molten Egg 2","Frozen Egg 2","Old Coin","Bottled Lightning","Kunai","Symbiotic Virus"],"acts_visited":["Exordium","TheCity"],"potions_floor_usage":[25,31],"damage_taken":[{"damage":1,"enemies":"Jaw Worm","floor":1,"turns":3},{"damage":2,"enemies":"2 Louse","floor":2,"turns":2},{"damage":0,"enemies":"Cultist","floor":3,"turns":2},{"damage":12,"enemies":"Blue Slaver","floor":4,"turns":3},{"damage":17,"enemies":"3 Sentries","floor":7,"turns":7},{"damage":0,"enemies":"Large Slime","floor":10,"turns":4},{"damage":0,"enemies":"3 Louse","floor":14,"turns":2},{"damage":50,"enemies":"Hexaghost","floor":16,"turns":9},{"damage":11,"enemies":"Spheric Guardian","floor":18,"turns":4},{"damage":9,"enemies":"Shell Parasite","floor":21,"turns":4},{"damage":12,"enemies":"Chosen and Byrds","floor":22,"turns":5},{"damage":20,"enemies":"Slavers","floor":25,"turns":9},{"damage":26,"enemies":"Colosseum Slavers","floor":28,"turns":5},{"damage":10,"enemies":"Colosseum Nobs","floor":28,"turns":6},{"damage":20,"enemies":"Book of Stabbing","floor":30,"turns":4},{"damage":0,"enemies":"Shelled Parasite and Fungi","floor":31,"turns":3},{"damage":53,"enemies":"Champ","floor":33,"turns":14}],"seed_played":"-1893817751431009942","potions_obtained":[{"floor":1,"key":"FairyPotion"},{"floor":4,"key":"EssenceOfDarkness"},{"floor":10,"key":"Regen Potion"},{"floor":18,"key":"SkillPotion"},{"floor":21,"key":"GamblersBrew"},{"floor":28,"key":"EssenceOfDarkness"}],"is_trial":true,"path_per_floor":["M","M","M","M","?","R","E","?","T","M","$","?","$","M","R","B",null,"M","$","?","M","M","R","?","E","T","?","?","?","E","M","R","B"],"character_chosen":"DEFECT","items_purchased":["Biased Cognition","Thunder Strike","Conserve Battery","Bag of Preparation"],"campfire_rested":2,"item_purchase_floors":[11,11,13,19],"current_hp_per_floor":[74,72,72,60,60,60,43,31,31,31,46,46,61,61,75,25,75,64,75,75,66,54,54,54,49,49,49,13,13,22,22,44,0,0],"gold":563,"neow_bonus":"","is_daily":false,"chose_seed":true,"campfire_upgraded":2,"win_rate":0.0,"timestamp":1609814311,"path_taken":["M","M","M","M","?","R","E","?","T","M","$","?","$","M","R","BOSS","M","$","?","M","?","R","?","E","T","?","?","?","E","M","R","BOSS"],"items_purchased_type":["Card","Card","Card","Relic"],"build_version":"2020-12-22","purchased_purges":1,"victory":false,"max_hp_per_floor":[75,75,75,75,75,75,75,75,75,75,75,75,75,75,75,75,75,75,75,75,75,75,75,75,75,75,75,75,75,75,75,75,75,75],"card_choices":[{"not_picked":["Sunder","Stack"],"picked":"Ball Lightning","floor":1},{"not_picked":["Hologram","Undo"],"picked":"Leap","floor":2},{"not_picked":["Capacitor","Fusion"],"picked":"Cold Snap","floor":3},{"not_picked":["Steam","Hologram"],"picked":"FTL","floor":4},{"not_picked":["Redo","Gash"],"picked":"Turbo","floor":7},{"not_picked":["White Noise","Static Discharge"],"picked":"Melter","floor":10},{"not_picked":["Gash","Static Discharge","Rebound"],"picked":"SKIP","floor":14},{"not_picked":["Compile Driver","Steam"],"picked":"Ball Lightning","floor":15},{"not_picked":["Rainbow","All For One"],"picked":"Reboot","floor":16},{"not_picked":["Rebound+1","Tempest"],"picked":"Cold Snap","floor":18},{"not_picked":["Stack+1","Loop"],"picked":"Glacier+1","floor":21},{"not_picked":["Stack","Static Discharge"],"picked":"Redo","floor":22},{"not_picked":["Conserve Battery","Rip and Tear+1"],"picked":"Cold Snap+1","floor":25},{"not_picked":["Multi-Cast","Barrage+1"],"picked":"Loop+1","floor":28},{"not_picked":["Sweeping Beam+1","Leap"],"picked":"Undo+1","floor":30},{"not_picked":["Turbo+1","Hello World+1"],"picked":"Fusion+1","floor":31}],"player_experience":385773,"relics_obtained":[{"floor":7,"key":"MealTicket"},{"floor":9,"key":"Dream Catcher"},{"floor":25,"key":"TungstenRod"},{"floor":25,"key":"Molten Egg 2"},{"floor":26,"key":"Frozen Egg 2"},{"floor":28,"key":"Old Coin"},{"floor":28,"key":"Bottled Lightning"},{"floor":30,"key":"Kunai"},{"floor":30,"key":"Symbiotic Virus"}],"event_choices":[{"damage_healed":0,"gold_gain":175,"player_choice":"AGREE","damage_taken":0,"max_hp_gain":0,"max_hp_loss":0,"event_name":"Liars Game","floor":5,"gold_loss":0,"cards_obtained":["Doubt"]},{"damage_healed":0,"gold_gain":0,"player_choice":"Success","damage_taken":12,"relics_obtained":["Akabeko"],"max_hp_gain":0,"max_hp_loss":0,"event_name":"Scrap Ooze","floor":8,"gold_loss":0},{"cards_removed":["Strike_B"],"damage_healed":0,"gold_gain":0,"player_choice":"Card Removal","damage_taken":0,"max_hp_gain":0,"max_hp_loss":0,"event_name":"The Cleric","floor":12,"gold_loss":50},{"cards_removed":["FTL"],"damage_healed":0,"gold_gain":0,"player_choice":"Took Card","damage_taken":0,"max_hp_gain":0,"max_hp_loss":0,"event_name":"NoteForYourself","floor":20,"gold_loss":0,"cards_obtained":["Iron Wave"]},{"damage_healed":0,"gold_gain":0,"player_choice":"Ignored","damage_taken":0,"max_hp_gain":0,"max_hp_loss":0,"event_name":"Vampires","floor":24,"gold_loss":0},{"cards_removed":["Strike_B"],"damage_healed":0,"gold_gain":0,"player_choice":"Gave Gold","damage_taken":0,"max_hp_gain":0,"max_hp_loss":0,"event_name":"Beggar","floor":27,"gold_loss":75},{"damage_healed":0,"gold_gain":0,"player_choice":"Fight","damage_taken":0,"max_hp_gain":0,"max_hp_loss":0,"event_name":"Colosseum","floor":28,"gold_loss":0},{"damage_healed":0,"gold_gain":0,"player_choice":"Fought Nobs","damage_taken":0,"max_hp_gain":0,"max_hp_loss":0,"event_name":"Colosseum","floor":28,"gold_loss":0},{"damage_healed":0,"gold_gain":99,"player_choice":"Stole From Cult","damage_taken":0,"max_hp_gain":0,"max_hp_loss":0,"event_name":"Nest","floor":29,"gold_loss":0}],"is_beta":false,"boss_relics":[{"not_picked":["Coffee Dripper","Velvet Choker"],"picked":"Black Star"}],"items_purged_floors":[11],"is_endless":false,"potions_floor_spawned":[1,4,10,14,16,18,21,28],"killed_by":"Champ","ascension_level":0}}