{"host":"37dk0reb6x0du8wx","time":1609841880,"event":{"mods":["BaseMod","Colored Map","DeckTracker","Minty Spire (QoL Compilation)","Quick Restart","StSLib"],"gold_per_floor":[114,64,74,249,249,293,317,317,317,317,340,359,206,225,225,348,348,367,43,43,43,43,43,43,43],"floor_reached":24,"playtime":574,"items_purged":["Strike_B"],"score":263,"play_id":"60e60fea-27b6-485e-b8e2-3ded0502765b","local_time":"20210105191800","is_ascension_mode":true,"campfire_choices":[{"data":"Leap","floor":8,"key":"SMITH"},{"data":"Zap","floor":10,"key":"SMITH"},{"floor":15,"key":"REST"},{"data":"Consume","floor":23,"key":"SMITH"}],"circlet_count":0,"master_deck":["Strike_B","Strike_B","Defend_B","Defend_B","Defend_B","Defend_B","Zap+1","Dualcast","Ball Lightning","Doubt","Leap+1","Conserve Battery","Consume+1"],"relics":["Cracked Core","NeowsBlessing","Golden Idol","Incense Burner","White Beast Statue","ClockworkSouvenir","Philosopher\u0027s Stone","Symbiotic Virus"],"acts_visited":["Exordium","TheCity"],"potions_floor_usage":[16,24],"damage_taken":[{"damage":0,"enemies":"Jaw Worm","floor":1,"turns":1},{"damage":0,"enemies":"2 Louse","floor":3,"turns":1},{"damage":0,"enemies":"Gremlin Nob","floor":6,"turns":1},{"damage":1,"enemies":"Cultist","floor":7,"turns":4},{"damage":11,"enemies":"Exordium Wildlife","floor":11,"turns":3},{"damage":3,"enemies":"Exordium Thugs","floor":12,"turns":4},{"damage":3,"enemies":"Blue Slaver","floor":14,"turns":3},{"damage":52,"enemies":"Hexaghost","floor":16,"turns":11},{"damage":20,"enemies":"Spheric Guardian","floor":18,"turns":5},{"damage":77,"enemies":"Slavers","floor":24,"turns":3}],"seed_played":"-4391429989301507008","potions_obtained":[{"floor":1,"key":"Weak Potion"},{"floor":6,"key":"FairyPotion"},{"floor":11,"key":"SkillPotion"},{"floor":16,"key":"Energy Potion"}],"is_trial":false,"path_per_floor":["M","?","M","?","?","E","M","R","T","R","M","M","$","M","R","B",null,"M","$","?","$","?","R","E"],"character_chosen":"DEFECT","items_purchased":["ClockworkSouvenir","Symbiotic Virus"],"campfire_rested":1,"item_purchase_floors":[13,19],"current_hp_per_floor":[75,75,75,75,69,69,68,68,68,68,57,54,54,51,69,17,69,49,49,49,49,49,49,0,0],"gold":43,"neow_bonus":"THREE_ENEMY_KILL","is_daily":false,"chose_seed":false,"campfire_upgraded":3,"win_rate":0.0,"timestamp":1609841880,"path_taken":["M","?","M","?","?","E","M","R","T","R","M","M","?","?","R","BOSS","M","$","?","?","?","R","E"],"items_purchased_type":["Relic","Relic"],"build_version":"2020-12-22","purchased_purges":1,"victory":false,"max_hp_per_floor":[75,75,75,75,69,69,69,69,69,69,69,69,69,69,69,69,69,69,69,69,69,69,69,69,69],"card_choices":[{"not_picked":["Storm","Beam Cell","Rip and Tear"],"picked":"SKIP","floor":1},{"not_picked":["Lockon","Redo"],"picked":"Ball Lightning","floor":3},{"not_picked":["FTL","Cold Snap"],"picked":"Leap","floor":6},{"not_picked":["Compile Driver","Ball Lightning","Aggregate"],"picked":"SKIP","floor":7},{"not_picked":["Sunder","Stack","FTL"],"picked":"SKIP","floor":11},{"not_picked":["White Noise","Gash","Turbo"],"picked":"SKIP","floor":12},{"not_picked":["Go for the Eyes","Aggregate","Stack"],"picked":"SKIP","floor":14},{"not_picked":["Redo","Reprogram+1"],"picked":"Conserve Battery","floor":18}],"player_experience":155942,"relics_obtained":[{"floor":6,"key":"Incense Burner"},{"floor":9,"key":"White Beast Statue"}],"event_choices":[{"cards_removed":["Strike_B"],"damage_healed":0,"gold_gain":0,"player_choice":"Card Removal","damage_taken":0,"max_hp_gain":0,"max_hp_loss":0,"event_name":"The Cleric","floor":2,"gold_loss":50},{"damage_healed":0,"gold_gain":175,"player_choice":"AGREE","damage_taken":0,"max_hp_gain":0,"max_hp_loss":0,"event_name":"Liars Game","floor":4,"gold_loss":0,"cards_obtained":["Doubt"]},{"damage_healed":0,"gold_gain":0,"player_choice":"Lose Max HP","damage_taken":0,"relics_obtained":["Golden Idol"],"max_hp_gain":0,"max_hp_loss":6,"event_name":"Golden Idol","floor":5,"gold_loss":0},{"damage_healed":0,"gold_gain":0,"player_choice":"Ignored","damage_taken":0,"max_hp_gain":0,"max_hp_loss":0,"event_name":"Ghosts","floor":20,"gold_loss":0},{"damage_healed":0,"gold_gain":0,"player_choice":"Read","damage_taken":0,"max_hp_gain":0,"max_hp_loss":0,"event_name":"The Library","floor":22,"gold_loss":0,"cards_obtained":["Consume"]}],"is_beta":false,"boss_relics":[{"not_picked":["SlaversCollar","Astrolabe"],"picked":"Philosopher\u0027s Stone"}],"items_purged_floors":[19],"is_endless":false,"potions_floor_spawned":[1,6,11,12,14,16,18],"killed_by":"Slavers","ascension_level":4}}