{"host":"3a1ypf1irl30q4k8","time":1609880218,"event":{"mods":["AchievementEnabler","BaseMod","Bestiary","Colored Map","Minty Spire (QoL Compilation)","Relic Stats"],"gold_per_floor":[160,172,172,172,15,15,49,65,65,65,65,77,92,117,117,219,219,231,278,278,278,288,320,338,338,417,417,435,190,202,25,25,127,127,137,137,152,152,168,193,208,208,208],"floor_reached":42,"playtime":4226,"items_purged":["Strike_R","Strike_R"],"score":531,"play_id":"e775096b-7d51-43dc-ab72-11b153065163","local_time":"20210105205658","is_ascension_mode":true,"campfire_choices":[{"data":"True Grit","floor":6.0,"key":"SMITH"},{"floor":11.0,"key":"REST"},{"floor":15.0,"key":"REST"},{"data":"Pummel","floor":25.0,"key":"SMITH"},{"floor":32.0,"key":"REST"}],"circlet_count":0,"master_deck":["Bash","Dark Embrace","Shockwave","True Grit+1","Armaments","Twin Strike","Pummel+1","Spot Weakness","Spot Weakness","Reaper","Havoc","True Grit+1","Offering","Power Through","Dark Shackles","Sentinel+1","Fiend Fire","Offering","Clothesline","Inflame","Evolve","Carnage","Spot Weakness","Fire Breathing","Warcry+1","Shrug It Off+1","Intimidate+1","Exhume","Parasite","Infernal Blade+1"],"relics":["Tiny House","Gambling Chip","Membership Card","Lizard Tail","Pocketwatch","NlothsMask","Kunai","Snecko Eye","Tiny Chest","Pear","Pandora\u0027s Box","Meat on the Bone","MealTicket"],"acts_visited":["Exordium","TheCity","TheBeyond"],"potions_floor_usage":[40,41],"damage_taken":[{"damage":10.0,"enemies":"Cultist","floor":1.0,"turns":4.0},{"damage":1.0,"enemies":"2 Louse","floor":2.0,"turns":4.0},{"damage":45.0,"enemies":"Lagavulin","floor":7.0,"turns":10.0},{"damage":0.0,"enemies":"Jaw Worm","floor":8.0,"turns":5.0},{"damage":1.0,"enemies":"Red Slaver","floor":12.0,"turns":7.0},{"damage":0.0,"enemies":"Large Slime","floor":13.0,"turns":7.0},{"damage":27.0,"enemies":"3 Sentries","floor":14.0,"turns":5.0},{"damage":26.0,"enemies":"Hexaghost","floor":16.0,"turns":8.0},{"damage":5.0,"enemies":"Spheric Guardian","floor":18.0,"turns":3.0},{"damage":15.0,"enemies":"Shell Parasite","floor":22.0,"turns":5.0},{"damage":61.0,"enemies":"Slavers","floor":23.0,"turns":6.0},{"damage":22.0,"enemies":"Sentry and Sphere","floor":24.0,"turns":6.0},{"damage":6.0,"enemies":"Snecko","floor":28.0,"turns":3.0},{"damage":21.0,"enemies":"Snake Plant","floor":30.0,"turns":5.0},{"damage":123.0,"enemies":"Automaton","floor":33.0,"turns":15.0},{"damage":9.0,"enemies":"3 Shapes","floor":35.0,"turns":3.0},{"damage":1,"enemies":"Orb Walker","floor":37,"turns":2},{"damage":49,"enemies":"Sphere and 2 Shapes","floor":39,"turns":4},{"damage":14,"enemies":"Giant Head","floor":40,"turns":6},{"damage":53,"enemies":"Writhing Mass","floor":41,"turns":5},{"damage":66,"enemies":"Nemesis","floor":42,"turns":7}],"seed_played":"-2069583499224712698","potions_obtained":[{"floor":0.0,"key":"Swift Potion"},{"floor":2.0,"key":"Explosive Potion"},{"floor":8.0,"key":"DuplicationPotion"},{"floor":24.0,"key":"Energy Potion"},{"floor":28.0,"key":"ElixirPotion"},{"floor":30.0,"key":"CultistPotion"},{"floor":35,"key":"SteroidPotion"},{"floor":37,"key":"Regen Potion"},{"floor":40,"key":"SneckoOil"},{"floor":41,"key":"Strength Potion"}],"is_trial":false,"path_per_floor":["M","M","?","?","$","R","E","M","T","?","R","M","M","E","R","B",null,"M","T","?","?","M","E","M","R","T","T","M","$","M","$","R","B",null,"M","T","M","?","M","E","M","E"],"character_chosen":"IRONCLAD","items_purchased":["Membership Card","Armaments","Offering","Power Through","Dark Shackles","EssenceOfSteel","Fiend Fire","FairyPotion"],"campfire_rested":3,"item_purchase_floors":[5,5,29,29,29,29,31,31],"current_hp_per_floor":[75,74,79,61,61,61,16,16,16,16,43,42,42,15,42,16,90,85,85,85,67,60,17,47,47,57,57,61,61,43,43,74,2,105,96,96,95,115,66,67,39,0,0],"gold":208,"neow_bonus":"BOSS_RELIC","is_daily":false,"chose_seed":false,"campfire_upgraded":2,"win_rate":0.0,"timestamp":1609880218,"path_taken":["M","M","?","?","$","R","E","M","T","?","R","M","M","E","R","BOSS","M","?","?","?","M","E","M","R","T","?","M","?","?","$","R","BOSS","M","?","?","?","M","E","?","E"],"items_purchased_type":["Relic","Card","Card","Card","Card","Potion","Card","Potion"],"build_version":"2020-12-22","purchased_purges":2,"victory":false,"max_hp_per_floor":[85,85,90,90,90,90,90,90,90,90,90,90,90,90,90,90,90,90,90,90,95,95,95,95,95,105,105,105,105,105,105,105,105,105,105,105,105,115,115,115,115,115,115],"relic_stats":{"Lizard Tail":47,"counters":[21,120],"Gambling Chip":[76],"Snecko Eye":[145,165,166,165],"Tiny Chest":1,"Pandora\u0027s Box":["Clothesline","Inflame","Fiend Fire","Evolve","Carnage","Spot Weakness","Fire Breathing"],"MealTicket":0,"Kunai":[10],"obtain_stats":[{"Tiny House":0,"Pear":26,"Burning Blood":0,"Lizard Tail":7,"Gambling Chip":4,"Snecko Eye":17,"Tiny Chest":23,"Pandora\u0027s Box":34,"MealTicket":40,"Membership Card":5,"Kunai":14,"Pocketwatch":9,"NlothsMask":10,"Meat on the Bone":36},{"Tiny House":0,"Pear":12,"Burning Blood":0,"Lizard Tail":3,"Gambling Chip":2,"Snecko Eye":8,"Tiny Chest":11,"Pandora\u0027s Box":15,"MealTicket":19,"Membership Card":2,"Kunai":7,"Pocketwatch":4,"NlothsMask":4,"Meat on the Bone":16},{"Tiny House":0,"Pear":70,"Burning Blood":0,"Lizard Tail":18,"Gambling Chip":8,"Snecko Eye":50,"Tiny Chest":64,"Pandora\u0027s Box":93,"MealTicket":108,"Membership Card":8,"Kunai":42,"Pocketwatch":23,"NlothsMask":23,"Meat on the Bone":96}],"Pocketwatch":[123],"Meat on the Bone":12},"card_choices":[{"not_picked":["Thunderclap","Headbutt"],"picked":"Dark Embrace","floor":0.0},{"not_picked":["Sentinel","Bloodletting"],"picked":"Shockwave","floor":1.0},{"not_picked":["Anger","Body Slam"],"picked":"True Grit","floor":2.0},{"not_picked":["Rage","Perfected Strike"],"picked":"Twin Strike","floor":7.0},{"not_picked":["Clash","Flame Barrier"],"picked":"Pummel","floor":8.0},{"not_picked":["Shockwave","Warcry"],"picked":"Spot Weakness","floor":12.0},{"not_picked":["Sword Boomerang","Rage","Heavy Blade"],"picked":"SKIP","floor":13.0},{"not_picked":["True Grit","Headbutt"],"picked":"Spot Weakness","floor":14.0},{"not_picked":["Berserk","Barricade"],"picked":"Reaper","floor":16.0},{"not_picked":["Anger+1","Headbutt"],"picked":"Havoc","floor":18.0},{"not_picked":["Twin Strike","Sentinel","Flex"],"picked":"SKIP","floor":22.0},{"not_picked":["Anger","Twin Strike"],"picked":"True Grit+1","floor":23.0},{"not_picked":["Dropkick","Entrench","Shrug It Off"],"picked":"SKIP","floor":24.0},{"not_picked":["Shrug It Off","Hemokinesis","Anger+1"],"picked":"SKIP","floor":28.0},{"not_picked":["Havoc","Shrug It Off+1"],"picked":"Sentinel+1","floor":30.0},{"not_picked":["Feed","Brutality"],"picked":"Offering","floor":33.0},{"not_picked":["Infernal Blade","Second Wind+1"],"picked":"Warcry+1","floor":35},{"not_picked":["Combust","Clothesline"],"picked":"Shrug It Off+1","floor":37},{"not_picked":["Sword Boomerang+1","Iron Wave+1"],"picked":"Intimidate+1","floor":39},{"not_picked":["Perfected Strike+1","Warcry"],"picked":"Exhume","floor":40},{"not_picked":["Headbutt","Heavy Blade"],"picked":"Infernal Blade+1","floor":41}],"player_experience":972754,"relics_obtained":[{"floor":7.0,"key":"Lizard Tail"},{"floor":9.0,"key":"Pocketwatch"},{"floor":14.0,"key":"Kunai"},{"floor":23.0,"key":"Tiny Chest"},{"floor":26.0,"key":"Pear"},{"floor":36,"key":"Meat on the Bone"},{"floor":40,"key":"MealTicket"}],"event_choices":[{"damage_healed":0.0,"max_hp_gain":5.0,"max_hp_loss":0.0,"gold_gain":0.0,"event_name":"Big Fish","player_choice":"Donut","floor":3.0,"gold_loss":0.0,"damage_taken":0.0},{"damage_healed":0.0,"max_hp_gain":0.0,"max_hp_loss":0.0,"gold_gain":0.0,"event_name":"Scrap Ooze","player_choice":"Success","floor":4.0,"gold_loss":0.0,"damage_taken":18.0,"relics_obtained":["Gambling Chip"]},{"damage_healed":0.0,"max_hp_gain":0.0,"max_hp_loss":0.0,"gold_gain":0.0,"event_name":"FaceTrader","player_choice":"Trade","floor":10.0,"gold_loss":0.0,"damage_taken":0.0,"relics_obtained":["NlothsMask"]},{"damage_healed":0.0,"max_hp_gain":0.0,"max_hp_loss":0.0,"gold_gain":0.0,"event_name":"Ghosts","player_choice":"Ignored","floor":20.0,"gold_loss":0.0,"damage_taken":0.0},{"damage_healed":0.0,"max_hp_gain":5.0,"max_hp_loss":0.0,"gold_gain":0.0,"event_name":"Forgotten Altar","player_choice":"Shed Blood","floor":21.0,"gold_loss":0.0,"damage_taken":23.0},{"cards_removed":["Fiend Fire"],"damage_healed":10,"gold_gain":0,"player_choice":"Offered Rare","damage_taken":0,"max_hp_gain":10,"max_hp_loss":0,"event_name":"Bonfire Elementals","floor":38,"gold_loss":0}],"is_beta":false,"boss_relics":[{"not_picked":["Astrolabe","Mark of Pain"],"picked":"Snecko Eye"},{"not_picked":["Velvet Choker","Runic Pyramid"],"picked":"Pandora\u0027s Box"}],"items_purged_floors":[29,31],"is_endless":false,"potions_floor_spawned":[2,8,12,24,28,30,35,37,40,41],"killed_by":"Nemesis","ascension_level":1}}