{"host":"y6h8h5dnjuludn40","time":1609825504,"event":{"mods":["BaseMod","Colored Map","Colored Powertips","Googly Eyes","Hermit","Minty Spire (QoL Compilation)","Replay The Spire","StSLib","The Construct","The Hierophant"],"gold_per_floor":[112,127,145,155,169,200,200,218,300,312,326,343,122,141,141,238,238,258,274,291,291,291,291,291,291],"floor_reached":24,"playtime":1438,"items_purged":["Strike_B"],"score":206,"play_id":"c3ecbc06-fca7-4671-a70e-d0b72e22f155","local_time":"20210104234504","is_ascension_mode":false,"campfire_choices":[{"data":"Chaos","floor":7,"key":"SMITH"},{"data":"White Noise","floor":15,"key":"SMITH"},{"data":"Fission","floor":23,"key":"SMITH"}],"circlet_count":0,"master_deck":["Strike_B","Strike_B","Strike_B","Defend_B","Defend_B","Defend_B","Defend_B","Zap+1","Dualcast","Chaos+1","White Noise+1","Conserve Battery","Consume","Coolheaded","Time Bomb","Compile Driver","Conserve Battery","Static Discharge","Auto Shields","Fission+1","Time Bomb","Redo","BasicCrystalCard","Spreading Infection"],"relics":["FrozenCore","Orichalcum","Eternal Feather","Raider\u0027s Mask","Ring of Fury"],"acts_visited":["Exordium","TheCity"],"potions_floor_usage":[4,5,6,14,16,24],"damage_taken":[{"damage":2,"enemies":"Small Slimes","floor":1,"turns":2},{"damage":0,"enemies":"2 Louse","floor":2,"turns":2},{"damage":6,"enemies":"Jaw Worm","floor":3,"turns":2},{"damage":17,"enemies":"Exordium Thugs","floor":4,"turns":4},{"damage":11,"enemies":"Exordium Wildlife","floor":5,"turns":4},{"damage":11,"enemies":"Lagavulin","floor":6,"turns":7},{"damage":0,"enemies":"2 Fungi Beasts","floor":8,"turns":2},{"damage":12,"enemies":"Lots of Slimes","floor":10,"turns":5},{"damage":4,"enemies":"Large Slime","floor":11,"turns":8},{"damage":5,"enemies":"Red Slaver","floor":12,"turns":4},{"damage":5,"enemies":"Exordium Thugs","floor":14,"turns":3},{"damage":10,"enemies":"Fading Forest","floor":16,"turns":11},{"damage":7,"enemies":"3 Byrds","floor":18,"turns":6},{"damage":6,"enemies":"Chosen","floor":19,"turns":5},{"damage":25,"enemies":"Sentry and Sphere","floor":20,"turns":6},{"damage":53,"enemies":"Gremlin Leader","floor":24,"turns":6}],"seed_played":"611591864760196935","potions_obtained":[{"floor":1,"key":"GamblersBrew"},{"floor":3,"key":"Toxic Potion"},{"floor":4,"key":"ColorlessPotion"},{"floor":11,"key":"Toxic Potion"},{"floor":14,"key":"Elixir"},{"floor":18,"key":"SkillPotion"}],"is_trial":false,"path_per_floor":["M","M","M","M","M","E","R","M","T","M","M","M","$","M","R","B",null,"M","M","M","?","?","R","E"],"character_chosen":"DEFECT","items_purchased":["Raider\u0027s Mask"],"campfire_rested":0,"item_purchase_floors":[13],"current_hp_per_floor":[73,73,67,50,39,28,28,28,28,16,12,7,7,2,11,11,75,68,62,37,37,37,49,0,0],"gold":291,"neow_bonus":"UPGRADE_CARD","is_daily":false,"chose_seed":false,"campfire_upgraded":3,"win_rate":0.0,"timestamp":1609825504,"path_taken":["M","M","M","M","M","E","R","M","T","M","M","M","$","M","R","BOSS","M","M","M","?","?","R","E"],"items_purchased_type":["Relic"],"build_version":"2020-12-22","purchased_purges":1,"victory":false,"max_hp_per_floor":[75,75,75,75,75,75,75,75,75,75,75,75,75,75,75,75,75,75,75,75,75,75,75,75,75],"card_choices":[{"not_picked":["Conserve Battery","Cold Snap"],"picked":"Chaos","floor":1},{"not_picked":["Auto Shields","Tempest"],"picked":"White Noise","floor":2},{"not_picked":["Barrage","Gash"],"picked":"Conserve Battery","floor":3},{"not_picked":["ReplayTheSpireMod:Reroute Power","Conserve Battery"],"picked":"Consume","floor":4},{"not_picked":["Compile Driver","Echo Form"],"picked":"Coolheaded","floor":5},{"not_picked":["Compile Driver","Hologram"],"picked":"Time Bomb","floor":6},{"not_picked":["ReplayTheSpireMod:Reroute Power","Sweeping Beam","ReplayTheSpireMod:GoodbyeWorld"],"picked":"SKIP","floor":8},{"not_picked":["Undo","Turbo"],"picked":"Compile Driver","floor":10},{"not_picked":["Turbo","Streamline"],"picked":"Conserve Battery","floor":11},{"not_picked":["ReplayTheSpireMod:Repulse","Conserve Battery"],"picked":"Static Discharge","floor":12},{"not_picked":["Rebound","Conserve Battery"],"picked":"Auto Shields","floor":14},{"not_picked":["Seek","Echo Form"],"picked":"Fission","floor":16},{"not_picked":["Stack","Steam"],"picked":"Time Bomb","floor":18},{"not_picked":["Reinforced Body+1","Sunder"],"picked":"Redo","floor":19},{"not_picked":["Reinforced Body","Skim"],"picked":"BasicCrystalCard","floor":20}],"player_experience":250039,"relics_obtained":[{"floor":6,"key":"Orichalcum"},{"floor":9,"key":"Eternal Feather"},{"floor":21,"key":"Ring of Fury"}],"event_choices":[{"damage_healed":0,"gold_gain":0,"player_choice":"Ignored","damage_taken":0,"max_hp_gain":0,"max_hp_loss":0,"event_name":"Ghosts","floor":22,"gold_loss":0}],"is_beta":false,"boss_relics":[{"not_picked":["Runic Pyramid","Replay:Drink Me"],"picked":"FrozenCore"}],"items_purged_floors":[13],"is_endless":false,"potions_floor_spawned":[1,3,4,11,14,18],"killed_by":"Gremlin Leader","ascension_level":0}}