{"host":"873t0y8ybyo38pfq","time":1609868974,"event":{"mods":["BaseMod","Bestiary","Colored Map","Colored Powertips","Highlight Path","Minty Spire (QoL Compilation)","Quick Restart","RNG Fix","Rare Cards Sparkle","Relic Stats","StSLib"],"gold_per_floor":[111,111,126,27,37,37,70,70,70,70,39,39,72,90,90,168,168,186,58,89,9,20,20,20],"floor_reached":23,"playtime":635,"items_purged":["Strike_B","Strike_B"],"score":444,"play_id":"10181150-ac19-482e-b60d-c956153d8738","local_time":"20210105124934","is_ascension_mode":true,"campfire_choices":[{"data":"Chaos","floor":6,"key":"SMITH"},{"data":"Dualcast","floor":8,"key":"SMITH"},{"data":"Glacier","floor":12,"key":"SMITH"},{"floor":15,"key":"REST"}],"circlet_count":0,"master_deck":["AscendersBane","Strike_B","Strike_B+1","Defend_B","Defend_B","Defend_B","Defend_B","Zap+1","Dualcast+1","Cold Snap","Conserve Battery","Leap","Chaos+1","All For One+1","Glacier+1","Ball Lightning","Hologram","Echo Form","Glacier+1","Compile Driver","Redo+1"],"relics":["Cracked Core","NeowsBlessing","Blood Vial","The Courier","Ancient Tea Set","Coffee Dripper","DollysMirror","Red Mask"],"acts_visited":["Exordium","TheCity"],"potions_floor_usage":[7,13,16],"damage_taken":[{"damage":0,"enemies":"Jaw Worm","floor":1,"turns":1},{"damage":0,"enemies":"2 Louse","floor":3,"turns":1},{"damage":0,"enemies":"Cultist","floor":5,"turns":1},{"damage":0,"enemies":"3 Sentries","floor":7,"turns":9},{"damage":34,"enemies":"Gremlin Nob","floor":13,"turns":4},{"damage":1,"enemies":"2 Fungi Beasts","floor":14,"turns":3},{"damage":27,"enemies":"Hexaghost","floor":16,"turns":10},{"damage":6,"enemies":"Spheric Guardian","floor":18,"turns":5},{"damage":30,"enemies":"Masked Bandits","floor":20,"turns":6},{"damage":0,"enemies":"2 Thieves","floor":22,"turns":4},{"damage":32,"enemies":"Book of Stabbing","floor":23,"turns":7}],"seed_played":"-8320550422637022643","potions_obtained":[{"floor":1,"key":"PowerPotion"},{"floor":3,"key":"EssenceOfSteel"},{"floor":14,"key":"FocusPotion"}],"is_trial":false,"path_per_floor":["M","?","M","$","M","R","E","R","T","?","$","R","E","M","R","B",null,"M","$","?","$","M","E"],"character_chosen":"DEFECT","items_purchased":["Leap","Glacier","DollysMirror"],"campfire_rested":1,"item_purchase_floors":[4,11,19],"current_hp_per_floor":[64,43,43,43,43,43,43,43,43,43,43,43,11,12,33,8,55,51,51,23,23,25,0,0],"gold":20,"neow_bonus":"THREE_ENEMY_KILL","is_daily":false,"chose_seed":false,"campfire_upgraded":3,"win_rate":0.0,"timestamp":1609868974,"path_taken":["M","?","M","$","?","R","E","R","T","?","$","R","E","M","R","BOSS","M","$","?","$","M","E"],"items_purchased_type":["Card","Card","Relic"],"build_version":"2020-12-22","purchased_purges":2,"victory":false,"max_hp_per_floor":[71,71,71,71,71,71,71,71,71,71,71,71,71,71,71,71,71,71,71,71,71,71,71,71],"relic_stats":{"Blood Vial":14,"counters":[11,51],"obtain_stats":[{"Blood Vial":7,"NeowsBlessing":0,"DollysMirror":19,"The Courier":9,"Coffee Dripper":17,"Red Mask":20,"Cracked Core":0,"Ancient Tea Set":13},{"Blood Vial":4,"NeowsBlessing":0,"DollysMirror":8,"The Courier":4,"Coffee Dripper":7,"Red Mask":9,"Cracked Core":0,"Ancient Tea Set":5},{"Blood Vial":12,"NeowsBlessing":0,"DollysMirror":34,"The Courier":12,"Coffee Dripper":29,"Red Mask":40,"Cracked Core":0,"Ancient Tea Set":16}]},"card_choices":[{"not_picked":["Turbo","Reprogram"],"picked":"Cold Snap","floor":1},{"not_picked":["Leap","Fusion"],"picked":"Conserve Battery","floor":3},{"not_picked":["Hologram","Gash"],"picked":"Chaos","floor":5},{"not_picked":["Barrage","Meteor Strike"],"picked":"All For One","floor":7},{"not_picked":["Conserve Battery","Turbo"],"picked":"Ball Lightning","floor":13},{"not_picked":["Barrage","Sunder"],"picked":"Hologram","floor":14},{"not_picked":["Electrodynamics","Core Surge"],"picked":"Echo Form","floor":16},{"not_picked":["Scrape","Gash+1","Rip and Tear"],"picked":"SKIP","floor":18},{"not_picked":["FTL","Hologram"],"picked":"Compile Driver","floor":20},{"not_picked":["Stack","Chill"],"picked":"Redo+1","floor":22}],"player_experience":1518505,"relics_obtained":[{"floor":7,"key":"Blood Vial"},{"floor":9,"key":"The Courier"},{"floor":13,"key":"Ancient Tea Set"},{"floor":20,"key":"Red Mask"}],"event_choices":[{"damage_healed":0,"gold_gain":0,"player_choice":"Entered Light","damage_taken":21,"max_hp_gain":0,"max_hp_loss":0,"event_name":"Shining Light","floor":2,"gold_loss":0,"cards_upgraded":["Zap","Strike_B"]},{"damage_healed":0,"gold_gain":0,"player_choice":"Grow","damage_taken":0,"max_hp_gain":0,"max_hp_loss":0,"event_name":"Living Wall","floor":10,"gold_loss":0,"cards_upgraded":["All For One"]},{"damage_healed":0,"gold_gain":0,"player_choice":"Fought Bandits","damage_taken":0,"max_hp_gain":0,"max_hp_loss":0,"event_name":"Masked Bandits","floor":20,"gold_loss":0}],"is_beta":false,"boss_relics":[{"not_picked":["Runic Pyramid","Astrolabe"],"picked":"Coffee Dripper"}],"items_purged_floors":[4,21],"is_endless":false,"potions_floor_spawned":[1,3,14],"killed_by":"Book of Stabbing","ascension_level":20}}