{"host":"9kp1xquhkkwhsiot","time":1609887649,"event":{"mods":["2.2 Compatiblity","AchievementEnabler","BaseMod","Better Note","Colored Map","Colored Powertips","Downfall","Highlight Path","Minty Spire (QoL Compilation)","Relic Stats","StSLib","Synergy Search"],"gold_per_floor":[99,114,124,224,240,253,253,282,8,21,40,40,57,71,88,189,189,39,53,53,67,80,97,150,180,127,150,75,94,94,121,137,137,137,137],"floor_reached":33,"playtime":2946,"items_purged":["hexamod:Strike"],"score":320,"play_id":"880da9e6-b0cc-4da7-a848-de9cf965b15e","local_time":"20210106000049","is_ascension_mode":false,"campfire_choices":[{"data":"hexamod:Float","floor":1,"key":"SMITH"},{"floor":12,"key":"RECALL"},{"data":"hexamod:FastForward","floor":18,"key":"SMITH"},{"data":"hexamod:EmpoweredFlame","floor":28,"key":"SMITH"}],"circlet_count":0,"master_deck":["hexamod:Strike","hexamod:Defend","hexamod:Defend","hexamod:Defend","hexamod:Defend","hexamod:Sear","hexamod:Float+1","hexamod:GhostflameInferno","hexamod:AdvancingGuard","hexamod:EmpoweredFlame+1","hexamod:VolcanoVisage","hexamod:HauntingEcho","hexamod:HauntingEcho+1","hexamod:SpectersWail+1","hexamod:SpectersWail+1","hexamod:FastForward+1","hexamod:StepThrough+1","hexamod:HexaLevel","hexamod:GhostOfSpireFuture+1","hexamod:Hexaguard","hexamod:FastForward","hexamod:StepThrough+1","hexamod:HeatShield+1","hexamod:RainOfEmbers+1"],"relics":["hexamod:SpiritBrand","Molten Egg 2","Pantograph","Membership Card","hexamod:MatchstickCase","Velvet Choker","downfall:HeartBlessingGreen","downfall:HeartBlessingRed","Darkstone Periapt","Regal Pillow","downfall:HeartBlessingBlue","CeramicFish"],"acts_visited":["Exordium","TheCity"],"potions_floor_usage":[16,16,25],"damage_taken":[{"damage":1,"enemies":"2 Louse","floor":2,"turns":2},{"damage":0,"enemies":"Cultist","floor":3,"turns":3},{"damage":0,"enemies":"Jaw Worm","floor":5,"turns":3},{"damage":1,"enemies":"Blue Slaver","floor":6,"turns":3},{"damage":17,"enemies":"Gremlin Nob","floor":8,"turns":5},{"damage":0,"enemies":"downfall:FleeingMerchant","floor":9,"turns":4},{"damage":2,"enemies":"Red Slaver","floor":10,"turns":3},{"damage":7,"enemies":"Lots of Slimes","floor":11,"turns":2},{"damage":0,"enemies":"2 Fungi Beasts","floor":13,"turns":1},{"damage":0,"enemies":"Large Slime","floor":14,"turns":2},{"damage":1,"enemies":"Blue Slaver","floor":15,"turns":3},{"damage":24,"enemies":"downfall:Ironclad","floor":16,"turns":7},{"damage":0,"enemies":"Shell Parasite","floor":19,"turns":3},{"damage":8,"enemies":"Centurion and Healer","floor":21,"turns":5},{"damage":0,"enemies":"Snecko","floor":22,"turns":4},{"damage":4,"enemies":"Sentry and Sphere","floor":23,"turns":4},{"damage":0,"enemies":"Gremlin Leader","floor":25,"turns":4},{"damage":3,"enemies":"downfall:FleeingMerchant","floor":26,"turns":4},{"damage":13,"enemies":"Snake Plant","floor":29,"turns":4},{"damage":18,"enemies":"Slavers","floor":31,"turns":4},{"damage":0,"enemies":"3 Cultists","floor":32,"turns":4},{"damage":49,"enemies":"downfall:Watcher","floor":33,"turns":8}],"seed_played":"-5323310825160355323","potions_obtained":[{"floor":6,"key":"LiquidMemories"},{"floor":8,"key":"Weak Potion"},{"floor":13,"key":"CultistPotion"},{"floor":21,"key":"Dexterity Potion"},{"floor":22,"key":"DistilledChaos"},{"floor":25,"key":"Ancient Potion"}],"is_trial":false,"path_per_floor":["R","M","M","?","M","M","T","E","$","M","M","R","M","M","M","B",null,"R","M","?","M","M","M","T","E","$","T","R","M","?","E","M","B"],"character_chosen":"THE_SPIRIT","items_purchased":["Membership Card","hexamod:MatchstickCase","hexamod:SpectersWail+1"],"campfire_rested":0,"item_purchase_floors":[9,9,9],"current_hp_per_floor":[63,62,62,62,62,61,61,44,44,42,35,35,35,35,34,35,63,63,63,63,55,55,51,51,51,48,48,58,45,37,19,19,0,0,0],"gold":137,"neow_bonus":"THREE_RARE_CARDS","is_daily":false,"chose_seed":false,"campfire_upgraded":3,"win_rate":0.0,"timestamp":1609887649,"path_taken":["R","M","M","?","M","M","T","E","$","M","M","R","M","?","M","BOSS","R","M","?","?","M","M","T","E","$","?","R","M","?","E","M","BOSS"],"items_purchased_type":["Relic","Relic","Card"],"build_version":"2020-12-22","purchased_purges":1,"victory":false,"max_hp_per_floor":[63,63,63,63,63,63,63,63,63,63,63,63,63,63,63,63,63,63,63,63,63,63,63,63,63,63,63,73,73,73,73,73,73,73,73],"relic_stats":{"Darkstone Periapt":0,"Regal Pillow":0,"counters":[22,82],"Pantograph":50,"CeramicFish":0,"obtain_stats":[{"Darkstone Periapt":25,"Regal Pillow":27,"downfall:HeartBlessingRed":18,"downfall:HeartBlessingBlue":28,"Pantograph":8,"CeramicFish":31,"Velvet Choker":17,"Molten Egg 2":7,"downfall:HeartBlessingGreen":18,"Membership Card":9,"hexamod:SpiritBrand":0,"hexamod:MatchstickCase":9},{"Darkstone Periapt":17,"Regal Pillow":18,"downfall:HeartBlessingRed":12,"downfall:HeartBlessingBlue":18,"Pantograph":5,"CeramicFish":20,"Velvet Choker":12,"Molten Egg 2":4,"downfall:HeartBlessingGreen":12,"Membership Card":6,"hexamod:SpiritBrand":0,"hexamod:MatchstickCase":6},{"Darkstone Periapt":58,"Regal Pillow":62,"downfall:HeartBlessingRed":38,"downfall:HeartBlessingBlue":62,"Pantograph":16,"CeramicFish":70,"Velvet Choker":38,"Molten Egg 2":11,"downfall:HeartBlessingGreen":38,"Membership Card":20,"hexamod:SpiritBrand":0,"hexamod:MatchstickCase":20}]},"card_choices":[{"not_picked":["hexamod:ParanormalForm","hexamod:UnleashSpirits"],"picked":"hexamod:GhostflameInferno","floor":0},{"not_picked":["hexamod:Hexaguard","hexamod:NightmareStrike"],"picked":"hexamod:AdvancingGuard","floor":2},{"not_picked":["hexamod:BurningTouch","hexamod:Again"],"picked":"hexamod:EmpoweredFlame","floor":3},{"not_picked":["hexamod:CatchUp","hexamod:FastForward"],"picked":"hexamod:VolcanoVisage","floor":5},{"not_picked":["hexamod:ChargedBarrage","hexamod:GhostLash"],"picked":"hexamod:HauntingEcho","floor":6},{"not_picked":["hexamod:WildfireWeapon","hexamod:Firestarter+1"],"picked":"hexamod:HauntingEcho+1","floor":8},{"not_picked":["hexamod:NightmareStrike+1","hexamod:HeatCrush+1","hexamod:NightmareGuise"],"picked":"SKIP","floor":9},{"not_picked":["hexamod:ShieldOfDarkness","hexamod:SpectralAdrenaline"],"picked":"hexamod:SpectersWail+1","floor":10},{"not_picked":["hexamod:GhostShield","hexamod:BurningTouch","hexamod:BacktrackSmack+1"],"picked":"SKIP","floor":11},{"not_picked":["hexamod:SpectersWail+1","hexamod:ShieldOfDarkness"],"picked":"hexamod:FastForward","floor":13},{"not_picked":["hexamod:SoulSteal","hexamod:GhostLash+1","hexamod:RetreatToShadows"],"picked":"SKIP","floor":14},{"not_picked":["hexamod:RetreatToShadows","hexamod:RainOfEmbers+1"],"picked":"hexamod:StepThrough+1","floor":15},{"not_picked":["hexamod:TurnItUp","hexamod:SixthSeal"],"picked":"hexamod:HexaLevel","floor":16},{"not_picked":["hexamod:NightmareGuise","hexamod:EtherealExpedition","hexamod:SpectersWail+1"],"picked":"SKIP","floor":19},{"not_picked":["hexamod:RainOfEmbers+1","hexamod:GhostShield"],"picked":"hexamod:Hexaguard","floor":21},{"not_picked":["hexamod:Hexaguard","hexamod:BacktrackSmack+1"],"picked":"hexamod:FastForward","floor":22},{"not_picked":["hexamod:GhostOfSpireFuture+1","hexamod:Hexaguard"],"picked":"hexamod:StepThrough+1","floor":23},{"not_picked":["hexamod:GhostLash+1","hexamod:PhantomFireball+1"],"picked":"hexamod:HeatShield+1","floor":25},{"not_picked":["hexamod:SearingWound","hexamod:SwordOfDarkness+1","hexamod:Firestarter+1"],"picked":"SKIP","floor":26},{"not_picked":["hexamod:HauntingEcho+1","hexamod:Firestarter+1"],"picked":"hexamod:RainOfEmbers+1","floor":29},{"not_picked":["hexamod:GhostLash+1","hexamod:RainOfEmbers+1","hexamod:SwordOfDarkness+1"],"picked":"SKIP","floor":31},{"not_picked":["hexamod:GhostShield","hexamod:InspiringFlames","hexamod:RecurringNightmare"],"picked":"SKIP","floor":32}],"player_experience":589768,"relics_obtained":[{"floor":7,"key":"Molten Egg 2"},{"floor":8,"key":"Pantograph"},{"floor":25,"key":"Darkstone Periapt"},{"floor":27,"key":"Regal Pillow"},{"floor":31,"key":"CeramicFish"}],"event_choices":[{"damage_healed":0,"gold_gain":0,"cards_transformed":["hexamod:Strike"],"player_choice":"Transformed","damage_taken":0,"max_hp_gain":0,"max_hp_loss":0,"event_name":"Transmorgrifier","floor":20,"gold_loss":0,"cards_obtained":["hexamod:GhostOfSpireFuture"]}],"is_beta":false,"boss_relics":[{"not_picked":["SlaversCollar","Sozu"],"picked":"Velvet Choker"}],"items_purged_floors":[26],"is_endless":false,"potions_floor_spawned":[6,8,13,14,15,21,22,25,31],"killed_by":"downfall:Watcher","ascension_level":0}}