{"host":"2q82lssse0ckn8xu","time":1609837816,"event":{"mods":["AchievementEnabler","BaseMod","Colored Map","Colored Powertips","Minty Spire (QoL Compilation)","Permanent Neow","Quick Restart","StSLib","Unceasing Turn Reminder"],"gold_per_floor":[118,293,180,198,215,249,249,275,275,295,311,344,344,358,358,462,462,481,481,128,142,142,142,171,202,202,202,202,233,233,247,247,350,350,361,583,594,606,606,606,677,677,677,677,708,12,12,22,22,22],"floor_reached":51,"playtime":3044,"items_purged":["Doubt","Doubt","Writhe"],"score":1131,"play_id":"1120f3b9-9dde-4bf3-b4d2-bfe5c13def2a","local_time":"20210105144016","is_ascension_mode":true,"campfire_choices":[{"floor":7.0,"key":"REST"},{"floor":13.0,"key":"REST"},{"data":"BattleHymn","floor":15.0,"key":"SMITH"},{"data":"Establishment","floor":23.0,"key":"SMITH"},{"floor":27.0,"key":"REST"},{"floor":32.0,"key":"REST"},{"floor":40.0,"key":"REST"},{"floor":42.0,"key":"REST"},{"floor":44.0,"key":"DIG"},{"floor":49,"key":"DIG"}],"circlet_count":0,"master_deck":["Strike_P+1","Strike_P+1","Strike_P+1","Strike_P+1","Defend_P+1","Defend_P+1","Defend_P+1","Defend_P+1","Eruption","Vigilance","WindmillStrike","Vengeance","Worship","Protect","BattleHymn+1","Conclude+1","LikeWater","Collect","Wireheading","Tantrum","Establishment+1","FlurryOfBlows","Adaptation","InnerPeace","Prostrate+1","Perseverance","Shame","Nirvana","Protect","Alpha","Protect","PathToVictory+1","Protect","LikeWater+1","Vault","MasterReality","DevaForm"],"relics":["PureWater","The Courier","Boot","InkBottle","Whetstone","Black Star","Thread and Needle","StrikeDummy","Orichalcum","Red Mask","Darkstone Periapt","Damaru","Tiny Chest","Bag of Marbles","Fusion Hammer","Blue Candle","Shovel","Mummified Hand","Molten Egg 2","Ornamental Fan","Membership Card","Blood Vial","Anchor","Bottled Lightning","Incense Burner","Bronze Scales","Lantern","Toy Ornithopter"],"acts_visited":["TheBeyond"],"potions_floor_usage":[50,50,50],"damage_taken":[{"damage":3.0,"enemies":"Small Slimes","floor":1.0,"turns":7.0},{"damage":5.0,"enemies":"Jaw Worm","floor":4.0,"turns":4.0},{"damage":10.0,"enemies":"2 Louse","floor":5.0,"turns":2.0},{"damage":31.0,"enemies":"Gremlin Nob","floor":6.0,"turns":4.0},{"damage":0.0,"enemies":"Lagavulin","floor":8.0,"turns":4.0},{"damage":7.0,"enemies":"2 Fungi Beasts","floor":10.0,"turns":4.0},{"damage":5.0,"enemies":"Exordium Thugs","floor":11.0,"turns":4.0},{"damage":20.0,"enemies":"3 Sentries","floor":12.0,"turns":5.0},{"damage":5.0,"enemies":"Blue Slaver","floor":14.0,"turns":3.0},{"damage":9.0,"enemies":"The Guardian","floor":16.0,"turns":11.0},{"damage":14.0,"enemies":"Spheric Guardian","floor":18.0,"turns":4.0},{"damage":0.0,"enemies":"Chosen","floor":21.0,"turns":3.0},{"damage":18.0,"enemies":"Book of Stabbing","floor":24.0,"turns":4.0},{"damage":23.0,"enemies":"Masked Bandits","floor":25.0,"turns":3.0},{"damage":30.0,"enemies":"Gremlin Leader","floor":29.0,"turns":4.0},{"damage":0.0,"enemies":"Centurion and Healer","floor":30.0,"turns":1.0},{"damage":0.0,"enemies":"Chosen and Byrds","floor":31.0,"turns":3.0},{"damage":25.0,"enemies":"Automaton","floor":33.0,"turns":9.0},{"damage":26.0,"enemies":"3 Shapes","floor":35.0,"turns":6.0},{"damage":4.0,"enemies":"Orb Walker","floor":37.0,"turns":5.0},{"damage":19.0,"enemies":"Spire Growth","floor":38.0,"turns":6.0},{"damage":13.0,"enemies":"Nemesis","floor":45.0,"turns":5.0},{"damage":4,"enemies":"Writhing Mass","floor":48,"turns":7},{"damage":43,"enemies":"Donu and Deca","floor":50,"turns":8}],"seed_played":"8319076330977295743","potions_obtained":[{"floor":1.0,"key":"Weak Potion"},{"floor":4.0,"key":"CultistPotion"},{"floor":14.0,"key":"Weak Potion"},{"floor":16.0,"key":"Explosive Potion"},{"floor":18.0,"key":"SmokeBomb"},{"floor":25.0,"key":"EssenceOfSteel"},{"floor":31.0,"key":"Dexterity Potion"},{"floor":37.0,"key":"SkillPotion"},{"floor":45.0,"key":"EssenceOfSteel"}],"is_trial":false,"path_per_floor":["M","?","$","M","M","E","R","E","T","M","M","E","R","M","R","B",null,"M","?","$","M","?","R","E","?","T","R","?","E","M","M","R","B",null,"M","?","M","M","?","R","T","R","T","R","E","$","T","M","R","B",null],"character_chosen":"WATCHER","items_purchased":["Vengeance","Thread and Needle","Adaptation","Membership Card","Vault","MasterReality","Blood Vial","Anchor","Bottled Lightning","Incense Burner","Bronze Scales","BlessingOfTheForge"],"campfire_rested":6,"item_purchase_floors":[3,20,20,46,46,46,46,46,46,46,46,46],"current_hp_per_floor":[76,76,76,71,61,30,55,55,55,48,43,23,48,43,43,34,73,59,59,59,59,59,59,41,18,18,43,49,19,19,19,46,21,74,48,48,44,25,54,83,83,98,98,98,85,85,85,83,83,57],"gold":22,"neow_bonus":"TWENTY_PERCENT_HP_BONUS","is_daily":false,"chose_seed":false,"campfire_upgraded":2,"win_rate":0.0,"timestamp":1609837816,"path_taken":["M","?","$","M","M","E","R","E","T","M","M","E","R","M","R","BOSS","M","?","$","M","?","R","E","?","T","R","?","E","M","M","R","BOSS","M","?","M","M","?","R","?","R","T","R","E","$","?","M","R","BOSS"],"items_purchased_type":["Card","Relic","Card","Relic","Card","Card","Relic","Relic","Relic","Relic","Relic","Potion"],"build_version":"2020-12-22","purchased_purges":3,"victory":true,"max_hp_per_floor":[86,86,86,86,86,86,86,86,86,86,86,86,86,86,86,86,86,86,86,86,86,86,86,86,86,86,86,92,92,92,92,92,92,92,92,92,92,92,98,98,98,98,98,98,98,98,98,98,98,98],"card_choices":[{"not_picked":["FollowUp","FlyingSleeves"],"picked":"WindmillStrike","floor":1.0},{"not_picked":["CutThroughFate","Weave"],"picked":"Worship","floor":4.0},{"not_picked":["EmptyBody","ClearTheMind"],"picked":"Protect","floor":5.0},{"not_picked":["SashWhip","Halt"],"picked":"BattleHymn","floor":6.0},{"not_picked":["CrushJoints","CutThroughFate"],"picked":"Conclude","floor":8.0},{"not_picked":["FlyingSleeves","Crescendo"],"picked":"LikeWater","floor":10.0},{"not_picked":["EmptyBody","Weave"],"picked":"Collect","floor":11.0},{"not_picked":["Vengeance","WaveOfTheHand"],"picked":"Wireheading","floor":12.0},{"not_picked":["Halt","ForeignInfluence"],"picked":"Tantrum","floor":14.0},{"not_picked":["Scrawl","Wish"],"picked":"Establishment","floor":16.0},{"not_picked":["CrushJoints","EmptyBody"],"picked":"FlurryOfBlows","floor":18.0},{"not_picked":["CrushJoints","JustLucky"],"picked":"InnerPeace","floor":21.0},{"not_picked":["Tantrum","Consecrate"],"picked":"Prostrate+1","floor":24.0},{"not_picked":["ClearTheMind","Omniscience"],"picked":"Perseverance","floor":25.0},{"not_picked":["ThirdEye","SashWhip"],"picked":"Nirvana","floor":29.0},{"not_picked":["Crescendo","FlurryOfBlows"],"picked":"Protect","floor":31.0},{"not_picked":["Establishment","Devotion"],"picked":"Alpha","floor":33.0},{"not_picked":["FollowUp","Collect"],"picked":"Protect","floor":35.0},{"not_picked":["SashWhip","Evaluate+1"],"picked":"PathToVictory+1","floor":37.0},{"not_picked":["CarveReality","FlyingSleeves"],"picked":"Protect","floor":38.0},{"not_picked":["FollowUp+1","PathToVictory"],"picked":"LikeWater+1","floor":45.0},{"not_picked":["Adaptation+1","Consecrate+1"],"picked":"DevaForm","floor":48}],"player_experience":616900,"relics_obtained":[{"floor":6.0,"key":"The Courier"},{"floor":8.0,"key":"Boot"},{"floor":9.0,"key":"InkBottle"},{"floor":12.0,"key":"Whetstone"},{"floor":24.0,"key":"StrikeDummy"},{"floor":24.0,"key":"Orichalcum"},{"floor":25.0,"key":"Red Mask"},{"floor":26.0,"key":"Darkstone Periapt"},{"floor":29.0,"key":"Tiny Chest"},{"floor":29.0,"key":"Bag of Marbles"},{"floor":41.0,"key":"Blue Candle"},{"floor":43.0,"key":"Shovel"},{"floor":44.0,"key":"Mummified Hand"},{"floor":45.0,"key":"Molten Egg 2"},{"floor":45.0,"key":"Ornamental Fan"},{"floor":47.0,"key":"Lantern"},{"floor":49,"key":"Toy Ornithopter"}],"event_choices":[{"damage_healed":0.0,"max_hp_gain":0.0,"max_hp_loss":0.0,"gold_gain":175.0,"event_name":"Liars Game","player_choice":"AGREE","floor":2.0,"gold_loss":0.0,"damage_taken":0.0,"cards_obtained":["Doubt"]},{"damage_healed":0.0,"max_hp_gain":0.0,"max_hp_loss":0.0,"gold_gain":0.0,"event_name":"Vampires","player_choice":"Ignored","floor":19.0,"gold_loss":0.0,"damage_taken":0.0},{"damage_healed":0.0,"max_hp_gain":0.0,"max_hp_loss":0.0,"gold_gain":0.0,"event_name":"Back to Basics","player_choice":"Simplicity","floor":22.0,"gold_loss":0.0,"damage_taken":0.0,"cards_upgraded":["Strike_P","Strike_P","Strike_P","Defend_P","Defend_P","Defend_P","Defend_P"]},{"damage_healed":0.0,"max_hp_gain":0.0,"max_hp_loss":0.0,"gold_gain":0.0,"event_name":"Masked Bandits","player_choice":"Fought Bandits","floor":25.0,"gold_loss":0.0,"damage_taken":0.0},{"damage_healed":0.0,"max_hp_gain":0.0,"max_hp_loss":0.0,"gold_gain":0.0,"event_name":"Addict","player_choice":"Stole Relic","floor":28.0,"gold_loss":0.0,"damage_taken":0.0,"relics_obtained":["Damaru"],"cards_obtained":["Shame"]},{"damage_healed":0.0,"max_hp_gain":0.0,"max_hp_loss":0.0,"gold_gain":222.0,"event_name":"Tomb of Lord Red Mask","player_choice":"Wore Mask","floor":36.0,"gold_loss":0.0,"damage_taken":0.0},{"damage_healed":23.0,"max_hp_gain":0.0,"max_hp_loss":0.0,"gold_gain":0.0,"event_name":"Winding Halls","player_choice":"Writhe","floor":39.0,"gold_loss":0.0,"damage_taken":0.0,"cards_obtained":["Writhe"]}],"is_beta":false,"boss_relics":[{"not_picked":["Tiny House","Pandora\u0027s Box"],"picked":"Black Star"},{"not_picked":["SacredBark","Empty Cage"],"picked":"Fusion Hammer"}],"items_purged_floors":[3,20,46],"is_endless":false,"potions_floor_spawned":[1,4,14,16,18,25,30,31,37,45],"ascension_level":7}}