{"host":"7gewg82ormp6yt4e","time":1609857534,"event":{"mods":["BaseMod","Block Reminder","Colored Map","Colored Powertips","DeckTracker","Highlight Path","Minty Spire (QoL Compilation)","Relic Stats","StSLib","ojb\u0027s Info Mod"],"gold_per_floor":[114,133,144,43,55,55,83,83,107,107,107,142,153,184,184,260,260,277,293,6,6,6,6,21,21,21,21,21],"floor_reached":27,"playtime":890,"items_purged":["Strike_B"],"score":537,"play_id":"5c60a7f6-7d15-42be-bd7a-81ab947122f2","local_time":"20210105233854","is_ascension_mode":true,"campfire_choices":[{"data":"Madness","floor":6,"key":"SMITH"},{"data":"The Bomb","floor":8,"key":"SMITH"},{"floor":10,"key":"REST"},{"data":"Hologram","floor":15,"key":"SMITH"},{"floor":23,"key":"REST"}],"circlet_count":0,"master_deck":["AscendersBane","Defend_B+1","Defend_B","Defend_B","Defend_B","Zap","Dualcast","The Bomb+1","Doom and Gloom","Hologram+1","Aggregate","Madness+1","Chill","Doom and Gloom","Beam Cell","Rebound","Hologram+1","Reboot","Coolheaded+1","Reinforced Body+1","Bite","Bite","Bite","Bite","Bite"],"relics":["Cracked Core","War Paint","DataDisk","Oddly Smooth Stone","Darkstone Periapt","Runic Pyramid","Membership Card","Regal Pillow"],"acts_visited":["Exordium","TheCity"],"potions_floor_usage":[24,24],"damage_taken":[{"damage":1,"enemies":"Cultist","floor":1,"turns":3},{"damage":7,"enemies":"Small Slimes","floor":2,"turns":3},{"damage":7,"enemies":"Jaw Worm","floor":3,"turns":3},{"damage":9,"enemies":"Large Slime","floor":5,"turns":3},{"damage":15,"enemies":"3 Sentries","floor":7,"turns":3},{"damage":0,"enemies":"Lagavulin","floor":12,"turns":4},{"damage":0,"enemies":"Exordium Wildlife","floor":13,"turns":2},{"damage":3,"enemies":"3 Sentries","floor":14,"turns":4},{"damage":29,"enemies":"Slime Boss","floor":16,"turns":6},{"damage":27,"enemies":"Shell Parasite","floor":18,"turns":4},{"damage":16,"enemies":"2 Thieves","floor":19,"turns":3},{"damage":21,"enemies":"Shelled Parasite and Fungi","floor":24,"turns":5},{"damage":20,"enemies":"Slavers","floor":27,"turns":1}],"seed_played":"-7721942831153473430","potions_obtained":[{"floor":1,"key":"EssenceOfSteel"},{"floor":2,"key":"Weak Potion"},{"floor":3,"key":"Explosive Potion"},{"floor":13,"key":"Explosive Potion"},{"floor":24,"key":"PotionOfCapacity"}],"is_trial":false,"path_per_floor":["M","M","M","$","M","R","E","R","T","R","?","E","M","E","R","B",null,"M","M","$","?","$","R","M","?","T","E"],"character_chosen":"DEFECT","items_purchased":["Madness","Membership Card","Regal Pillow"],"campfire_rested":2,"item_purchase_floors":[4,20,20],"current_hp_per_floor":[63,56,49,49,40,40,25,25,25,44,44,44,44,41,41,12,51,24,8,8,8,8,36,21,11,11,0,0],"gold":21,"neow_bonus":"RANDOM_COLORLESS_2","is_daily":false,"chose_seed":false,"campfire_upgraded":3,"win_rate":0.0,"timestamp":1609857534,"path_taken":["M","M","M","?","M","R","E","R","T","R","?","E","M","E","R","BOSS","M","?","$","?","$","R","M","?","T","E"],"items_purchased_type":["Card","Relic","Relic"],"build_version":"2020-12-22","purchased_purges":1,"victory":false,"max_hp_per_floor":[64,64,64,64,64,64,64,64,64,64,64,64,64,64,64,64,64,64,64,64,44,44,44,44,49,49,49,49],"relic_stats":{"Darkstone Periapt":0,"Regal Pillow":15,"counters":[13,44],"War Paint":["Hologram","Defend_B"],"obtain_stats":[{"Darkstone Periapt":14,"DataDisk":9,"Regal Pillow":20,"Oddly Smooth Stone":12,"Membership Card":20,"War Paint":7,"Cracked Core":0,"Runic Pyramid":17},{"Darkstone Periapt":8,"DataDisk":5,"Regal Pillow":11,"Oddly Smooth Stone":6,"Membership Card":11,"War Paint":5,"Cracked Core":0,"Runic Pyramid":9},{"Darkstone Periapt":25,"DataDisk":15,"Regal Pillow":38,"Oddly Smooth Stone":19,"Membership Card":38,"War Paint":15,"Cracked Core":0,"Runic Pyramid":31}]},"card_choices":[{"not_picked":["Magnetism","Mayhem"],"picked":"The Bomb","floor":0},{"not_picked":["Auto Shields","Streamline"],"picked":"Doom and Gloom","floor":1},{"not_picked":["Beam Cell","Undo"],"picked":"Hologram","floor":2},{"not_picked":["Beam Cell","Go for the Eyes"],"picked":"Aggregate","floor":3},{"not_picked":["Blizzard","Streamline"],"picked":"Chill","floor":5},{"not_picked":["Compile Driver","Auto Shields"],"picked":"Doom and Gloom","floor":7},{"not_picked":["Barrage","Streamline"],"picked":"Rebound","floor":12},{"not_picked":["Ball Lightning","Streamline","Gash"],"picked":"SKIP","floor":13},{"not_picked":["Sunder","White Noise"],"picked":"Hologram","floor":14},{"not_picked":["Buffer","Rainbow"],"picked":"Reboot","floor":16},{"not_picked":["Heatsinks","Gash"],"picked":"Coolheaded+1","floor":18},{"not_picked":["Skim","Steam Power"],"picked":"Reinforced Body+1","floor":19},{"not_picked":["Doom and Gloom","White Noise","Beam Cell"],"picked":"SKIP","floor":24}],"player_experience":2477030,"relics_obtained":[{"floor":7,"key":"War Paint"},{"floor":9,"key":"DataDisk"},{"floor":12,"key":"Oddly Smooth Stone"},{"floor":14,"key":"Darkstone Periapt"}],"event_choices":[{"damage_healed":0,"gold_gain":0,"player_choice":"1 cards matched","damage_taken":0,"max_hp_gain":0,"max_hp_loss":0,"event_name":"Match and Keep!","floor":11,"gold_loss":0,"cards_obtained":["Beam Cell"]},{"damage_healed":0,"gold_gain":0,"player_choice":"Became a vampire","damage_taken":0,"max_hp_gain":0,"max_hp_loss":20,"event_name":"Vampires","floor":21,"gold_loss":0,"cards_obtained":["Bite","Bite","Bite","Bite","Bite"]},{"damage_healed":0,"gold_gain":0,"player_choice":"Shed Blood","damage_taken":15,"max_hp_gain":5,"max_hp_loss":0,"event_name":"Forgotten Altar","floor":25,"gold_loss":0}],"is_beta":false,"boss_relics":[{"not_picked":["Astrolabe","Busted Crown"],"picked":"Runic Pyramid"}],"items_purged_floors":[20],"is_endless":false,"potions_floor_spawned":[1,2,3,13,16,24],"killed_by":"Slavers","ascension_level":20}}