{"host":"34w8p723gpcx9kua","time":1609889894,"event":{"mods":["100% Spire Juice","AchievementEnabler","Act Like it!","BaseMod","Bestiary","ChefMod","Colored Map","Colored Powertips","Evolution","Googly Eyes","Hallownest","Minty Spire (QoL Compilation)","Prisma Mod","StSLib","The IronCluck","The Marked","Yakumo Yukari mod"],"gold_per_floor":[116,116,65,258,268,310,343,343,366,393,425,452,424,472,484,621,633,660,721,10,10,35,35,59,59,111,276,312,337,357,381,381,506,506,521,535,535,535,535,535],"floor_reached":39,"playtime":9700,"items_purged":["PrismaMod:ChloeCommonAttack"],"score":484,"play_id":"32b7c240-97ba-4661-8bbc-0bdfdad46462","local_time":"20210105233814","is_ascension_mode":false,"campfire_choices":[{"floor":15,"key":"REST"},{"data":"Apotheosis","floor":23,"key":"SMITH"},{"floor":25,"key":"REST"},{"floor":32,"key":"REST"}],"circlet_count":0,"master_deck":["PrismaMod:ChloeCommonAttack","PrismaMod:ChloeCommonDefend","PrismaMod:ChloeCommonDefend","PrismaMod:ChloeCommonDefend","PrismaMod:ChloeCommonDefend","PrismaMod:ChloeCommonDefend","PrismaMod:ChloeCheapAttack","PrismaMod:ChloeCheapDefend","PrismaMod:ChloeCheapAttackTwo","PrismaMod:ChloeAnySkillTrace","PrismaMod:ChloeCheapAttack","PrismaMod:ChloeExcalibur","PrismaMod:ChloeMordred","PrismaMod:ChloeCheapDefend","PrismaMod:ChloeRhongomyniad","PrismaMod:ChloeCaladbolg","PrismaMod:ChloeCheapDefend","PrismaMod:ChloeDevil","PrismaMod:ChloeAnyCommonTrace","PrismaMod:ChloeCaladbolg","Apotheosis+1","PrismaMod:ChloeDiscardRecovery","PrismaMod:ChloeCheapDefendTwo+1","PrismaMod:ChloeGreatTracePools","PrismaMod:ChloeUncommonAttack+1","PrismaMod:ChloeExhaustOne+1","PrismaMod:ChloeGaeBolg+1"],"relics":["PrismaMod:PrismaTraceOn","EVO:Axolotl","Golden Idol","MawBank","Oddly Smooth Stone","Philosopher\u0027s Stone","Pear","Medical Kit","Potion Belt","Centennial Puzzle","Juzu Bracelet","Astrolabe"],"acts_visited":["Exordium","TheCity","TheBeyond"],"potions_floor_usage":[7,7,10,14,14,14,14,16,16,16,16,18,19,22,30,33,39],"damage_taken":[{"damage":3,"enemies":"2 Louse","floor":1,"turns":4},{"damage":6,"enemies":"Cultist","floor":4,"turns":9},{"damage":2,"enemies":"Jaw Worm","floor":5,"turns":5},{"damage":4,"enemies":"Large Slime","floor":6,"turns":10},{"damage":0,"enemies":"Exordium Thugs","floor":7,"turns":3},{"damage":7,"enemies":"2 Fungi Beasts","floor":10,"turns":3},{"damage":7,"enemies":"Lots of Slimes","floor":11,"turns":8},{"damage":18,"enemies":"Exordium Thugs","floor":12,"turns":7},{"damage":0,"enemies":"3 Sentries","floor":14,"turns":3},{"damage":18,"enemies":"Hexaghost","floor":16,"turns":8},{"damage":1,"enemies":"3 Byrds","floor":18,"turns":4},{"damage":9,"enemies":"Shell Parasite","floor":19,"turns":5},{"damage":29,"enemies":"Sentry and Sphere","floor":22,"turns":5},{"damage":0,"enemies":"Snecko","floor":24,"turns":4},{"damage":10,"enemies":"Shelled Parasite and Fungi","floor":27,"turns":25},{"damage":20,"enemies":"Gremlin Leader","floor":28,"turns":6},{"damage":33,"enemies":"Chosen and Byrds","floor":30,"turns":5},{"damage":14,"enemies":"Snake Plant","floor":31,"turns":5},{"damage":11,"enemies":"Champ","floor":33,"turns":9},{"damage":0,"enemies":"Orb Walker","floor":35,"turns":2},{"damage":48,"enemies":"3 Darklings","floor":36,"turns":7},{"damage":114,"enemies":"Awakened One","floor":39,"turns":10}],"seed_played":"-6642008709890698449","potions_obtained":[{"floor":1,"key":"Fire Potion"},{"floor":6,"key":"ColorlessPotion"},{"floor":7,"key":"Regen Potion"},{"floor":10,"key":"Dexterity Potion"},{"floor":12,"key":"EntropicBrew"},{"floor":13,"key":"EntropicBrew"},{"floor":16,"key":"AttackPotion"},{"floor":18,"key":"Strength Potion"},{"floor":19,"key":"SpeedPotion"},{"floor":28,"key":"Ancient Potion"},{"floor":31,"key":"Explosive Potion"},{"floor":36,"key":"Regen Potion"}],"is_trial":false,"path_per_floor":["M","?","$","M","M","M","M","?","T","M","M","M","?","E","R","B",null,"M","M","$","?","M","R","M","R","T","M","E","T","M","M","R","B",null,"M","M","?","?","B"],"character_chosen":"CHLOE","items_purchased":["PrismaMod:ChloeCheapAttack","Apotheosis","PrismaMod:ChloeBetterTracePools","Pear","Medical Kit"],"campfire_rested":3,"item_purchase_floors":[3,20,20,20,20],"current_hp_per_floor":[72,72,72,66,64,73,73,55,55,53,46,40,40,40,62,49,75,74,67,77,77,50,50,50,75,75,85,74,74,43,38,63,56,85,85,41,95,95,0,0],"gold":535,"neow_bonus":"REMOVE_CARD","is_daily":false,"chose_seed":false,"campfire_upgraded":1,"win_rate":0.0,"timestamp":1609889894,"path_taken":["M","?","$","?","M","M","M","?","T","M","M","M","?","E","R","BOSS","M","M","$","?","M","R","M","R","T","M","E","?","M","M","R","BOSS","M","M","?","?","BOSS"],"items_purchased_type":["Card","Card","Card","Relic","Relic"],"build_version":"2020-12-22","purchased_purges":1,"victory":false,"max_hp_per_floor":[75,75,75,75,75,75,75,75,75,75,75,75,75,75,75,75,75,75,75,85,85,85,85,85,85,85,85,85,85,85,85,85,85,85,85,85,95,95,95,95],"card_choices":[{"not_picked":["PrismaMod:ChloeBetterTracePools","PrismaMod:ChloeRhongomyniad"],"picked":"PrismaMod:ChloeCheapAttackTwo","floor":1},{"not_picked":["PrismaMod:ChloeCheapAttack","PrismaMod:ChloeGaeBolg"],"picked":"PrismaMod:ChloeExcalibur","floor":4},{"not_picked":["PrismaMod:ChloeCheapAttackTwo","PrismaMod:ChloeDiscardRecovery"],"picked":"PrismaMod:ChloeMordred","floor":5},{"not_picked":["PrismaMod:ChloeBetterTracePools","PrismaMod:ChloeCheapDefend","PrismaMod:ChloeDiscardRecovery"],"picked":"SKIP","floor":6},{"not_picked":["PrismaMod:ChloeUncommonDefend","PrismaMod:ChloeCommonAOEAttack"],"picked":"PrismaMod:ChloeCheapDefend","floor":7},{"not_picked":["PrismaMod:ChloeExhaustOne","PrismaMod:ChloeCheapDefend"],"picked":"PrismaMod:ChloeRhongomyniad","floor":10},{"not_picked":["PrismaMod:ChloeCheapAttackTwo","PrismaMod:ChloeExhaustTwo"],"picked":"PrismaMod:ChloeCaladbolg","floor":11},{"not_picked":["PrismaMod:ChloeExhaustOne","PrismaMod:ChloeEyeOfTheEuryale"],"picked":"PrismaMod:ChloeCheapDefend","floor":12},{"not_picked":["PrismaMod:ChloeExhaustOne","PrismaMod:ChloeCheapAttackTwo"],"picked":"PrismaMod:ChloeDevil","floor":14},{"not_picked":["PrismaMod:ChloeHalloween","PrismaMod:ChloeReshuffleDiscard"],"picked":"PrismaMod:ChloeAnyCommonTrace","floor":16},{"not_picked":["PrismaMod:ChloeCommonAOEAttack","PrismaMod:ChloeChristmas","PrismaMod:ChloeExcalibur"],"picked":"SKIP","floor":18},{"not_picked":["PrismaMod:ChloeRuleBreaker","PrismaMod:ChloeCheapDefend"],"picked":"PrismaMod:ChloeCaladbolg","floor":19},{"not_picked":["PrismaMod:ChloeCheapAttack+1","PrismaMod:ChloeDiscardRecovery"],"picked":"PrismaMod:ChloeCheapDefendTwo+1","floor":22},{"not_picked":["PrismaMod:ChloeCheapDefendTwo","PrismaMod:ChloeCheapDefend","PrismaMod:ChloeUncommonDefend+1"],"picked":"SKIP","floor":24},{"not_picked":["PrismaMod:ChloeExhaustOne","PrismaMod:ChloeCheapAttackTwo+1","PrismaMod:ChloeChristmas"],"picked":"SKIP","floor":27},{"not_picked":["PrismaMod:ChloeCheapDefendTwo","PrismaMod:ChloeCheapAttackTwo+1","PrismaMod:ChloeCheapAttack"],"picked":"SKIP","floor":28},{"not_picked":["PrismaMod:ChloeDiscardRecovery","PrismaMod:ChloeCommonAOEAttack"],"picked":"PrismaMod:ChloeEyeOfTheEuryale","floor":30},{"not_picked":["PrismaMod:ChloeHalloween","PrismaMod:ChloeCheapAttack","PrismaMod:ChloeDiscardRecovery"],"picked":"SKIP","floor":31},{"not_picked":["PrismaMod:ChloeCarnivalAOEAttack","PrismaMod:ChloeExhaustThree"],"picked":"PrismaMod:ChloeGreatTracePools","floor":33},{"not_picked":["PrismaMod:ChloeMaid","PrismaMod:ChloeCommonAOEAttack+1","PrismaMod:ChloeUncommonAttack"],"picked":"SKIP","floor":35},{"not_picked":["PrismaMod:ChloeDiscardRecovery","PrismaMod:ChloeCheapAttack+1"],"picked":"PrismaMod:ChloeGaeBolg+1","floor":36}],"player_experience":40326,"relics_obtained":[{"floor":9,"key":"MawBank"},{"floor":14,"key":"Oddly Smooth Stone"},{"floor":26,"key":"Potion Belt"},{"floor":28,"key":"Centennial Puzzle"},{"floor":29,"key":"Juzu Bracelet"}],"event_choices":[{"damage_healed":0,"gold_gain":0,"cards_transformed":["PrismaMod:ChloeCommonAttack"],"player_choice":"Transformed","damage_taken":0,"max_hp_gain":0,"max_hp_loss":0,"event_name":"Transmorgrifier","floor":2,"gold_loss":0,"cards_obtained":["PrismaMod:ChloeAnySkillTrace"]},{"damage_healed":0,"gold_gain":0,"player_choice":"Take Damage","damage_taken":18,"relics_obtained":["Golden Idol"],"max_hp_gain":0,"max_hp_loss":0,"event_name":"Golden Idol","floor":8,"gold_loss":0},{"damage_healed":0,"gold_gain":0,"player_choice":"Bought 3 Potions","damage_taken":0,"max_hp_gain":0,"max_hp_loss":0,"event_name":"The Woman in Blue","floor":13,"gold_loss":0},{"damage_healed":0,"gold_gain":0,"player_choice":"Read","damage_taken":0,"max_hp_gain":0,"max_hp_loss":0,"event_name":"The Library","floor":21,"gold_loss":0,"cards_obtained":["PrismaMod:ChloeDiscardRecovery"]},{"cards_removed":["PrismaMod:ChloeExhaustThree"],"damage_healed":44,"gold_gain":0,"player_choice":"Offered Rare","damage_taken":0,"max_hp_gain":10,"max_hp_loss":0,"event_name":"Bonfire Elementals","floor":37,"gold_loss":0},{"damage_healed":0,"gold_gain":0,"player_choice":"Took Portal","damage_taken":0,"max_hp_gain":0,"max_hp_loss":0,"event_name":"SecretPortal","floor":38,"gold_loss":0}],"is_beta":false,"boss_relics":[{"not_picked":["Calling Bell","Tiny House"],"picked":"Philosopher\u0027s Stone"},{"not_picked":["Runic Dome","Velvet Choker"],"picked":"Astrolabe"}],"items_purged_floors":[20],"is_endless":false,"potions_floor_spawned":[1,6,7,10,12,16,18,19,28,31,36],"killed_by":"Awakened One","ascension_level":0}}