{"host":"Kdaddybrian","time":1609888917,"event":{"mods":["AchievementEnabler","BaseMod","Bestiary","Colored Powertips","Minty Spire (QoL Compilation)","Potion Indicator Mod","Quick Restart","Rare Cards Sparkle","Relic Stats","StSLib","Uncapped"],"gold_per_floor":[121,140,161,345,345,345,388,413,440,463,31,31,31,74,74,185,185,207,232,157,72,91,91,126,126,126],"floor_reached":25,"playtime":1015,"items_purged":[],"score":347,"play_id":"f7277624-8738-4651-9ece-c514494fd134","local_time":"20210105182157","is_ascension_mode":true,"campfire_choices":[{"data":"Inflame","floor":6,"key":"SMITH"},{"floor":13,"key":"REST"},{"floor":15,"key":"REST"},{"data":"Limit Break","floor":23,"key":"SMITH"}],"circlet_count":0,"master_deck":["AscendersBane","Strike_R","Strike_R+1","Strike_R","Strike_R","Defend_R","Defend_R+1","Defend_R","Defend_R","Bash+1","Shockwave","Inflame+1","Feel No Pain","Heavy Blade","Havoc","Anger","Fiend Fire","Feel No Pain+1","Disarm","Limit Break+1","Flame Barrier","Sentinel","Clothesline","Limit Break"],"relics":["Burning Blood","CeramicFish","Blood Vial","Whetstone","OrangePellets","Bag of Preparation","Sozu","Pear","Calipers"],"acts_visited":["Exordium","TheCity"],"potions_floor_usage":[7,16,24],"damage_taken":[{"damage":15,"enemies":"2 Louse","floor":1,"turns":3},{"damage":7,"enemies":"Jaw Worm","floor":2,"turns":4},{"damage":4,"enemies":"Small Slimes","floor":3,"turns":4},{"damage":49,"enemies":"Lagavulin","floor":7,"turns":8},{"damage":9,"enemies":"Exordium Wildlife","floor":8,"turns":5},{"damage":7,"enemies":"Looter","floor":10,"turns":3},{"damage":16,"enemies":"Gremlin Nob","floor":14,"turns":4},{"damage":23,"enemies":"Slime Boss","floor":16,"turns":10},{"damage":25,"enemies":"Spheric Guardian","floor":18,"turns":4},{"damage":0,"enemies":"3 Byrds","floor":19,"turns":3},{"damage":13,"enemies":"Shelled Parasite and Fungi","floor":22,"turns":6},{"damage":55,"enemies":"Slavers","floor":24,"turns":7},{"damage":23,"enemies":"Sentry and Sphere","floor":25,"turns":3}],"seed_played":"2077939693104541181","potions_obtained":[{"floor":1,"key":"Energy Potion"},{"floor":16,"key":"Weak Potion"}],"is_trial":false,"path_per_floor":["M","M","M","?","?","R","E","M","T","M","$","?","R","E","R","B",null,"M","M","?","?","M","R","E","M"],"character_chosen":"IRONCLAD","items_purchased":["Fiend Fire","OrangePellets","Feel No Pain","GamblersBrew"],"campfire_rested":2,"item_purchase_floors":[11,11,11,11],"current_hp_per_floor":[63,62,64,64,64,64,21,20,20,21,21,5,29,21,45,30,68,51,59,59,69,64,64,17,0,0],"gold":126,"neow_bonus":"RANDOM_COMMON_RELIC","is_daily":false,"chose_seed":false,"campfire_upgraded":2,"win_rate":0.0,"timestamp":1609888917,"path_taken":["M","M","M","?","?","R","E","M","T","M","$","?","R","E","R","BOSS","M","M","?","?","M","R","E","M"],"items_purchased_type":["Card","Relic","Card","Potion"],"build_version":"2020-12-18","purchased_purges":0,"victory":false,"max_hp_per_floor":[80,80,80,80,80,80,80,80,80,80,80,80,80,80,80,80,80,80,80,80,90,90,90,90,90,90],"relic_stats":{"Blood Vial":18,"Sozu":2,"OrangePellets":[2],"counters":[13,64],"CeramicFish":135,"Bag of Preparation":[12],"Whetstone":["Bash","Strike_R"],"obtain_stats":[{"Blood Vial":7,"Sozu":17,"OrangePellets":11,"Pear":21,"Calipers":24,"CeramicFish":0,"Bag of Preparation":14,"Whetstone":9,"Burning Blood":0},{"Blood Vial":4,"Sozu":8,"OrangePellets":6,"Pear":10,"Calipers":12,"CeramicFish":0,"Bag of Preparation":7,"Whetstone":5,"Burning Blood":0},{"Blood Vial":19,"Sozu":41,"OrangePellets":27,"Pear":48,"Calipers":61,"CeramicFish":0,"Bag of Preparation":31,"Whetstone":24,"Burning Blood":0}],"Burning Blood":72},"card_choices":[{"not_picked":["Dropkick","Power Through"],"picked":"Shockwave","floor":1},{"not_picked":["Wild Strike","Sword Boomerang"],"picked":"Inflame","floor":2},{"not_picked":["Seeing Red","Bloodletting"],"picked":"Feel No Pain","floor":3},{"not_picked":["Headbutt","Body Slam"],"picked":"Heavy Blade","floor":7},{"not_picked":["Body Slam","Warcry"],"picked":"Havoc","floor":8},{"not_picked":["Heavy Blade","Cleave"],"picked":"Anger","floor":10},{"not_picked":["Berserk","Pommel Strike"],"picked":"Disarm","floor":14},{"not_picked":["Double Tap","Impervious"],"picked":"Limit Break","floor":16},{"not_picked":["Hemokinesis","Reckless Charge"],"picked":"Flame Barrier","floor":18},{"not_picked":["Thunderclap","Havoc"],"picked":"Sentinel","floor":19},{"not_picked":["Intimidate","Heavy Blade"],"picked":"Clothesline","floor":22},{"not_picked":["Clothesline","Twin Strike"],"picked":"Limit Break","floor":24}],"player_experience":2936362,"relics_obtained":[{"floor":7,"key":"Blood Vial"},{"floor":9,"key":"Whetstone"},{"floor":14,"key":"Bag of Preparation"},{"floor":24,"key":"Calipers"}],"event_choices":[{"damage_healed":0,"gold_gain":175,"player_choice":"AGREE","damage_taken":0,"max_hp_gain":0,"max_hp_loss":0,"event_name":"Liars Game","floor":4,"gold_loss":0,"cards_obtained":["Doubt"]},{"cards_removed":["Doubt"],"damage_healed":0,"gold_gain":0,"player_choice":"Forget","damage_taken":0,"max_hp_gain":0,"max_hp_loss":0,"event_name":"Living Wall","floor":5,"gold_loss":0},{"damage_healed":0,"gold_gain":0,"player_choice":"Entered Light","damage_taken":16,"max_hp_gain":0,"max_hp_loss":0,"event_name":"Shining Light","floor":12,"gold_loss":0,"cards_upgraded":["Defend_R","Feel No Pain"]},{"cards_removed":["Strike_R"],"damage_healed":0,"gold_gain":0,"player_choice":"Gave Gold","damage_taken":0,"max_hp_gain":0,"max_hp_loss":0,"event_name":"Beggar","floor":20,"gold_loss":75},{"damage_healed":0,"gold_gain":0,"player_choice":"Obtained Relic","damage_taken":0,"relics_obtained":["Pear"],"max_hp_gain":0,"max_hp_loss":0,"event_name":"Addict","floor":21,"gold_loss":85}],"is_beta":true,"boss_relics":[{"not_picked":["SlaversCollar","Snecko Eye"],"picked":"Sozu"}],"items_purged_floors":[],"is_endless":false,"potions_floor_spawned":[1,16,19,24],"killed_by":"Sentry and Sphere","ascension_level":10}}