{"host":"5cnm2qapaqj5mmu7","time":1609868189,"event":{"mods":["BaseMod","Bestiary","Colored Map","Minty Spire (QoL Compilation)","StSLib"],"gold_per_floor":[113,124,124,124,137,172,172,347,370,370,388,388,463,490,490,592,592,604,238,249,259,259,259,272,286,310,310,68,85,85,85,85],"floor_reached":31,"playtime":1246,"items_purged":["Doubt"],"score":282,"play_id":"bbed38ab-a09f-4f6f-a4b4-b34baffbf9cc","local_time":"20210105183629","is_ascension_mode":true,"campfire_choices":[{"data":"Darkness","floor":7,"key":"SMITH"},{"data":"Dualcast","floor":10,"key":"SMITH"},{"data":"Capacitor","floor":12,"key":"SMITH"},{"floor":15,"key":"REST"},{"floor":23,"key":"REST"},{"floor":27,"key":"REST"}],"circlet_count":0,"master_deck":["Strike_B","Strike_B","Strike_B","Strike_B","Defend_B","Defend_B+1","Defend_B+1","Defend_B+1","Zap+1","Dualcast+1","Leap","Darkness+1","Capacitor+1","Creative AI+1","Hologram+1","Dodge and Roll","Flex+1","Flash of Steel","Evaluate"],"relics":["Cracked Core","Centennial Puzzle","Akabeko","Bag of Marbles","War Paint","Fusion Hammer","PrismaticShard","Bronze Scales","DataDisk","Mercury Hourglass"],"acts_visited":["Exordium","TheCity"],"potions_floor_usage":[6,16],"damage_taken":[{"damage":5,"enemies":"Small Slimes","floor":1,"turns":2},{"damage":10,"enemies":"2 Louse","floor":2,"turns":2},{"damage":4,"enemies":"Jaw Worm","floor":5,"turns":3},{"damage":10,"enemies":"Gremlin Nob","floor":6,"turns":3},{"damage":5,"enemies":"Lots of Slimes","floor":11,"turns":4},{"damage":28,"enemies":"Slime Boss","floor":16,"turns":10},{"damage":1,"enemies":"Chosen","floor":18,"turns":5},{"damage":14,"enemies":"Spheric Guardian","floor":20,"turns":4},{"damage":37,"enemies":"Cultist and Chosen","floor":21,"turns":6},{"damage":21,"enemies":"Shelled Parasite and Fungi","floor":24,"turns":6},{"damage":12,"enemies":"Centurion and Healer","floor":25,"turns":6},{"damage":14,"enemies":"3 Cultists","floor":29,"turns":5},{"damage":32,"enemies":"Snecko","floor":31,"turns":5}],"seed_played":"-2761060279796871360","potions_obtained":[{"floor":1,"key":"PowerPotion"},{"floor":5,"key":"SkillPotion"},{"floor":16,"key":"LiquidBronze"},{"floor":25,"key":"SteroidPotion"}],"is_trial":false,"path_per_floor":["M","M","?","?","M","E","R","?","T","R","M","R","?","T","R","B",null,"M","$","M","M","?","R","M","M","T","R","$","M","?","M"],"character_chosen":"DEFECT","items_purchased":["PrismaticShard","Bronze Scales","Mercury Hourglass"],"campfire_rested":3,"item_purchase_floors":[19,19,28],"current_hp_per_floor":[70,60,45,45,41,31,31,31,31,31,26,26,15,15,37,9,75,74,74,60,23,23,45,24,12,12,34,34,20,20,0,0],"gold":85,"neow_bonus":"RANDOM_COMMON_RELIC","is_daily":false,"chose_seed":false,"campfire_upgraded":3,"win_rate":0.0,"timestamp":1609868189,"path_taken":["M","M","?","?","M","E","R","?","T","R","M","R","?","?","R","BOSS","M","$","M","M","?","R","M","?","T","R","$","M","?","M"],"items_purchased_type":["Relic","Relic","Relic"],"build_version":"2020-12-22","purchased_purges":1,"victory":false,"max_hp_per_floor":[75,75,75,75,75,75,75,75,75,75,75,75,75,75,75,75,75,75,75,75,75,75,75,75,75,75,75,75,75,75,75,75],"card_choices":[{"not_picked":["Barrage","Go for the Eyes"],"picked":"Leap","floor":1},{"not_picked":["Streamline","Conserve Battery"],"picked":"Darkness","floor":2},{"not_picked":["Chill","Leap"],"picked":"Capacitor","floor":5},{"not_picked":["Turbo","Compile Driver","Storm"],"picked":"SKIP","floor":6},{"not_picked":["Fusion","Steam","Chill"],"picked":"SKIP","floor":11},{"not_picked":["Rainbow","Buffer"],"picked":"Creative AI","floor":16},{"not_picked":["Leap","Beam Cell+1"],"picked":"Hologram+1","floor":18},{"not_picked":["Warcry","Conserve Battery","Outmaneuver"],"picked":"SKIP","floor":20},{"not_picked":["EmptyBody","Thunderclap+1"],"picked":"Dodge and Roll","floor":21},{"not_picked":["Feel No Pain","Sweeping Beam"],"picked":"Flex+1","floor":24},{"not_picked":["Flex+1","FlyingSleeves+1"],"picked":"Flash of Steel","floor":25},{"not_picked":["Quick Slash+1","Finisher"],"picked":"Evaluate","floor":29}],"player_experience":553086,"relics_obtained":[{"floor":6,"key":"Akabeko"},{"floor":9,"key":"Bag of Marbles"},{"floor":14,"key":"War Paint"},{"floor":26,"key":"DataDisk"}],"event_choices":[{"damage_healed":0,"gold_gain":0,"player_choice":"Entered Light","damage_taken":15,"max_hp_gain":0,"max_hp_loss":0,"event_name":"Shining Light","floor":3,"gold_loss":0,"cards_upgraded":["Defend_B","Defend_B"]},{"damage_healed":0,"gold_gain":0,"player_choice":"Ignored","damage_taken":0,"max_hp_gain":0,"max_hp_loss":0,"event_name":"Golden Wing","floor":4,"gold_loss":0},{"damage_healed":0,"gold_gain":175,"player_choice":"AGREE","damage_taken":0,"max_hp_gain":0,"max_hp_loss":0,"event_name":"Liars Game","floor":8,"gold_loss":0,"cards_obtained":["Doubt"]},{"damage_healed":0,"gold_gain":75,"player_choice":"Gather Gold","damage_taken":11,"max_hp_gain":0,"max_hp_loss":0,"event_name":"World of Goop","floor":13,"gold_loss":0},{"damage_healed":0,"gold_gain":0,"player_choice":"Upgraded","damage_taken":0,"max_hp_gain":0,"max_hp_loss":0,"event_name":"Upgrade Shrine","floor":22,"gold_loss":0,"cards_upgraded":["Creative AI"]},{"damage_healed":0,"gold_gain":0,"player_choice":"Ignored","damage_taken":0,"max_hp_gain":0,"max_hp_loss":0,"event_name":"Beggar","floor":30,"gold_loss":0}],"is_beta":false,"boss_relics":[{"not_picked":["Black Star","Tiny House"],"picked":"Fusion Hammer"}],"items_purged_floors":[19],"is_endless":false,"potions_floor_spawned":[1,5,16,25],"killed_by":"Snecko","ascension_level":4}}