{"host":"mnbcmacrd1psrd1k","time":1609869502,"event":{"mods":["100% Spire Juice","2.2 Compatiblity","AchievementEnabler","Act Like it!","AlwaysNeverKeys","Aspiration","BaseMod","Better Note","CapriCore","Colored Map","Colored Powertips","Conspire","Downfall","Elementarium","Energized Spire","Evolution","Friendly Minions","GifTheSpireLib","Googly Eyes","Halation","Hallownest","Highlight Path","Infinite Spire","Marked Mod","Menagerie","Minty Spire (QoL Compilation)","Permanent Neow","Quarter Circle Forward PUNCH!","Quick Restart","RRrroohrrRGHHhhh!!","Rare Cards Sparkle","Relic Sorter","Replay The Spire","Robot Space Explorer","Shop Mod","Small Relic Pack","Spikes Relics","Spire Birthday Party","StSLib","Stuff the Spire","SuperFastMode","The Blue Laboratory","The Jungle","TheVacant","Trackpad","Treasure Hunter","Unceasing Turn Reminder","Wandering Minibosses","noobMod","slay the spire mod where everything is the same but ironclad has a cowboy hat","thorton","vexMod"],"gold_per_floor":[119,136,156,156,56,56,87,104,104,104,7,7,22,56,56,168,48,72,99,101,101,101,17,55,55,55],"floor_reached":25,"playtime":2449,"items_purged":[],"score":277,"play_id":"61a39f16-8430-48a9-a3d2-e774155c562d","local_time":"20210105115822","is_ascension_mode":false,"campfire_choices":[{"floor":6,"key":"REST"},{"data":"Moonworks:RagingMadness","floor":12,"key":"SMITH"},{"data":"Moonworks:BigBangBell","floor":15,"key":"SMITH"}],"circlet_count":0,"master_deck":["Moonworks:Strike","Moonworks:Strike","Moonworks:Strike","Moonworks:Strike","Moonworks:Defend","Moonworks:Defend","Moonworks:Defend","Moonworks:Defend","Moonworks:Ambush","Moonworks:LongDistanceShot","Moonworks:BigBangBell+1","Moonworks:Flamethrower","Moonworks:RagingMadness+1","Moonworks:JonathanRush","Moonworks:StarBlastingFuse","Moonworks:JonathanRush","Moonworks:CloudOfSeagulls","Moonworks:CloudOfSeagulls","TH:DeckOfManyThings","Moonworks:Wanted","Moonworks:Bloodlust","Moonworks:JonathanRush","Moonworks:WindyEnchantment"],"relics":["Moonworks:BrokenBomb","Moonworks:Homemark","EVO:Axolotl","ice","NeowsBlessing","Meat on the Bone","infinitespire:Midas Blood","CultistMask","aspiration:RitualDagger","aspiration:AnachronicSnailShell"],"acts_visited":["Exordium","Exordium"],"potions_floor_usage":[],"damage_taken":[{"damage":0,"enemies":"infinitespire:Voidling","floor":1,"turns":1},{"damage":0,"enemies":"conspire:RoseBush","floor":2,"turns":1},{"damage":0,"enemies":"Cultist","floor":3,"turns":1},{"damage":23,"enemies":"Large Slime","floor":5,"turns":5},{"damage":30,"enemies":"Lagavulin","floor":7,"turns":5},{"damage":24,"enemies":"Lots of Slimes","floor":8,"turns":4},{"damage":35,"enemies":"Gremlin Gang","floor":11,"turns":3},{"damage":16,"enemies":"Large Slime","floor":13,"turns":2},{"damage":30,"enemies":"conspire:2 RoseBushes","floor":14,"turns":4},{"damage":44,"enemies":"The Guardian","floor":16,"turns":6},{"damage":9,"enemies":"theJungle:5_Spyders","floor":18,"turns":3},{"damage":15,"enemies":"theJungle:GiantWrat","floor":19,"turns":3},{"damage":21,"enemies":"theJungle:MamaSnecko","floor":23,"turns":2},{"damage":52,"enemies":"theJungle:2_Flameangoes","floor":24,"turns":2}],"seed_played":"7296331498231995124","potions_obtained":[{"floor":2,"key":"blueLaboratory:BottleOfVodka"},{"floor":5,"key":"Weak Potion"},{"floor":8,"key":"Explosive Potion"},{"floor":13,"key":"blueLaboratory:BubblePotion"}],"is_trial":false,"path_per_floor":["M","M","M","?","M","R","E","M","T","?","M","R","M","M","R","B",null,"M","M","?","?","?","E","M","$"],"character_chosen":"THE_STARBREAKER","items_purchased":[],"campfire_rested":1,"item_purchase_floors":[],"current_hp_per_floor":[60,60,60,60,37,55,25,60,60,60,37,37,33,15,15,52,88,79,76,53,53,53,56,100,100,100],"gold":55,"neow_bonus":"THREE_ENEMY_KILL","is_daily":false,"chose_seed":false,"campfire_upgraded":2,"win_rate":0.0,"timestamp":1609869502,"path_taken":["M","?","M","?","?","R","E","M","T","?","?","R","M","M","R","BOSS","M","?","?","?","?","E","M","$"],"items_purchased_type":[],"build_version":"2020-12-22","purchased_purges":0,"victory":false,"max_hp_per_floor":[60,60,60,60,60,60,60,60,60,60,65,65,66,80,80,88,88,93,94,94,94,94,94,100,100,100],"card_choices":[{"not_picked":["Moonworks:WindyEnchantment","Moonworks:x16BigRocket"],"picked":"Moonworks:BigBangBell","floor":1},{"not_picked":["Moonworks:TacticalRetreat","Moonworks:LulusLuckyEgg"],"picked":"Moonworks:Flamethrower","floor":2},{"not_picked":["Moonworks:WindyEnchantment","Moonworks:MixPhenomenon","Moonworks:IntelligenceOfficer"],"picked":"SKIP","floor":3},{"not_picked":["Moonworks:DeployBits","Moonworks:WindyEnchantment"],"picked":"Moonworks:RagingMadness","floor":5},{"not_picked":["Moonworks:StiffCrystal","Moonworks:LulusLuckyEgg"],"picked":"Moonworks:JonathanRush","floor":7},{"not_picked":["TH:Mimic","TH:DeckOfManyThings"],"picked":"SKIP","floor":7},{"not_picked":["Moonworks:Poppoformation","Moonworks:IndiscriminateFireSupport"],"picked":"Moonworks:StarBlastingFuse","floor":8},{"not_picked":["TH:ArmorSpikes","TH:DeckOfManyThings"],"picked":"SKIP","floor":9},{"not_picked":["Moonworks:CastOff","Moonworks:LulusLuckyEgg"],"picked":"Moonworks:JonathanRush","floor":11},{"not_picked":["Moonworks:WindyEnchantment","Moonworks:Poppoformation"],"picked":"Moonworks:CloudOfSeagulls","floor":13},{"not_picked":["Moonworks:IndiscriminateFireSupport","Moonworks:MiracleWalker"],"picked":"Moonworks:CloudOfSeagulls","floor":14},{"not_picked":["TH:ArmorSpikes"],"picked":"TH:DeckOfManyThings","floor":16},{"not_picked":["Moonworks:GoAway","Moonworks:LeapThroughSpace"],"picked":"Moonworks:Wanted","floor":16},{"not_picked":["Moonworks:NicePresent","Moonworks:RagingMadness"],"picked":"Moonworks:Bloodlust","floor":18},{"not_picked":["Moonworks:ImOnFire","Moonworks:LulusLuckyEgg"],"picked":"Moonworks:JonathanRush","floor":19},{"not_picked":["ReplayTheSpireMod:Chaos Vortex","ReplayTheSpireMod:Book of Names"],"picked":"infinitespire:SealOfDarkness+","floor":20},{"not_picked":["TH:Mimic","TH:EnergyPotion"],"picked":"SKIP","floor":23},{"not_picked":["Moonworks:ImmovableObject","Moonworks:WeAreWaruda","Moonworks:CastOff"],"picked":"SKIP","floor":23},{"not_picked":["Moonworks:LulusLuckyEgg","Moonworks:SelfDestruct"],"picked":"Moonworks:WindyEnchantment","floor":24}],"player_experience":588602,"relics_obtained":[{"floor":7,"key":"Meat on the Bone"},{"floor":9,"key":"infinitespire:Midas Blood"},{"floor":23,"key":"aspiration:AnachronicSnailShell"}],"event_choices":[{"cards_removed":["Moonworks:Flamethrower"],"damage_healed":0,"gold_gain":0,"player_choice":"Give","damage_taken":0,"max_hp_gain":0,"max_hp_loss":0,"event_name":"betterNote:BetterNote","floor":4,"gold_loss":0,"cards_obtained":["None"]},{"damage_healed":0,"gold_gain":0,"player_choice":"Trade","damage_taken":0,"relics_obtained":["CultistMask"],"max_hp_gain":0,"max_hp_loss":0,"event_name":"FaceTrader","floor":10,"gold_loss":0},{"damage_healed":0,"gold_gain":0,"player_choice":"Leave","damage_taken":0,"max_hp_gain":0,"max_hp_loss":0,"event_name":"conspire:Investor","floor":22,"gold_loss":0}],"is_beta":false,"boss_relics":[{"not_picked":["halation:CatFaceCupcake","relicPack:ShieldShield"],"picked":"aspiration:RitualDagger"}],"items_purged_floors":[],"is_endless":false,"potions_floor_spawned":[2,5,8,11,13,23,24],"ascension_level":0}}