{"host":"7yxt37kap0q16lk4","time":1609866816,"event":{"mods":["2.2 Compatiblity","Act Like it!","BaseMod","Better Third Choice","Better-Laid Plans","Colored Map","Custom Start","Highlight Path","Keyboard Shortcuts","Minty Spire (QoL Compilation)","Quick Restart","Rare Cards Sparkle","Relic Stats","Shop Mod","Slay the Relics Exporter","StSLib","SuperFastMode"],"gold_per_floor":[113,38,53,53,0,25,75,86,86,115,55,66,97,108,108,179,179,194,119,119,119,136,136,164,164,212,238,338,338,338],"floor_reached":29,"playtime":718,"items_purged":["Strike_G"],"score":658,"play_id":"6f0f1127-bff1-4306-8fc8-61a125d78638","local_time":"20210106021336","is_ascension_mode":true,"campfire_choices":[{"data":"Envenom","floor":15,"key":"SMITH"},{"floor":23,"key":"REST"},{"floor":25,"key":"REST"}],"circlet_count":0,"master_deck":["AscendersBane","Strike_G+1","Defend_G+1","Defend_G+1","Defend_G+1","Defend_G+1","Defend_G+1","Survivor","Neutralize","Storm of Steel+1","Cloak And Dagger","Flying Knee","Envenom+1","PiercingWail","Crippling Poison","Accuracy","Riddle With Holes+1","Die Die Die+1","Infinite Blades","Burst","Choke+1","PiercingWail+1"],"relics":["Ring of the Snake","The Courier","Juzu Bracelet","Molten Egg 2","Ginger","Black Star","CaptainsWheel","TungstenRod","Art of War","Dream Catcher","Ice Cream","Peace Pipe","White Beast Statue"],"acts_visited":["Exordium","TheCity"],"potions_floor_usage":[10,12,13,16,18,27,28],"damage_taken":[{"damage":1.0,"enemies":"Jaw Worm","floor":1.0,"turns":4.0},{"damage":0.0,"enemies":"2 Louse","floor":3.0,"turns":2.0},{"damage":36.0,"enemies":"Lagavulin","floor":6.0,"turns":8.0},{"damage":0,"enemies":"Cultist","floor":8,"turns":3},{"damage":0,"enemies":"Gremlin Nob","floor":10,"turns":2},{"damage":6,"enemies":"Exordium Wildlife","floor":12,"turns":4},{"damage":6,"enemies":"Lagavulin","floor":13,"turns":5},{"damage":0,"enemies":"Large Slime","floor":14,"turns":2},{"damage":2,"enemies":"Hexaghost","floor":16,"turns":7},{"damage":20,"enemies":"2 Thieves","floor":18,"turns":4},{"damage":25,"enemies":"Shell Parasite","floor":22,"turns":6},{"damage":10,"enemies":"Gremlin Leader","floor":24,"turns":5},{"damage":26,"enemies":"Slavers","floor":27,"turns":5},{"damage":2,"enemies":"Colosseum Slavers","floor":28,"turns":5},{"damage":0,"enemies":"Colosseum Nobs","floor":28,"turns":2},{"damage":0,"enemies":"Masked Bandits","floor":29,"turns":2}],"seed_played":"-4278780752872739876","potions_obtained":[{"floor":3.0,"key":"EssenceOfSteel"},{"floor":8,"key":"AttackPotion"},{"floor":10,"key":"SkillPotion"},{"floor":12,"key":"Fire Potion"},{"floor":14,"key":"Strength Potion"},{"floor":22,"key":"Weak Potion"},{"floor":27,"key":"Swift Potion"}],"is_trial":false,"path_per_floor":["M","?","M","?","$","E","?","M","T","E","$","M","E","M","R","B",null,"M","?","?","?","M","R","E","R","T","E","?","?"],"character_chosen":"THE_SILENT","items_purchased":["Envenom"],"campfire_rested":2,"item_purchase_floors":[5],"current_hp_per_floor":[58,58,58,58,58,22,16,16,16,16,16,10,4,4,4,2,50,30,30,30,30,5,24,14,33,33,7,5,5,5],"gold":338,"neow_bonus":"TRANSFORM_CARD","is_daily":false,"chose_seed":false,"campfire_upgraded":1,"win_rate":0.0,"timestamp":1609866816,"path_taken":["M","?","M","?","?","E","?","M","T","E","$","M","E","M","R","BOSS","M","?","?","?","M","R","E","R","T","E","?","?"],"items_purchased_type":["Card"],"build_version":"2020-12-22","purchased_purges":1,"victory":false,"max_hp_per_floor":[66,66,66,66,66,66,66,66,66,66,66,66,66,66,66,66,66,66,66,66,66,66,66,66,66,66,66,66,66,66],"relic_stats":{"Peace Pipe":0,"Dream Catcher":0,"counters":[16,66],"Juzu Bracelet":2,"Black Star":2,"Art of War":[3],"Ginger":[7],"obtain_stats":[{"Ice Cream":27,"The Courier":6,"Juzu Bracelet":9,"Ginger":13,"White Beast Statue":28,"Peace Pipe":28,"CaptainsWheel":24,"Dream Catcher":27,"Molten Egg 2":10,"Black Star":17,"Art of War":26,"TungstenRod":24,"Ring of the Snake":0},{"Ice Cream":13,"The Courier":3,"Juzu Bracelet":4,"Ginger":7,"White Beast Statue":15,"Peace Pipe":15,"CaptainsWheel":12,"Dream Catcher":13,"Molten Egg 2":5,"Black Star":9,"Art of War":12,"TungstenRod":12,"Ring of the Snake":0},{"Ice Cream":57,"The Courier":14,"Juzu Bracelet":17,"Ginger":28,"White Beast Statue":64,"Peace Pipe":64,"CaptainsWheel":52,"Dream Catcher":57,"Molten Egg 2":19,"Black Star":37,"Art of War":52,"TungstenRod":52,"Ring of the Snake":0}],"TungstenRod":7,"Ring of the Snake":[32]},"card_choices":[{"not_picked":["PiercingWail","Setup"],"picked":"Cloak And Dagger","floor":1.0},{"not_picked":["PiercingWail","Outmaneuver"],"picked":"Flying Knee","floor":3.0},{"not_picked":["Dagger Throw","Skewer"],"picked":"PiercingWail","floor":6.0},{"not_picked":["Underhanded Strike","Bouncing Flask"],"picked":"Crippling Poison","floor":8},{"not_picked":["Cloak And Dagger","Burst"],"picked":"Accuracy","floor":10},{"not_picked":["Sucker Punch+1","Underhanded Strike+1"],"picked":"Riddle With Holes+1","floor":12},{"not_picked":["Concentrate","Blade Dance"],"picked":"Die Die Die+1","floor":13},{"not_picked":["Acrobatics","Cloak And Dagger"],"picked":"Infinite Blades","floor":14},{"not_picked":["Doppelganger","Tools of the Trade"],"picked":"Burst","floor":16},{"not_picked":["Dagger Spray+1","Prepared+1"],"picked":"Choke+1","floor":18},{"not_picked":["Backflip","Outmaneuver"],"picked":"PiercingWail+1","floor":22},{"not_picked":["Deadly Poison","Blur","Sucker Punch+1"],"picked":"SKIP","floor":24},{"not_picked":["Accuracy","Dagger Spray+1","Quick Slash+1"],"picked":"SKIP","floor":27},{"not_picked":["Accuracy","Dagger Spray+1","Quick Slash+1"],"picked":"SKIP","floor":27}],"player_experience":1039716,"relics_obtained":[{"floor":6.0,"key":"The Courier"},{"floor":9,"key":"Juzu Bracelet"},{"floor":10,"key":"Molten Egg 2"},{"floor":13,"key":"Ginger"},{"floor":24,"key":"CaptainsWheel"},{"floor":24,"key":"TungstenRod"},{"floor":26,"key":"Art of War"},{"floor":27,"key":"Dream Catcher"},{"floor":27,"key":"Ice Cream"},{"floor":28,"key":"Peace Pipe"},{"floor":28,"key":"White Beast Statue"}],"event_choices":[{"cards_removed":["Strike_G"],"damage_healed":0.0,"max_hp_gain":0.0,"max_hp_loss":0.0,"gold_gain":0.0,"event_name":"The Cleric","player_choice":"Card Removal","floor":2.0,"gold_loss":75.0,"damage_taken":0.0},{"damage_healed":0.0,"max_hp_gain":0.0,"max_hp_loss":0.0,"gold_gain":0.0,"event_name":"Living Wall","player_choice":"Grow","floor":4.0,"gold_loss":0.0,"damage_taken":0.0,"cards_upgraded":["Storm of Steel"]},{"damage_healed":0,"gold_gain":50,"player_choice":"Touch","damage_taken":6,"max_hp_gain":0,"max_hp_loss":0,"event_name":"FaceTrader","floor":7,"gold_loss":0},{"cards_removed":["Strike_G"],"damage_healed":0,"gold_gain":0,"player_choice":"Gave Gold","damage_taken":0,"max_hp_gain":0,"max_hp_loss":0,"event_name":"Beggar","floor":19,"gold_loss":75},{"damage_healed":0,"gold_gain":0,"player_choice":"Simplicity","damage_taken":0,"max_hp_gain":0,"max_hp_loss":6,"event_name":"betterThird:BetterWriting","floor":20,"gold_loss":0},{"damage_healed":0,"gold_gain":0,"player_choice":"Ignored","damage_taken":0,"max_hp_gain":0,"max_hp_loss":0,"event_name":"N\u0027loth","floor":21,"gold_loss":0},{"damage_healed":0,"gold_gain":0,"player_choice":"Fight","damage_taken":0,"max_hp_gain":0,"max_hp_loss":0,"event_name":"Colosseum","floor":28,"gold_loss":0},{"damage_healed":0,"gold_gain":0,"player_choice":"Fled From Nobs","damage_taken":0,"max_hp_gain":0,"max_hp_loss":0,"event_name":"Colosseum","floor":28,"gold_loss":0},{"damage_healed":0,"gold_gain":0,"player_choice":"Fought Nobs","damage_taken":0,"max_hp_gain":0,"max_hp_loss":0,"event_name":"Colosseum","floor":28,"gold_loss":0},{"damage_healed":0,"gold_gain":0,"player_choice":"Fought Bandits","damage_taken":0,"max_hp_gain":0,"max_hp_loss":0,"event_name":"Masked Bandits","floor":29,"gold_loss":0}],"is_beta":false,"boss_relics":[{"not_picked":["Fusion Hammer","Philosopher\u0027s Stone"],"picked":"Black Star"}],"items_purged_floors":[11],"is_endless":false,"potions_floor_spawned":[3,8,10,12,14,22,27],"killed_by":"Masked Bandits","ascension_level":20}}