{"host":"xrbxyo513dr24h85","time":1609804987,"event":{"mods":["BaseMod","Better Third Choice","Colored Map","Downfall","Googly Eyes","Halation","Hubris","Lobotomy","Minty Spire (QoL Compilation)","Random Character Button","Relic Stats","Replay The Spire","Retaliation","StSLib","The Blue Laboratory"],"gold_per_floor":[118,118,133,133,82,98,98,98,98,98,116,163,91,101,101,205,205,221,232,6,6,21,48,67,67,67,67,95,106,119,138,138,238,238,258,258,271,285,285,318,318,333,333,350,350,365,384,384,384,384,384,384,106,141,141,141],"floor_reached":55,"playtime":1840,"items_purged":[],"score":733,"play_id":"21c0345d-59b1-477b-a04b-3329615df9ff","local_time":"20210104160307","is_ascension_mode":false,"campfire_choices":[{"data":"Dagger Spray","floor":7,"key":"SMITH"},{"data":"Crippling Poison","floor":10,"key":"SMITH"},{"floor":15,"key":"RECALL"},{"data":"After Image","floor":25,"key":"SMITH"},{"floor":32,"key":"REST"},{"data":"Noxious Fumes","floor":41,"key":"SMITH"},{"data":"Deadly Poison","floor":52,"key":"SMITH"}],"circlet_count":0,"master_deck":["Strike_G","Strike_G","Strike_G","Strike_G","Strike_G","Defend_G","Defend_G","Defend_G","Defend_G","Survivor","Neutralize","Deadly Poison+1","Dagger Throw+1","Dagger Spray+1","Crippling Poison+1","Dash","PiercingWail+1","Toxin Wave+1","Backstab","After Image+1","CurseOfTheBell","Poisoned Stab","Catalyst+1","Noxious Fumes+1","Acrobatics+1","ReplayTheSpireMod:Scrap Shanks+1","Flying Knee+1","Well Laid Plans","Blade Dance+1","Deflect+1","Blade Dance+1","Adrenaline+1","Dagger Spray+1","Noxious Fumes"],"relics":["Ring of the Snake","FossilizedHelix","Garlic","Toxic Egg 2","Calling Bell","ReplayTheSpireMod:TigerMarble","hubris:BottledRain","Ginger","Orichalcum","halation:TwoAmDonut","hubris:CuriousFeather","Replay:WaspNest","halation:EternalFortune","The Specimen","Busted Crown","Oddly Smooth Stone","Replay:Baseball","Pen Nib"],"acts_visited":["Exordium","TheCity","TheBeyond","TheEnding"],"potions_floor_usage":[22,23,30,33,38,39,40,44,44,47,50,55,55],"damage_taken":[{"damage":0,"enemies":"2 Louse","floor":1,"turns":4},{"damage":0,"enemies":"Small Slimes","floor":3,"turns":4},{"damage":0,"enemies":"Cultist","floor":6,"turns":3},{"damage":0,"enemies":"2 Fungi Beasts","floor":11,"turns":2},{"damage":0,"enemies":"3 Louse","floor":14,"turns":2},{"damage":21,"enemies":"Hexaghost","floor":16,"turns":9},{"damage":0,"enemies":"Chosen","floor":18,"turns":4},{"damage":6,"enemies":"2 Thieves","floor":19,"turns":3},{"damage":4,"enemies":"Snecko","floor":22,"turns":5},{"damage":11,"enemies":"Slavers","floor":23,"turns":3},{"damage":0,"enemies":"Centurion and Healer","floor":24,"turns":5},{"damage":16,"enemies":"Gremlin Leader","floor":28,"turns":5},{"damage":8,"enemies":"Snake Plant","floor":29,"turns":4},{"damage":7,"enemies":"Sentry and Sphere","floor":30,"turns":5},{"damage":0,"enemies":"Snecko","floor":31,"turns":3},{"damage":29,"enemies":"Collector","floor":33,"turns":7},{"damage":0,"enemies":"3 Shapes","floor":35,"turns":5},{"damage":0,"enemies":"Orb Walker","floor":37,"turns":4},{"damage":0,"enemies":"Spire Growth","floor":38,"turns":4},{"damage":0,"enemies":"Reptomancer","floor":40,"turns":4},{"damage":10,"enemies":"Sphere and 2 Shapes","floor":42,"turns":4},{"damage":7,"enemies":"Jaw Worm Horde","floor":44,"turns":3},{"damage":0,"enemies":"Maw","floor":46,"turns":7},{"damage":0,"enemies":"Writhing Mass","floor":47,"turns":8},{"damage":56,"enemies":"hubris:GrandSnecko","floor":50,"turns":13},{"damage":19,"enemies":"Shield and Spear","floor":54,"turns":5},{"damage":66,"enemies":"The Heart","floor":55,"turns":8}],"seed_played":"-3687378993589014498","potions_obtained":[{"floor":12,"key":"champ:CounterPotion"},{"floor":16,"key":"blueLaboratory:RecallPotion"},{"floor":19,"key":"DDmod:CleansePotion"},{"floor":29,"key":"SpeedPotion"},{"floor":31,"key":"blueLaboratory:EnvenomedCoating"},{"floor":33,"key":"Block Potion"},{"floor":37,"key":"PowerPotion"},{"floor":38,"key":"LiquidBronze"},{"floor":39,"key":"Fruit Juice"},{"floor":39,"key":"blueLaboratory:RecallPotion"},{"floor":40,"key":"ColorlessPotion"},{"floor":46,"key":"blueLaboratory:FrostheartPotion"}],"is_trial":false,"path_per_floor":["M","?","M","?","$","M","R","?","T","R","M","?","$","M","R","B",null,"M","M","$","?","M","E","M","R","T","?","E","M","M","M","R","B",null,"M","?","M","M","?","E","R","M","T","M","?","M","M","?","R_BF","B",null,"R","$","E","B"],"character_chosen":"THE_SILENT","items_purchased":["Dagger Spray","Toxin Wave+1","Noxious Fumes","Orichalcum","LifebloodPotion","Noxious Fumes","SteroidPotion","blueLaboratory:StoneskinPotion"],"campfire_rested":1,"item_purchase_floors":[5,13,20,20,53,53,53,53],"current_hp_per_floor":[49,70,70,70,70,70,70,70,70,70,70,70,70,70,70,49,70,70,64,64,64,60,57,57,57,57,60,44,36,29,29,50,21,73,73,73,73,73,78,78,78,71,71,64,64,64,64,64,81,25,81,81,81,62,0,0],"gold":141,"neow_bonus":"ONE_RARE_RELIC","is_daily":false,"chose_seed":false,"campfire_upgraded":5,"win_rate":0.0,"timestamp":1609804987,"path_taken":["M","?","M","?","$","M","R","?","T","R","?","?","$","M","R","BOSS","M","M","$","?","M","E","?","R","T","?","E","M","M","M","R","BOSS","M","?","?","M","?","E","R","?","T","M","?","M","M","?","R_BF","BOSS","R","$","E","BOSS"],"items_purchased_type":["Card","Card","Card","Relic","Potion","Card","Potion","Potion"],"build_version":"2020-12-22","purchased_purges":0,"victory":false,"max_hp_per_floor":[70,70,70,70,70,70,70,70,70,70,70,70,70,70,70,70,70,70,70,70,70,70,70,70,70,70,73,73,73,73,73,73,73,73,73,73,73,73,78,78,78,81,81,81,81,81,81,81,81,81,81,81,81,81,81,81],"relic_stats":{"Busted Crown":18,"counters":[27,133],"Pen Nib":[2],"Ginger":[16],"Orichalcum":[66],"obtain_stats":[{"The Specimen":28,"Oddly Smooth Stone":40,"Replay:WaspNest":26,"Pen Nib":54,"Ginger":17,"Orichalcum":20,"Calling Bell":17,"Replay:Baseball":45,"Busted Crown":34,"halation:EternalFortune":27,"hubris:CuriousFeather":23,"Garlic":9,"ReplayTheSpireMod:TigerMarble":17,"halation:TwoAmDonut":21,"Toxic Egg 2":12,"FossilizedHelix":0,"Ring of the Snake":0,"hubris:BottledRain":17},{"The Specimen":12,"Oddly Smooth Stone":20,"Replay:WaspNest":11,"Pen Nib":26,"Ginger":6,"Orichalcum":8,"Calling Bell":6,"Replay:Baseball":22,"Busted Crown":16,"halation:EternalFortune":11,"hubris:CuriousFeather":10,"Garlic":3,"ReplayTheSpireMod:TigerMarble":6,"halation:TwoAmDonut":8,"Toxic Egg 2":4,"FossilizedHelix":0,"Ring of the Snake":0,"hubris:BottledRain":6},{"The Specimen":49,"Oddly Smooth Stone":85,"Replay:WaspNest":44,"Pen Nib":125,"Ginger":24,"Orichalcum":31,"Calling Bell":24,"Replay:Baseball":92,"Busted Crown":68,"halation:EternalFortune":44,"hubris:CuriousFeather":39,"Garlic":11,"ReplayTheSpireMod:TigerMarble":24,"halation:TwoAmDonut":31,"Toxic Egg 2":13,"FossilizedHelix":0,"Ring of the Snake":0,"hubris:BottledRain":24}],"Ring of the Snake":[54]},"card_choices":[{"not_picked":["All Out Attack","Flying Knee"],"picked":"Deadly Poison","floor":1},{"not_picked":["Cloak And Dagger","Dodge and Roll"],"picked":"Dagger Throw","floor":3},{"not_picked":["Outmaneuver","hubris:SlightOfHand","Deflect"],"picked":"SKIP","floor":6},{"not_picked":["Quick Slash","Deadly Poison"],"picked":"Dash","floor":11},{"not_picked":["Poisoned Stab","Deflect+1"],"picked":"PiercingWail+1","floor":12},{"not_picked":["hubris:TrickCloak+1","Hidden Blade+1"],"picked":"Backstab","floor":14},{"not_picked":["ReplayTheSpireMod:From All Sides","Corpse Explosion+1"],"picked":"After Image","floor":16},{"not_picked":["Predator","Sneak Up+1"],"picked":"Poisoned Stab","floor":18},{"not_picked":["Cloak And Dagger+1","Choke"],"picked":"Catalyst+1","floor":19},{"not_picked":["Dagger Spray","Riddle With Holes"],"picked":"Acrobatics+1","floor":22},{"not_picked":["Calculated Gamble+1","Atom Bomb"],"picked":"ReplayTheSpireMod:Scrap Shanks+1","floor":23},{"not_picked":["Hidden Blade+1","Dagger Throw"],"picked":"Flying Knee+1","floor":24},{"not_picked":["Deflect+1","Backflip+1"],"picked":"Well Laid Plans","floor":28},{"not_picked":["Slice","ReplayTheSpireMod:Tripwire+1"],"picked":"Blade Dance+1","floor":29},{"not_picked":["Hidden Blade+1","PiercingWail+1"],"picked":"Deflect+1","floor":30},{"not_picked":["Flying Knee","Tactician+1"],"picked":"Blade Dance+1","floor":31},{"not_picked":["Malaise+1","Grand Finale"],"picked":"Adrenaline+1","floor":33},{"not_picked":["Blade Dance+1"],"picked":"SKIP","floor":35},{"not_picked":["Poisoned Stab+1"],"picked":"SKIP","floor":37},{"not_picked":["Blade Dance+1"],"picked":"SKIP","floor":38},{"not_picked":["Flechettes"],"picked":"SKIP","floor":40},{"not_picked":[],"picked":"Dagger Spray+1","floor":42},{"not_picked":["Sucker Punch+1"],"picked":"SKIP","floor":44},{"not_picked":["Backflip+1"],"picked":"SKIP","floor":46},{"not_picked":["Quick Slash+1"],"picked":"SKIP","floor":47},{"not_picked":["Expertise+1"],"picked":"SKIP","floor":54}],"player_experience":1166438,"relics_obtained":[{"floor":9,"key":"Garlic"},{"floor":12,"key":"Toxic Egg 2"},{"floor":17,"key":"ReplayTheSpireMod:TigerMarble"},{"floor":17,"key":"hubris:BottledRain"},{"floor":17,"key":"Ginger"},{"floor":23,"key":"hubris:CuriousFeather"},{"floor":26,"key":"Replay:WaspNest"},{"floor":28,"key":"The Specimen"},{"floor":40,"key":"Oddly Smooth Stone"},{"floor":42,"key":"halation:EternalFortune"},{"floor":54,"key":"Pen Nib"}],"event_choices":[{"damage_healed":23,"gold_gain":0,"player_choice":"Banana","damage_taken":0,"max_hp_gain":0,"max_hp_loss":0,"event_name":"Big Fish","floor":2,"gold_loss":0},{"damage_healed":0,"gold_gain":0,"player_choice":"Leave","damage_taken":0,"max_hp_gain":0,"max_hp_loss":0,"event_name":"The Cleric","floor":4,"gold_loss":0},{"damage_healed":0,"gold_gain":0,"cards_transformed":["Defend_G"],"player_choice":"Transformed","damage_taken":0,"max_hp_gain":0,"max_hp_loss":0,"event_name":"Transmorgrifier","floor":8,"gold_loss":0,"cards_obtained":["Crippling Poison"]},{"damage_healed":0,"gold_gain":0,"player_choice":"Gave Potion","damage_taken":0,"relics_obtained":["halation:TwoAmDonut"],"max_hp_gain":0,"max_hp_loss":0,"event_name":"WeMeetAgain","floor":21,"gold_loss":0},{"damage_healed":0,"gold_gain":0,"player_choice":"Bought 0 Potions","damage_taken":0,"max_hp_gain":0,"max_hp_loss":0,"event_name":"The Woman in Blue","floor":36,"gold_loss":0},{"damage_healed":0,"gold_gain":0,"player_choice":"Got Potions","damage_taken":0,"max_hp_gain":0,"max_hp_loss":0,"event_name":"Lab","floor":39,"gold_loss":0}],"is_beta":false,"boss_relics":[{"not_picked":["Philosopher\u0027s Stone","Replay:Ancient Bell"],"picked":"Calling Bell"},{"not_picked":["Snecko Eye","halation:IncompleteEncyclopedia"],"picked":"Busted Crown"}],"items_purged_floors":[],"is_endless":false,"potions_floor_spawned":[1,16,19,29,31,33,37,38,40,46],"killed_by":"The Heart","ascension_level":0}}