{"host":"29nokk5suv5vtcrv","time":1609864481,"event":{"mods":["BaseMod","Minty Spire (QoL Compilation)","Slay-I"],"gold_per_floor":[116,116,116,131,131,160,172,172,196,220,320,320,320,320,320,445,445,461,560,485,485,485,485,485,501,501,519,532,532,0,0,0,0,0],"floor_reached":33,"playtime":1130,"items_purged":[],"score":409,"play_id":"8adafbd4-9163-41f7-9693-f640760c263e","local_time":"20210105173441","is_ascension_mode":true,"campfire_choices":[{"data":"Survivor","floor":8,"key":"SMITH"},{"data":"Deadly Poison","floor":12,"key":"SMITH"},{"data":"Bouncing Flask","floor":15,"key":"SMITH"},{"data":"Bouncing Flask","floor":23,"key":"SMITH"},{"floor":29,"key":"REST"},{"data":"Poisoned Stab","floor":32,"key":"SMITH"}],"circlet_count":0,"master_deck":["AscendersBane","Strike_G","Strike_G","Defend_G","Defend_G","Defend_G","Defend_G","Defend_G","Survivor+1","Neutralize","Poisoned Stab+1","Bouncing Flask+1","All Out Attack","Bouncing Flask+1","Deadly Poison+1"],"relics":["Ring of the Snake","NeowsBlessing","Juzu Bracelet","Ancient Tea Set","Odd Mushroom","Bloody Idol","SlaversCollar","Meat on the Bone"],"acts_visited":["Exordium","TheCity"],"potions_floor_usage":[10,27,33],"damage_taken":[{"damage":0,"enemies":"Small Slimes","floor":1,"turns":1},{"damage":0,"enemies":"2 Louse","floor":4,"turns":1},{"damage":0,"enemies":"Lagavulin","floor":6,"turns":1},{"damage":1,"enemies":"Cultist","floor":7,"turns":3},{"damage":16,"enemies":"The Mushroom Lair","floor":10,"turns":4},{"damage":25,"enemies":"Hexaghost","floor":16,"turns":8},{"damage":5,"enemies":"Chosen","floor":18,"turns":4},{"damage":0,"enemies":"Spheric Guardian","floor":25,"turns":3},{"damage":18,"enemies":"Snake Plant","floor":27,"turns":3},{"damage":22,"enemies":"Cultist and Chosen","floor":28,"turns":6},{"damage":108,"enemies":"Collector","floor":33,"turns":7}],"seed_played":"4200844567136503476","potions_obtained":[{"floor":6,"key":"FairyPotion"},{"floor":7,"key":"Swift Potion"},{"floor":16,"key":"AttackPotion"},{"floor":27,"key":"SpeedPotion"},{"floor":28,"key":"CultistPotion"}],"is_trial":false,"path_per_floor":["M","$","?","M","?","E","M","R","T","?","?","R","?","?","R","B",null,"M","?","?","?","?","R","?","M","T","M","M","R","?","$","R","B"],"character_chosen":"THE_SILENT","items_purchased":[],"campfire_rested":1,"item_purchase_floors":[],"current_hp_per_floor":[63,63,56,56,56,56,55,55,55,39,39,39,39,39,39,14,52,47,47,47,47,47,47,47,52,52,39,34,53,53,53,53,0,0],"gold":0,"neow_bonus":"THREE_ENEMY_KILL","is_daily":false,"chose_seed":false,"campfire_upgraded":5,"win_rate":0.0,"timestamp":1609864481,"path_taken":["M","$","?","M","?","E","M","R","T","?","?","R","?","?","R","BOSS","M","?","?","?","?","R","?","M","T","M","M","R","?","$","R","BOSS"],"items_purchased_type":[],"build_version":"2020-12-22","purchased_purges":0,"victory":false,"max_hp_per_floor":[70,70,70,70,70,70,70,70,70,70,70,70,65,65,65,65,65,65,65,65,65,65,65,65,65,65,65,65,65,65,65,65,65,65],"card_choices":[{"not_picked":["Blade Dance","Predator"],"picked":"Poisoned Stab","floor":1},{"not_picked":["Poisoned Stab","Backflip"],"picked":"Bouncing Flask","floor":4},{"not_picked":["Slice","Concentrate","Dodge and Roll"],"picked":"SKIP","floor":6},{"not_picked":["Crippling Poison","Riddle With Holes"],"picked":"Bouncing Flask","floor":7},{"not_picked":["Slice","Dagger Spray"],"picked":"Deadly Poison","floor":10},{"not_picked":["Dagger Spray+1","Skewer","Well Laid Plans"],"picked":"SKIP","floor":18},{"not_picked":["Prepared+1","Flying Knee","Slice"],"picked":"SKIP","floor":25},{"not_picked":["Deflect","Dodge and Roll","PiercingWail"],"picked":"SKIP","floor":27},{"not_picked":["Blade Dance+1","Dagger Spray","Cloak And Dagger"],"picked":"SKIP","floor":28}],"player_experience":864497,"relics_obtained":[{"floor":6,"key":"Juzu Bracelet"},{"floor":9,"key":"Ancient Tea Set"},{"floor":10,"key":"Odd Mushroom"},{"floor":26,"key":"Meat on the Bone"}],"event_choices":[{"cards_removed":["Strike_G"],"damage_healed":0,"gold_gain":0,"player_choice":"Card Removal","damage_taken":7,"max_hp_gain":0,"max_hp_loss":0,"event_name":"Golden Wing","floor":3,"gold_loss":0},{"damage_healed":0,"gold_gain":0,"cards_transformed":["Strike_G"],"player_choice":"Change","damage_taken":0,"max_hp_gain":0,"max_hp_loss":0,"event_name":"Living Wall","floor":5,"gold_loss":0,"cards_obtained":["All Out Attack"]},{"damage_healed":0,"gold_gain":0,"player_choice":"Fought Mushrooms","damage_taken":0,"max_hp_gain":0,"max_hp_loss":0,"event_name":"Mushrooms","floor":10,"gold_loss":0},{"damage_healed":0,"gold_gain":100,"player_choice":"Gold","damage_taken":0,"max_hp_gain":0,"max_hp_loss":0,"event_name":"Wheel of Change","floor":11,"gold_loss":0},{"damage_healed":0,"gold_gain":0,"player_choice":"Lose Max HP","damage_taken":0,"relics_obtained":["Golden Idol"],"max_hp_gain":0,"max_hp_loss":5,"event_name":"Golden Idol","floor":13,"gold_loss":0},{"damage_healed":0,"gold_gain":0,"player_choice":"Fled","damage_taken":0,"max_hp_gain":0,"max_hp_loss":0,"event_name":"Scrap Ooze","floor":14,"gold_loss":0},{"damage_healed":0,"gold_gain":99,"player_choice":"Stole From Cult","damage_taken":0,"max_hp_gain":0,"max_hp_loss":0,"event_name":"Nest","floor":19,"gold_loss":0},{"cards_removed":["Strike_G"],"damage_healed":0,"gold_gain":0,"player_choice":"Gave Gold","damage_taken":0,"max_hp_gain":0,"max_hp_loss":0,"event_name":"Beggar","floor":20,"gold_loss":75},{"damage_healed":0,"gold_gain":0,"player_choice":"Ignored","damage_taken":0,"max_hp_gain":0,"max_hp_loss":0,"event_name":"Ghosts","floor":21,"gold_loss":0},{"damage_healed":0,"gold_gain":0,"player_choice":"Ignored","damage_taken":0,"max_hp_gain":0,"max_hp_loss":0,"event_name":"Vampires","floor":22,"gold_loss":0},{"damage_healed":0,"gold_gain":0,"player_choice":"Gave Idol","damage_taken":0,"relics_obtained":["Bloody Idol"],"max_hp_gain":0,"max_hp_loss":0,"event_name":"Forgotten Altar","floor":24,"relics_lost":["Golden Idol"],"gold_loss":0},{"damage_healed":0,"gold_gain":0,"player_choice":"Paid Fearfully","damage_taken":0,"max_hp_gain":0,"max_hp_loss":0,"event_name":"Masked Bandits","floor":30,"gold_loss":532}],"is_beta":false,"boss_relics":[{"not_picked":["Pandora\u0027s Box","HoveringKite"],"picked":"SlaversCollar"}],"items_purged_floors":[],"is_endless":false,"potions_floor_spawned":[6,7,16,27,28],"killed_by":"Collector","ascension_level":11}}