{"host":"appz8zkad29u9482","time":1609811393,"event":{"mods":["2.2 Compatiblity","Act Like it!","Aspiration","BaseMod","Beaked The Cultist","Better Altar","Better Match","Better Note","Better Skull","Better Third Choice","BetterRewards","CapriCore","Conspire","Disable Question Mark Monsters","Energized Spire","Gensokyo","GifTheSpireLib","Gold Saver","Halation","Hermit","Hubris","Infinite Spire","Jedi Mod","Jorbs\u0027s Wanderer Trilogy","Koishi","Marisa????????","Minty Spire (QoL Compilation)","Permanent Neow","Reimu??????","Replay The Spire","Spicy Shops","StSLib","Strawberry Spire","Stuff the Spire","The Administrix","The Cursed","The Hierophant","The Immortal","The Marked","The Servant 0.9.4","yUi"],"gold_per_floor":[433,433,447,417,433,467,482,382,382,409,422,422,439,439,439],"floor_reached":14,"playtime":614,"items_purged":[],"score":97,"play_id":"a59f2372-e58f-48c3-9181-a7df90e28ec0","local_time":"20210104154953","is_ascension_mode":true,"campfire_choices":[],"circlet_count":0,"master_deck":["Strike_B","Strike_B","Strike_B","Strike_B","Defend_B","Defend_B","Defend_B","Zap","Dualcast","Shame","jedi:markofdeath","Coolheaded","Doom and Gloom","Regret","Redo","jedi:overflow","StuffTheSpire:SnapShoot","Time Bomb","Ghostly","Coolheaded","Chaos"],"relics":["Cracked Core","jedi:bottledfury","Juzu Bracelet","conspire:Flyswatter","StuffTheSpire:TintedRock"],"acts_visited":["Exordium"],"potions_floor_usage":[7,7,11,14],"damage_taken":[{"damage":0,"enemies":"2 Louse","floor":1,"turns":2},{"damage":4,"enemies":"Small Slimes","floor":3,"turns":2},{"damage":3,"enemies":"Cultist","floor":5,"turns":3},{"damage":46,"enemies":"3 Sentries","floor":6,"turns":6},{"damage":13,"enemies":"Exordium Thugs","floor":7,"turns":4},{"damage":0,"enemies":"Large Slime","floor":11,"turns":4},{"damage":5,"enemies":"3 Louse","floor":13,"turns":3},{"damage":24,"enemies":"Gremlin Nob","floor":14,"turns":2}],"seed_played":"6554002794705630126","potions_obtained":[{"floor":1,"key":"Milkshake"},{"floor":4,"key":"LiquidBronze"},{"floor":4,"key":"SmokeBomb"},{"floor":6,"key":"Block Potion"},{"floor":7,"key":"SkillPotion"}],"is_trial":false,"path_per_floor":["M","?","M","?","M","E","M","?","T","T","M","?","M","E"],"character_chosen":"DEFECT","items_purchased":["Coolheaded"],"campfire_rested":0,"item_purchase_floors":[0],"current_hp_per_floor":[70,70,66,66,63,17,4,4,4,4,4,12,7,0,0],"gold":439,"neow_bonus":"","is_daily":false,"chose_seed":false,"campfire_upgraded":0,"win_rate":0.0,"timestamp":1609811393,"path_taken":["M","?","M","?","M","E","M","?","T","?","M","?","M","E"],"items_purchased_type":["Card"],"build_version":"2020-12-22","purchased_purges":0,"victory":false,"max_hp_per_floor":[75,75,75,75,75,75,75,75,75,75,75,75,75,75,75],"card_choices":[{"not_picked":["Leap","Cold Snap"],"picked":"Doom and Gloom","floor":1},{"not_picked":["Panic Button","jedi:BurstFrost"],"picked":"Redo","floor":3},{"not_picked":["conspire:SharedLibrary","strawberrySpire:Disconnect"],"picked":"jedi:overflow","floor":5},{"not_picked":["ReplayTheSpireMod:GoodbyeWorld","Reinforced Body"],"picked":"StuffTheSpire:SnapShoot","floor":6},{"not_picked":["Leap","strawberrySpire:THEL"],"picked":"Time Bomb","floor":7},{"not_picked":["Conserve Battery","Redo"],"picked":"Coolheaded","floor":11},{"not_picked":["Conserve Battery","strawberrySpire:Disconnect"],"picked":"Chaos","floor":13}],"player_experience":466204,"relics_obtained":[{"floor":6,"key":"Juzu Bracelet"},{"floor":9,"key":"conspire:Flyswatter"},{"floor":10,"key":"StuffTheSpire:TintedRock"}],"event_choices":[{"damage_healed":0,"gold_gain":0,"player_choice":"Box","damage_taken":0,"relics_obtained":["jedi:bottledfury"],"max_hp_gain":0,"max_hp_loss":0,"event_name":"Big Fish","floor":2,"gold_loss":0,"cards_obtained":["Regret"]},{"damage_healed":0,"gold_gain":0,"player_choice":"Bought 2 Potions","damage_taken":0,"max_hp_gain":0,"max_hp_loss":0,"event_name":"The Woman in Blue","floor":4,"gold_loss":0},{"damage_healed":0,"gold_gain":0,"player_choice":"Argue","damage_taken":0,"max_hp_gain":0,"max_hp_loss":0,"event_name":"conspire:LoneGhost","floor":8,"gold_loss":0}],"is_beta":false,"boss_relics":[],"items_purged_floors":[],"is_endless":false,"potions_floor_spawned":[1,6,7],"killed_by":"Gremlin Nob","ascension_level":1}}