{"host":"mydft8i2zzydgggw","time":1609865680,"event":{"mods":["AchievementEnabler","BaseMod","BetterRewards","Colored Map","Colored Powertips","DeckTracker","Keyboard Shortcuts","Minty Spire (QoL Compilation)","Quick Restart","Rare Cards Sparkle","StSLib","SuperFastMode","The Poker Player","everything is the same but u backflip on backflip"],"gold_per_floor":[118,118,193,193,216,249,249,290,313,313,313,332,355,355,31,31,150,150,165,178,198,98,111,152,152,186,186,109,130,153,193,211,211,342,342,357,373,79,79,103,103,144,0,24,67,91,105,105,148,148,148,148,148,3,47,47,47],"floor_reached":56,"playtime":1997,"items_purged":["Strike_B","Doom and Gloom"],"score":1053,"play_id":"b0b04835-8669-4302-986e-299b2a1407c5","local_time":"20210106015440","is_ascension_mode":true,"campfire_choices":[{"data":"Streamline","floor":7.0,"key":"SMITH"},{"floor":14.0,"key":"REST"},{"data":"Electrodynamics","floor":16.0,"key":"SMITH"},{"data":"Recycle","floor":25.0,"key":"SMITH"},{"data":"Buffer","floor":33.0,"key":"SMITH"},{"data":"Creative AI","floor":41.0,"key":"SMITH"},{"floor":48.0,"key":"REST"},{"floor":50.0,"key":"RECALL"},{"data":"Defragment","floor":53.0,"key":"SMITH"}],"circlet_count":0,"master_deck":["Zap+1","Dualcast","BootSequence","Auto Shields","Streamline+1","Electrodynamics+1","Skim","Echo Form","Steam","Go for the Eyes+1","Tempest","Double Energy","Static Discharge","Glacier","Buffer+1","Defragment+1","Self Repair+1","Seek+1","Creative AI+1","Fusion+1","Echo Form+1","Chill+1","Turbo+1","Capacitor+1","Capacitor+1","Storm+1"],"relics":["Cracked Core","Golden Idol","Anchor","MealTicket","Akabeko","Mummified Hand","Bottled Tornado","Pandora\u0027s Box","Happy Flower","Symbiotic Virus","Toxic Egg 2","Whetstone","Astrolabe","Prayer Wheel","Blood Vial","Red Mask","Frozen Egg 2","Thread and Needle","DataDisk","Bottled Flame"],"acts_visited":["Exordium","TheCity","TheBeyond","TheEnding"],"potions_floor_usage":[56],"damage_taken":[{"damage":1.0,"enemies":"Cultist","floor":1.0,"turns":3.0},{"damage":2.0,"enemies":"Jaw Worm","floor":5.0,"turns":2.0},{"damage":14.0,"enemies":"Lagavulin","floor":6.0,"turns":5.0},{"damage":19.0,"enemies":"Gremlin Nob","floor":8.0,"turns":4.0},{"damage":0.0,"enemies":"Small Slimes","floor":12.0,"turns":2.0},{"damage":0.0,"enemies":"3 Louse","floor":13.0,"turns":2.0},{"damage":13.0,"enemies":"The Guardian","floor":17.0,"turns":7.0},{"damage":0.0,"enemies":"2 Thieves","floor":19.0,"turns":3.0},{"damage":0.0,"enemies":"Chosen","floor":20.0,"turns":4.0},{"damage":17.0,"enemies":"Shelled Parasite and Fungi","floor":21.0,"turns":3.0},{"damage":25.0,"enemies":"Snecko","floor":23.0,"turns":4.0},{"damage":0.0,"enemies":"Gremlin Leader","floor":24.0,"turns":6.0},{"damage":4.0,"enemies":"Book of Stabbing","floor":26.0,"turns":5.0},{"damage":0.0,"enemies":"Chosen and Byrds","floor":29.0,"turns":3.0},{"damage":0.0,"enemies":"3 Cultists","floor":30.0,"turns":3.0},{"damage":10.0,"enemies":"Slavers","floor":31.0,"turns":3.0},{"damage":0.0,"enemies":"Cultist and Chosen","floor":32.0,"turns":4.0},{"damage":5.0,"enemies":"Automaton","floor":34.0,"turns":7.0},{"damage":0.0,"enemies":"3 Darklings","floor":36.0,"turns":5.0},{"damage":0.0,"enemies":"3 Shapes","floor":37.0,"turns":3.0},{"damage":0.0,"enemies":"Sphere and 2 Shapes","floor":40.0,"turns":3.0},{"damage":22.0,"enemies":"Nemesis","floor":42.0,"turns":9.0},{"damage":0.0,"enemies":"Reptomancer","floor":45.0,"turns":5.0},{"damage":21.0,"enemies":"Spire Growth","floor":46.0,"turns":5.0},{"damage":64.0,"enemies":"Writhing Mass","floor":47.0,"turns":4.0},{"damage":0.0,"enemies":"Giant Head","floor":49.0,"turns":7.0},{"damage":27.0,"enemies":"Donu and Deca","floor":51.0,"turns":7.0},{"damage":5.0,"enemies":"Shield and Spear","floor":55.0,"turns":4.0},{"damage":105,"enemies":"The Heart","floor":56,"turns":5}],"seed_played":"8338895707886114664","potions_obtained":[{"floor":1.0,"key":"AttackPotion"},{"floor":6.0,"key":"Explosive Potion"},{"floor":8.0,"key":"DuplicationPotion"},{"floor":19.0,"key":"Regen Potion"},{"floor":24.0,"key":"DuplicationPotion"},{"floor":29.0,"key":"PotionOfCapacity"},{"floor":31.0,"key":"Block Potion"},{"floor":32.0,"key":"FocusPotion"},{"floor":36.0,"key":"Fruit Juice"},{"floor":39.0,"key":"Energy Potion"},{"floor":39.0,"key":"SneckoOil"},{"floor":39.0,"key":"FairyPotion"},{"floor":40.0,"key":"FocusPotion"},{"floor":47.0,"key":"FearPotion"},{"floor":55.0,"key":"Swift Potion"}],"is_trial":false,"path_per_floor":["M","?","?","?","M","E","R","E","T","T","?","M","M","R","$","R","B",null,"M","M","M","$","M","E","R","E","T","$","M","M","E","M","R","B",null,"M","M","$","?","M","R","E","?","T","E","M","M","R","E","R","B",null,"R","$","E","B"],"character_chosen":"DEFECT","items_purchased":["Bottled Tornado","Defragment","Prayer Wheel","DataDisk"],"campfire_rested":2,"item_purchase_floors":[15,28,38,54],"current_hp_per_floor":[74,79,68,68,66,52,52,33,33,33,33,33,33,55,70,70,57,74,74,74,57,72,52,52,52,48,48,63,63,63,63,74,74,74,74,79,79,79,79,79,79,67,67,67,79,78,25,48,60,60,45,79,79,79,79,0,0],"gold":47,"neow_bonus":"TRANSFORM_CARD","is_daily":false,"chose_seed":false,"campfire_upgraded":6,"win_rate":0.0,"timestamp":1609865680,"path_taken":["M","?","?","?","M","E","R","E","T","T","?","M","M","R","$","R","BOSS","M","M","M","?","M","E","R","E","T","$","M","M","E","M","R","BOSS","M","M","$","?","?","R","E","?","T","E","M","M","R","E","R","BOSS","R","$","E","BOSS"],"items_purchased_type":["Relic","Card","Relic","Relic"],"build_version":"2020-12-22","purchased_purges":2,"victory":false,"max_hp_per_floor":[75,80,80,74,74,74,74,74,74,74,74,74,74,74,74,74,74,74,74,74,74,74,74,74,74,74,74,74,74,74,74,74,74,74,74,79,79,79,79,79,79,79,79,79,79,79,79,79,79,79,79,79,79,79,79,79,79],"card_choices":[{"not_picked":["Sweeping Beam","Rip and Tear"],"picked":"Auto Shields","floor":1.0},{"not_picked":["BootSequence","Barrage"],"picked":"Streamline","floor":5.0},{"not_picked":["Barrage","Ball Lightning"],"picked":"Electrodynamics","floor":6.0},{"not_picked":["Steam Power","Steam"],"picked":"Skim","floor":8.0},{"not_picked":["Gash","Barrage","Turbo"],"picked":"SKIP","floor":12.0},{"not_picked":["Streamline","Barrage","Rebound"],"picked":"SKIP","floor":13.0},{"not_picked":["Rainbow","Core Surge"],"picked":"Echo Form","floor":17.0},{"not_picked":["Leap","Gash"],"picked":"Double Energy","floor":19.0},{"not_picked":["Rebound","Undo","Cold Snap"],"picked":"SKIP","floor":20.0},{"not_picked":["Conserve Battery","Streamline+1"],"picked":"Static Discharge","floor":21.0},{"not_picked":["Barrage","Beam Cell+1"],"picked":"Glacier","floor":23.0},{"not_picked":["Sweeping Beam+1","Consume"],"picked":"Recycle","floor":24.0},{"not_picked":["Reinforced Body","Melter"],"picked":"Buffer","floor":26.0},{"not_picked":["Reprogram+1","Stack+1","Gash"],"picked":"SKIP","floor":29.0},{"not_picked":["Coolheaded+1","Hello World"],"picked":"Self Repair+1","floor":30.0},{"not_picked":["Barrage","Coolheaded+1"],"picked":"Seek+1","floor":31.0},{"not_picked":["Ball Lightning","Conserve Battery+1","Redo+1"],"picked":"SKIP","floor":32.0},{"not_picked":["Fission+1","Electrodynamics"],"picked":"Creative AI","floor":34.0},{"not_picked":["Gash","Stack+1","Hologram+1"],"picked":"SKIP","floor":36.0},{"not_picked":["Go for the Eyes","Hello World","Darkness+1"],"picked":"SKIP","floor":37.0},{"not_picked":["Coolheaded+1","Reprogram+1"],"picked":"Turbo+1","floor":40.0},{"not_picked":["Coolheaded+1","Tempest+1","Hologram+1"],"picked":"SKIP","floor":40.0},{"not_picked":["Conserve Battery+1","Doom and Gloom","Sweeping Beam"],"picked":"SKIP","floor":42.0},{"not_picked":["Streamline+1","Rebound"],"picked":"Capacitor+1","floor":45.0},{"not_picked":["Double Energy+1","Cold Snap+1"],"picked":"Capacitor+1","floor":46.0},{"not_picked":["Leap+1","Rebound","Barrage+1"],"picked":"SKIP","floor":46.0},{"not_picked":["Cold Snap+1","Sunder","Scrape"],"picked":"SKIP","floor":47.0},{"not_picked":["Conserve Battery+1","Sweeping Beam+1","Coolheaded+1"],"picked":"SKIP","floor":47.0},{"not_picked":["All For One","Auto Shields+1","Barrage+1"],"picked":"SKIP","floor":49.0},{"not_picked":["Steam Power+1","Undo+1"],"picked":"Storm+1","floor":55.0}],"player_experience":109733,"relics_obtained":[{"floor":6.0,"key":"Anchor"},{"floor":8.0,"key":"MealTicket"},{"floor":9.0,"key":"Akabeko"},{"floor":10.0,"key":"Mummified Hand"},{"floor":24.0,"key":"Happy Flower"},{"floor":26.0,"key":"Symbiotic Virus"},{"floor":27.0,"key":"Toxic Egg 2"},{"floor":31.0,"key":"Whetstone"},{"floor":42.0,"key":"Blood Vial"},{"floor":45.0,"key":"Frozen Egg 2"},{"floor":49.0,"key":"Thread and Needle"},{"floor":55.0,"key":"Bottled Flame"}],"event_choices":[{"damage_healed":0.0,"max_hp_gain":5.0,"max_hp_loss":0.0,"gold_gain":0.0,"event_name":"Big Fish","player_choice":"Donut","floor":2.0,"gold_loss":0.0,"damage_taken":0.0},{"damage_healed":0.0,"max_hp_gain":0.0,"max_hp_loss":0.0,"gold_gain":75.0,"event_name":"World of Goop","player_choice":"Gather Gold","floor":3.0,"gold_loss":0.0,"damage_taken":11.0},{"damage_healed":0.0,"max_hp_gain":0.0,"max_hp_loss":6.0,"gold_gain":0.0,"event_name":"Golden Idol","player_choice":"Lose Max HP","floor":4.0,"gold_loss":0.0,"damage_taken":0.0,"relics_obtained":["Golden Idol"]},{"damage_healed":0.0,"max_hp_gain":0.0,"max_hp_loss":0.0,"gold_gain":0.0,"event_name":"Upgrade Shrine","player_choice":"Upgraded","floor":11.0,"gold_loss":0.0,"damage_taken":0.0,"cards_upgraded":["Zap"]},{"damage_healed":0.0,"max_hp_gain":0.0,"max_hp_loss":0.0,"gold_gain":0.0,"event_name":"Lab","player_choice":"Got Potions","floor":39.0,"gold_loss":0.0,"damage_taken":0.0},{"damage_healed":0.0,"max_hp_gain":0.0,"max_hp_loss":0.0,"gold_gain":0.0,"event_name":"Tomb of Lord Red Mask","player_choice":"Paid","floor":43.0,"gold_loss":144.0,"damage_taken":0.0,"relics_obtained":["Red Mask"]}],"is_beta":false,"boss_relics":[{"not_picked":["Calling Bell","Sozu"],"picked":"Pandora\u0027s Box"},{"not_picked":["SacredBark","Busted Crown"],"picked":"Astrolabe"}],"items_purged_floors":[15,22],"is_endless":false,"potions_floor_spawned":[1,6,8,19,24,29,31,32,36,40,47,55],"killed_by":"The Heart","ascension_level":4}}