{"host":"sr8en4gw972fjdth","time":1609813197,"event":{"mods":["2.2 Compatiblity","BaseMod","Colored Map","Conspire","Downfall","Friendly Minions","GungeonMod","Halation","Hermit","Hubris","Infinite Spire","Minty Spire (QoL Compilation)","Rare Cards Sparkle","Replay The Spire","Shade Mod","StSLib"],"gold_per_floor":[99,113,113,21,21,21,72,85,85,113,38,72,86,97,114,114,114,114],"floor_reached":16,"playtime":1173,"items_purged":[],"score":135,"play_id":"86b9208a-6df9-4385-91ec-cc919f386ff3","local_time":"20210104221957","is_ascension_mode":false,"campfire_choices":[{"floor":1,"key":"DIG"},{"floor":6,"key":"RECALL"},{"data":"Slimebound:LeadByExample","floor":11,"key":"SMITH"}],"circlet_count":0,"master_deck":["Slimebound:Strike_Slimebound","Slimebound:Strike_Slimebound+1","Slimebound:Strike_Slimebound+1","Slimebound:Tackle+1","Slimebound:Defend_Slimebound+1","Slimebound:Defend_Slimebound","Slimebound:Defend_Slimebound","Slimebound:Defend_Slimebound","Slimebound:Split","Slimebound:CorrosiveSpit","Slimebound:LeadByExample+1","Slimebound:SlimeSpikes","Slimebound:SpikyOuterGoop+1","Regret","Slimebound:MinionMaster","Slimebound:PressTheAttack","Pot Of Greed","Pot Of Greed","Slimebound:Prepare","Slimebound:SplitBruiser","Slimebound:LeadByExample","Slimebound:GoopSpray"],"relics":["Slimebound:AbsorbEndCombat","DemoMod:MonsterBlood","hubris:Icosahedron","Whetstone","downfall:HeartBlessingBlue","Grinning Jar"],"acts_visited":["Exordium"],"potions_floor_usage":[10,16,16],"damage_taken":[{"damage":13,"enemies":"Jaw Worm","floor":2,"turns":3},{"damage":10,"enemies":"downfall:FleeingMerchant","floor":4,"turns":4},{"damage":6,"enemies":"conspire:RoseBush","floor":8,"turns":3},{"damage":30,"enemies":"3 Sentries","floor":10,"turns":6},{"damage":35,"enemies":"Lagavulin","floor":12,"turns":6},{"damage":15,"enemies":"Small Slimes","floor":13,"turns":4},{"damage":10,"enemies":"conspire:2 RoseBushes","floor":14,"turns":5},{"damage":16,"enemies":"Lots of Slimes","floor":15,"turns":3},{"damage":49,"enemies":"downfall:Ironclad","floor":16,"turns":3}],"seed_played":"-8586402041397921042","potions_obtained":[{"floor":2,"key":"DuplicationPotion"},{"floor":12,"key":"sneckomod:MuddlingPotion"},{"floor":13,"key":"FearPotion"},{"floor":15,"key":"AttackPotion"}],"is_trial":false,"path_per_floor":["R_BF","M","?","$","?","R","T","M","?","E","R","E","M","M","M","B"],"character_chosen":"SLIMEBOUND","items_purchased":["Slimebound:SpikyOuterGoop"],"campfire_rested":0,"item_purchase_floors":[4],"current_hp_per_floor":[73,72,72,70,70,70,70,73,73,55,65,58,59,61,49,0,0,0],"gold":114,"neow_bonus":"TEN_PERCENT_HP_BONUS","is_daily":false,"chose_seed":false,"campfire_upgraded":1,"win_rate":0.0,"timestamp":1609813197,"path_taken":["R_BF","M","?","$","?","R","T","M","?","E","R","E","?","?","M","BOSS"],"items_purchased_type":["Card"],"build_version":"2020-12-22","purchased_purges":0,"victory":false,"max_hp_per_floor":[73,73,73,73,73,73,73,73,73,73,83,83,83,83,83,83,83,83],"card_choices":[{"not_picked":["Slimebound:GrowthPunch","Slimebound:SlimeTap"],"picked":"Slimebound:LeadByExample","floor":2},{"not_picked":["Slimebound:Overexert","Slimebound:SlimeTap"],"picked":"Slimebound:SlimeSpikes","floor":4},{"not_picked":["Slimebound:Schlurp","Slimebound:ComboTackle"],"picked":"Slimebound:MinionMaster","floor":8},{"not_picked":["Slimebound:ViciousTackle","Slimebound:LeechingTouch"],"picked":"Slimebound:PressTheAttack","floor":10},{"not_picked":["Slimebound:RejuvenatingLick","Slimebound:FinishingTackle"],"picked":"Slimebound:Prepare","floor":12},{"not_picked":["Slimebound:LivingWall","Slimebound:FirmFortitude"],"picked":"Slimebound:SplitBruiser","floor":13},{"not_picked":["Slimebound:RollThrough","Slimebound:SlimeBrawl"],"picked":"Slimebound:LeadByExample","floor":14},{"not_picked":["Slimebound:SamplingLick","Slimebound:DisruptingSlam"],"picked":"Slimebound:GoopSpray","floor":15}],"player_experience":216528,"relics_obtained":[{"floor":1,"key":"DemoMod:MonsterBlood"},{"floor":10,"key":"Whetstone"},{"floor":12,"key":"Grinning Jar"}],"event_choices":[{"damage_healed":0,"gold_gain":0,"player_choice":"Leave","damage_taken":0,"max_hp_gain":0,"max_hp_loss":0,"event_name":"conspire:Investor","floor":3,"gold_loss":0}],"is_beta":false,"boss_relics":[],"items_purged_floors":[],"is_endless":false,"potions_floor_spawned":[2,12,13,15],"killed_by":"downfall:Ironclad","ascension_level":0}}