{"host":"c43fkomrial8fa1s","time":1609834861,"event":{"mods":["BaseMod","Googly Eyes","Minty Spire (QoL Compilation)","Quick Restart","Relic Stats","StSLib"],"gold_per_floor":[117,131,146,160,160,160,201,276,301,334,2,2,25,45,45,175,175,199,114,27,27,43,43,43],"floor_reached":23,"playtime":925,"items_purged":["Strike_R"],"score":241,"play_id":"5e570898-390c-483e-a9b4-0f184cc93ec8","local_time":"20210105022101","is_ascension_mode":true,"campfire_choices":[{"data":"Carnage","floor":6,"key":"SMITH"},{"floor":12,"key":"REST"},{"floor":15,"key":"REST"}],"circlet_count":0,"master_deck":["Strike_R","Strike_R","Strike_R","Strike_R","Defend_R","Defend_R","Defend_R","Defend_R","Bash","Carnage+1","Infernal Blade","Bloodletting","Inflame","Shrug It Off","Burning Pact","True Grit","Demon Form","Anger","Inflame","Thunderclap","Shrug It Off"],"relics":["Burning Blood","NeowsBlessing","Golden Idol","Regal Pillow","Orichalcum","Ancient Tea Set","Sling","Mark of Pain","InkBottle","Question Card"],"acts_visited":["Exordium","TheCity"],"potions_floor_usage":[16,16,16],"damage_taken":[{"damage":0,"enemies":"Small Slimes","floor":1,"turns":1},{"damage":0,"enemies":"Jaw Worm","floor":2,"turns":1},{"damage":0,"enemies":"2 Louse","floor":3,"turns":1},{"damage":23,"enemies":"Large Slime","floor":4,"turns":8},{"damage":35,"enemies":"3 Sentries","floor":7,"turns":7},{"damage":20,"enemies":"Gremlin Nob","floor":10,"turns":4},{"damage":0,"enemies":"Looter","floor":13,"turns":2},{"damage":2,"enemies":"2 Fungi Beasts","floor":14,"turns":3},{"damage":33,"enemies":"Slime Boss","floor":16,"turns":10},{"damage":32,"enemies":"3 Byrds","floor":18,"turns":6},{"damage":5,"enemies":"Chosen","floor":22,"turns":4},{"damage":52,"enemies":"Book of Stabbing","floor":23,"turns":4}],"seed_played":"-2533263022472463472","potions_obtained":[{"floor":2,"key":"HeartOfIron"},{"floor":7,"key":"Block Potion"},{"floor":14,"key":"Explosive Potion"}],"is_trial":false,"path_per_floor":["M","M","M","M","?","R","E","?","T","E","$","R","M","M","R","B",null,"M","?","$","?","M","E"],"character_chosen":"IRONCLAD","items_purchased":["Inflame","Sling","Shrug It Off","Inflame","Thunderclap"],"campfire_rested":2,"item_purchase_floors":[11,11,11,20,20],"current_hp_per_floor":[80,80,80,63,63,63,34,23,23,9,9,46,52,56,74,47,74,48,48,48,48,49,0,0],"gold":43,"neow_bonus":"THREE_ENEMY_KILL","is_daily":false,"chose_seed":false,"campfire_upgraded":1,"win_rate":0.0,"timestamp":1609834861,"path_taken":["M","M","M","M","?","R","E","?","T","E","?","R","M","M","R","BOSS","M","?","$","?","M","E"],"items_purchased_type":["Card","Relic","Card","Card","Card"],"build_version":"2020-12-22","purchased_purges":1,"victory":false,"max_hp_per_floor":[80,80,80,80,74,74,74,74,74,74,74,74,74,74,74,74,74,74,74,74,74,74,74,74],"relic_stats":{"Regal Pillow":15,"counters":[12,51],"Golden Idol":58,"Orichalcum":[54],"Question Card":1,"obtain_stats":[{"Regal Pillow":7,"NeowsBlessing":0,"Golden Idol":5,"Mark of Pain":17,"Orichalcum":9,"Ancient Tea Set":10,"Sling":11,"Question Card":21,"Burning Blood":0,"InkBottle":19},{"Regal Pillow":5,"NeowsBlessing":0,"Golden Idol":4,"Mark of Pain":9,"Orichalcum":5,"Ancient Tea Set":6,"Sling":6,"Question Card":10,"Burning Blood":0,"InkBottle":10},{"Regal Pillow":18,"NeowsBlessing":0,"Golden Idol":11,"Mark of Pain":37,"Orichalcum":18,"Ancient Tea Set":22,"Sling":22,"Question Card":43,"Burning Blood":0,"InkBottle":43}],"Burning Blood":48,"InkBottle":[2]},"card_choices":[{"not_picked":["Iron Wave","Havoc","Metallicize"],"picked":"SKIP","floor":1},{"not_picked":["Sword Boomerang","Heavy Blade","Armaments"],"picked":"SKIP","floor":2},{"not_picked":["Reckless Charge","Sever Soul","Spot Weakness"],"picked":"SKIP","floor":3},{"not_picked":["Flex","Clash"],"picked":"Carnage","floor":4},{"not_picked":["Warcry","Headbutt"],"picked":"Infernal Blade","floor":7},{"not_picked":["Flame Barrier","Infernal Blade"],"picked":"Bloodletting","floor":10},{"not_picked":["Battle Trance","Wild Strike"],"picked":"Burning Pact","floor":13},{"not_picked":["Clash","Perfected Strike"],"picked":"True Grit","floor":14},{"not_picked":["Barricade","Double Tap"],"picked":"Demon Form","floor":16},{"not_picked":["Combust","Headbutt"],"picked":"Anger","floor":18},{"not_picked":["Clothesline+1","Dark Embrace","Metallicize"],"picked":"Shrug It Off","floor":22}],"player_experience":342086,"relics_obtained":[{"floor":7,"key":"Regal Pillow"},{"floor":9,"key":"Orichalcum"},{"floor":10,"key":"Ancient Tea Set"}],"event_choices":[{"damage_healed":0,"gold_gain":0,"player_choice":"Lose Max HP","damage_taken":0,"relics_obtained":["Golden Idol"],"max_hp_gain":0,"max_hp_loss":6,"event_name":"Golden Idol","floor":5,"gold_loss":0},{"damage_healed":0,"gold_gain":75,"player_choice":"Gather Gold","damage_taken":11,"max_hp_gain":0,"max_hp_loss":0,"event_name":"World of Goop","floor":8,"gold_loss":0},{"damage_healed":0,"gold_gain":0,"player_choice":"Obtained Relic","damage_taken":0,"relics_obtained":["InkBottle"],"max_hp_gain":0,"max_hp_loss":0,"event_name":"Addict","floor":19,"gold_loss":85},{"damage_healed":0,"gold_gain":0,"player_choice":"Opened","damage_taken":0,"relics_obtained":["Question Card"],"max_hp_gain":0,"max_hp_loss":0,"event_name":"The Mausoleum","floor":21,"gold_loss":0}],"is_beta":false,"boss_relics":[{"not_picked":["Calling Bell","Black Blood"],"picked":"Mark of Pain"}],"items_purged_floors":[11],"is_endless":false,"potions_floor_spawned":[2,7,14],"killed_by":"Book of Stabbing","ascension_level":4}}