{"host":"qg7fj05lalo09o61","time":1609854834,"event":{"mods":["Act Like it!","Always Whale","BaseMod","CapriCore","Gensokyo","Marisa????????","Minty Spire (QoL Compilation)","StSLib"],"gold_per_floor":[110,127,58,58,70,95,105,105,105,80,80,111,111,130,130,232,232,247,0,0,20,20,20,50,94,94,94,18,18,18,48,48,48,48],"floor_reached":33,"playtime":1864,"items_purged":[],"score":324,"play_id":"4e2da3b5-6fb4-45fe-ac11-ada011c6aab7","local_time":"20210105165354","is_ascension_mode":true,"campfire_choices":[{"data":"DC","floor":11,"key":"SMITH"},{"data":"GalacticHalo","floor":13,"key":"SMITH"},{"data":"DoubleSpark","floor":15,"key":"SMITH"},{"data":"CollectingQuirk","floor":23,"key":"SMITH"},{"data":"CollectingQuirk","floor":27,"key":"SMITH"},{"data":"ManaConvection","floor":29,"key":"SMITH"},{"data":"MysteriousBeam","floor":32,"key":"SMITH"}],"circlet_count":0,"master_deck":["Strike_MRS","Strike_MRS","Strike_MRS","Strike_MRS","Defend_MRS","Defend_MRS","Defend_MRS","Defend_MRS","MasterSpark","UpSweep","ShootingEcho","GrandCross","DC","WitchLeyline","MysteriousBeam+1","MysteriousBeam","GalacticHalo+1","AlicesGift+1","DC+1","DoubleSpark+1","CollectingQuirk+1","DarkMatter","WitchOfGreed","MysteriousBeam","CollectingQuirk+1","ManaConvection+1","DarkMatter+1","GalacticHalo+1"],"relics":["MiniHakkero","Centennial Puzzle","Ornamental Fan","Matryoshka","Bottled Lightning","Runic Dome","Strawberry","Pocketwatch","Mummified Hand","Toxic Egg 2","Gensokyo:DayTheSeaSplit"],"acts_visited":["Exordium","Gensokyo:Gensokyo"],"potions_floor_usage":[25,31,33],"damage_taken":[{"damage":0,"enemies":"Gensokyo:3_Fairies","floor":1,"turns":3},{"damage":2,"enemies":"Gensokyo:2_Kodama","floor":2,"turns":3},{"damage":0,"enemies":"Gensokyo:Gryphon","floor":5,"turns":2},{"damage":21,"enemies":"Gensokyo:Cirno","floor":6,"turns":6},{"damage":1,"enemies":"Gensokyo:3_Kodama","floor":7,"turns":2},{"damage":0,"enemies":"Gensokyo:Mamizou","floor":12,"turns":3},{"damage":0,"enemies":"Gensokyo:LivingMonolith","floor":14,"turns":2},{"damage":14,"enemies":"Gensokyo:Yukari","floor":16,"turns":4},{"damage":0,"enemies":"Gensokyo:Chomper","floor":18,"turns":2},{"damage":1,"enemies":"Gensokyo:AngelMirror","floor":21,"turns":2},{"damage":23,"enemies":"Gensokyo:Tenshi","floor":24,"turns":3},{"damage":17,"enemies":"Gensokyo:Wraith","floor":25,"turns":3},{"damage":0,"enemies":"Gensokyo:Monolith_and_Dog","floor":31,"turns":2},{"damage":48,"enemies":"Gensokyo:Eternal_Rivals","floor":33,"turns":7}],"seed_played":"7882228934128528781","potions_obtained":[{"floor":1,"key":"SteroidPotion"},{"floor":7,"key":"DuplicationPotion"},{"floor":12,"key":"Swift Potion"},{"floor":25,"key":"PowerPotion"},{"floor":25,"key":"AttackPotion"},{"floor":31,"key":"ColorlessPotion"}],"is_trial":false,"path_per_floor":["M","M","COS","?","M","E","M","?","T","$","R","E","R","M","R","B",null,"M","$","?","M","?","R","E","M","T","R","$","R","?","M","R","B"],"character_chosen":"MARISA","items_purchased":["DC","DarkMatter","Strawberry","WitchOfGreed","DarkMatter+1"],"campfire_rested":0,"item_purchase_floors":[10,19,19,19,28],"current_hp_per_floor":[75,73,73,73,73,52,51,51,51,51,51,51,51,51,51,37,75,75,82,82,81,81,81,58,41,41,41,41,41,41,41,41,0,0],"gold":48,"neow_bonus":"RANDOM_COMMON_RELIC","is_daily":false,"chose_seed":false,"campfire_upgraded":7,"win_rate":0.0,"timestamp":1609854834,"path_taken":["M","M","COS","?","M","E","M","?","T","?","R","E","R","M","R","BOSS","M","$","?","M","?","R","E","M","T","R","$","R","?","M","R","BOSS"],"items_purchased_type":["Card","Card","Relic","Card","Card"],"build_version":"2020-12-22","purchased_purges":0,"victory":false,"max_hp_per_floor":[75,75,75,75,75,75,75,75,75,75,75,75,75,75,75,75,75,75,82,82,82,82,82,82,82,82,82,82,82,82,82,82,82,82],"card_choices":[{"not_picked":["OortCloud","DeepEcoloBomb"],"picked":"ShootingEcho","floor":1},{"not_picked":["RefractionSpark","EnergyRecoil"],"picked":"GrandCross","floor":2},{"not_picked":["ShootingEcho","UnstableBomb"],"picked":"DC","floor":4},{"not_picked":["OrrerysSun","MysteriousBeam"],"picked":"WitchLeyline","floor":4},{"not_picked":["SporeBomb","DoubleSpark"],"picked":"MysteriousBeam","floor":5},{"not_picked":["PowerUp","WitchOfGreed"],"picked":"MysteriousBeam","floor":6},{"not_picked":["LuminesStrike","ChargingUp"],"picked":"GalacticHalo","floor":7},{"not_picked":["OrrerysSun","RefractionSpark","LuminesStrike"],"picked":"SKIP","floor":12},{"not_picked":["Orbital","MilkyWay"],"picked":"DoubleSpark","floor":14},{"not_picked":["BigCrunch","MillisecondPulsars"],"picked":"CollectingQuirk","floor":16},{"not_picked":["DragonMeteor","MachineGunSpark","EnergyRecoil+1"],"picked":"SKIP","floor":18},{"not_picked":["LuminesStrike","ShootingEcho"],"picked":"MysteriousBeam","floor":21},{"not_picked":["OneTimeOff","MilkyWay"],"picked":"CollectingQuirk","floor":24},{"not_picked":["DC","AsteroidBelt"],"picked":"ManaConvection","floor":25},{"not_picked":["MeteoricShower","6A"],"picked":"GalacticHalo+1","floor":31}],"player_experience":203199,"relics_obtained":[{"floor":6,"key":"Ornamental Fan"},{"floor":9,"key":"Matryoshka"},{"floor":12,"key":"Bottled Lightning"},{"floor":24,"key":"Pocketwatch"},{"floor":26,"key":"Mummified Hand"},{"floor":26,"key":"Toxic Egg 2"}],"event_choices":[],"is_beta":false,"boss_relics":[{"not_picked":["Pandora\u0027s Box","SacredBark"],"picked":"Runic Dome"}],"items_purged_floors":[],"is_endless":false,"potions_floor_spawned":[1,7,12,14,21,31],"killed_by":"Gensokyo:Eternal_Rivals","ascension_level":2}}