{"host":"ec2wu4mdnvke243f","time":1609883476,"event":{"mods":["2.2 Compatiblity","AchievementEnabler","BaseMod","Defuse TimeMaze Blight","Downfall","Hermit","Infinite Spire","Minty Spire (QoL Compilation)","StSLib","The Cursed","The Disciple","The Jungle","The Servant 0.9.4"],"gold_per_floor":[110,126,189,189,206,235,289,315,315,315,280,280,294,326,326,326,326],"floor_reached":16,"playtime":766,"items_purged":[],"score":118,"play_id":"3c959b1a-923d-404e-8161-1f0c8c843740","local_time":"20210105225116","daily_mods":["Colorless Cards","Flight"],"is_ascension_mode":false,"campfire_choices":[{"floor":15,"key":"REST"}],"circlet_count":0,"master_deck":["hermit:Strike_Hermit","hermit:Strike_Hermit+1","hermit:Strike_Hermit","hermit:Strike_Hermit+1","hermit:Defend_Hermit","hermit:Defend_Hermit+1","hermit:Defend_Hermit","hermit:Defend_Hermit","hermit:Snapshot+1","hermit:Covet","hermit:Feint","hermit:Dive","hermit:Glare","hermit:Misfire","Jack Of All Trades+1","Normality","infinitespire:Pacifist","infinitespire:FinalStrike","hermit:Ricochet","expansioncontent:Flail"],"relics":["hermit:Momento","Blood Vial","Whetstone","Strawberry","Nunchaku","Sundial"],"acts_visited":["Exordium"],"potions_floor_usage":[6,16],"damage_taken":[{"damage":1,"enemies":"Cultist","floor":1,"turns":3},{"damage":0,"enemies":"Jaw Worm","floor":2,"turns":3},{"damage":1,"enemies":"2 Louse","floor":5,"turns":2},{"damage":18,"enemies":"Gremlin Nob","floor":6,"turns":6},{"damage":8,"enemies":"Lagavulin","floor":8,"turns":6},{"damage":5,"enemies":"2 Fungi Beasts","floor":13,"turns":4},{"damage":24,"enemies":"3 Sentries","floor":14,"turns":6},{"damage":65,"enemies":"Slime Boss","floor":16,"turns":12}],"seed_played":"8000205245277177939","potions_obtained":[{"floor":1,"key":"Strength Potion"},{"floor":2,"key":"hermit:Tonic"}],"is_trial":true,"path_per_floor":["M","M","?","?","M","E","T","E","T","?","?","?","M","E","R","B"],"character_chosen":"HERMIT","items_purchased":[],"campfire_rested":1,"item_purchase_floors":[],"current_hp_per_floor":[74,74,74,74,73,55,55,56,56,56,76,60,57,35,59,0,0],"gold":326,"neow_bonus":"","is_daily":false,"chose_seed":false,"campfire_upgraded":0,"win_rate":0.0,"timestamp":1609883476,"path_taken":["M","?","?","?","M","E","?","E","T","?","?","?","?","E","R","BOSS"],"items_purchased_type":[],"build_version":"2020-12-22","purchased_purges":0,"victory":false,"max_hp_per_floor":[75,75,75,75,75,75,75,82,82,82,82,82,82,82,82,82,82],"card_choices":[{"not_picked":["hermit:BigShot","hermit:ItchyTrigger"],"picked":"hermit:Feint","floor":1},{"not_picked":["hermit:TrackingShot","hermit:WideOpen"],"picked":"hermit:Dive","floor":2},{"not_picked":["hermit:Feint","hermit:HoleUp"],"picked":"hermit:Glare","floor":5},{"not_picked":["hermit:FullyLoaded","hermit:Roulette"],"picked":"hermit:Misfire","floor":6},{"not_picked":["hermit:WideOpen","hermit:TrackingShot"],"picked":"Jack Of All Trades","floor":8},{"not_picked":["infinitespire:Execution","infinitespire:Starlight"],"picked":"infinitespire:FinalStrike","floor":10},{"not_picked":["Magnetism","hermit:BodyArmor"],"picked":"hermit:Ricochet","floor":13},{"not_picked":["hermit:BodyArmor","expansioncontent:Torchfire"],"picked":"expansioncontent:Flail","floor":14}],"player_experience":561173,"relics_obtained":[{"floor":6,"key":"Blood Vial"},{"floor":7,"key":"Whetstone"},{"floor":8,"key":"Strawberry"},{"floor":9,"key":"Nunchaku"},{"floor":14,"key":"Sundial"}],"event_choices":[{"damage_healed":0,"gold_gain":63,"player_choice":"Gained Gold","damage_taken":0,"max_hp_gain":0,"max_hp_loss":0,"event_name":"Golden Wing","floor":3,"gold_loss":0},{"damage_healed":0,"gold_gain":0,"player_choice":"Grow","damage_taken":0,"max_hp_gain":0,"max_hp_loss":0,"event_name":"Living Wall","floor":4,"gold_loss":0,"cards_upgraded":["hermit:Snapshot"]},{"damage_healed":20,"gold_gain":0,"player_choice":"Healed","damage_taken":0,"max_hp_gain":0,"max_hp_loss":0,"event_name":"The Cleric","floor":11,"gold_loss":35},{"damage_healed":0,"gold_gain":0,"player_choice":"Entered Light","damage_taken":16,"max_hp_gain":0,"max_hp_loss":0,"event_name":"Shining Light","floor":12,"gold_loss":0,"cards_upgraded":["hermit:Defend_Hermit","Jack Of All Trades"]}],"is_beta":false,"boss_relics":[],"items_purged_floors":[],"is_endless":false,"potions_floor_spawned":[1,2],"killed_by":"Slime Boss","ascension_level":0}}