{"host":"m6aaltr68g9tvoay","time":1609826217,"event":{"mods":["AchievementEnabler","BaseMod","Colored Map","Minty Spire (QoL Compilation)","StSLib"],"gold_per_floor":[113,129,129,142,142,142,169,169,224,239,249,249,264,275,275,348,348,360,377,395,395,441,441,441,441],"floor_reached":24,"playtime":731,"items_purged":[],"score":380,"play_id":"196684e3-6eba-45ea-8f34-513b7d64ea18","local_time":"20210104215657","is_ascension_mode":true,"campfire_choices":[{"data":"Twin Strike","floor":6,"key":"SMITH"},{"data":"Perfected Strike","floor":8,"key":"SMITH"},{"data":"Intimidate","floor":12,"key":"SMITH"},{"data":"Shockwave","floor":15,"key":"SMITH"},{"floor":23,"key":"REST"}],"circlet_count":0,"master_deck":["AscendersBane","Strike_R","Strike_R","Strike_R","Strike_R","Strike_R","Defend_R","Defend_R","Defend_R","Defend_R","Bash","Twin Strike+1","Perfected Strike+1","Combust","Ghostly Armor","Intimidate+1","Shockwave+1","Feed","Shrug It Off","Ghostly Armor+1","Carnage"],"relics":["Burning Blood","Akabeko","Matryoshka","Lantern","Shuriken","Tiny Chest","SlaversCollar","Blood Vial","MealTicket"],"acts_visited":["Exordium","TheCity"],"potions_floor_usage":[7,16,18,19],"damage_taken":[{"damage":7,"enemies":"Cultist","floor":1,"turns":4},{"damage":0,"enemies":"Jaw Worm","floor":2,"turns":3},{"damage":6,"enemies":"Small Slimes","floor":4,"turns":2},{"damage":30,"enemies":"3 Sentries","floor":7,"turns":5},{"damage":7,"enemies":"Looter","floor":10,"turns":2},{"damage":0,"enemies":"2 Fungi Beasts","floor":11,"turns":1},{"damage":8,"enemies":"3 Louse","floor":13,"turns":3},{"damage":8,"enemies":"Exordium Thugs","floor":14,"turns":3},{"damage":38,"enemies":"Hexaghost","floor":16,"turns":9},{"damage":13,"enemies":"Shell Parasite","floor":18,"turns":2},{"damage":25,"enemies":"2 Thieves","floor":19,"turns":4},{"damage":32,"enemies":"Centurion and Healer","floor":20,"turns":9},{"damage":40,"enemies":"Gremlin Leader","floor":24,"turns":5}],"seed_played":"5628270573499862622","potions_obtained":[{"floor":4,"key":"SkillPotion"},{"floor":7,"key":"Energy Potion"},{"floor":11,"key":"EssenceOfSteel"},{"floor":18,"key":"SpeedPotion"}],"is_trial":false,"path_per_floor":["M","M","?","M","T","R","E","R","T","M","M","R","M","M","R","B",null,"M","M","M","?","T","R","E"],"character_chosen":"IRONCLAD","items_purchased":[],"campfire_rested":1,"item_purchase_floors":[],"current_hp_per_floor":[67,73,73,73,73,73,49,49,49,48,54,54,52,50,50,18,61,54,38,15,9,9,33,0,0],"gold":441,"neow_bonus":"RANDOM_COMMON_RELIC","is_daily":false,"chose_seed":false,"campfire_upgraded":4,"win_rate":0.0,"timestamp":1609826217,"path_taken":["M","M","?","M","?","R","E","R","T","M","?","R","?","M","R","BOSS","M","M","M","?","?","R","E"],"items_purchased_type":[],"build_version":"2020-12-22","purchased_purges":0,"victory":false,"max_hp_per_floor":[75,75,75,75,75,75,75,75,75,75,75,75,75,75,75,75,75,75,78,81,81,81,81,81,81],"card_choices":[{"not_picked":["Wild Strike","Burning Pact"],"picked":"Twin Strike","floor":1},{"not_picked":["True Grit","Twin Strike","Thunderclap"],"picked":"SKIP","floor":2},{"not_picked":["True Grit","Pommel Strike"],"picked":"Perfected Strike","floor":4},{"not_picked":["Blood for Blood","True Grit"],"picked":"Combust","floor":7},{"not_picked":["Perfected Strike","Sentinel"],"picked":"Ghostly Armor","floor":10},{"not_picked":["Pommel Strike","Twin Strike"],"picked":"Intimidate","floor":11},{"not_picked":["Metallicize","Entrench","Heavy Blade"],"picked":"SKIP","floor":13},{"not_picked":["Fiend Fire","Second Wind"],"picked":"Shockwave","floor":14},{"not_picked":["Brutality","Offering"],"picked":"Feed","floor":16},{"not_picked":["Evolve","Flex"],"picked":"Shrug It Off","floor":18},{"not_picked":["Dropkick","Iron Wave"],"picked":"Ghostly Armor+1","floor":19},{"not_picked":["Power Through","Combust"],"picked":"Carnage","floor":20}],"player_experience":1338513,"relics_obtained":[{"floor":5,"key":"Matryoshka"},{"floor":7,"key":"Lantern"},{"floor":9,"key":"Shuriken"},{"floor":9,"key":"Tiny Chest"},{"floor":22,"key":"Blood Vial"},{"floor":22,"key":"MealTicket"}],"event_choices":[{"damage_healed":0,"gold_gain":0,"player_choice":"Ignored","damage_taken":0,"max_hp_gain":0,"max_hp_loss":0,"event_name":"Liars Game","floor":3,"gold_loss":0},{"damage_healed":0,"gold_gain":0,"player_choice":"","damage_taken":6,"max_hp_gain":0,"max_hp_loss":0,"event_name":"Knowing Skull","floor":21,"potions_obtained":[],"gold_loss":0,"cards_obtained":[]}],"is_beta":false,"boss_relics":[{"not_picked":["Empty Cage","Runic Dome"],"picked":"SlaversCollar"}],"items_purged_floors":[],"is_endless":false,"potions_floor_spawned":[4,7,11,18],"killed_by":"Gremlin Leader","ascension_level":18}}