{"host":"4qin5krp9hszysdc","time":1609825265,"event":{"mods":["AchievementEnabler","BaseMod","BetterRewards","Infinite Spire","Minty Spire (QoL Compilation)","Quick Restart","StSLib"],"gold_per_floor":[109,128,78,89,106,106,138,153,179,206,219,245,245,270,270,382,382,355,355,12,29,52,88,88,114,114,123,166,9,18,52,52,158,158,169,287,62,62,74,112,135,171,171,198,207,239,239,258,258,368,377,373,373,380,387,387,408,406,428,465,482,491,500,529,553,565,658,670,687,697,719,731,1043,1073,1010,1002,1061,705,714,714,727,727,727,782,782,769,473,473,553,116,129,129,116,116,110,110,113,113,100,100,176,176,169,178,178,178,178,199,224,251,251,264,293,305,333,347,347,447,447,445,448,448,448,448,460,460,487,513,513,522,522,526,552,552,560,560,577,170,178,190,191,218,218,233,257,274,274,274,274,274,283,290,290,290,290,334,393],"floor_reached":158,"playtime":11887,"items_purged":["Strike_B","Strike_B","Defend_B","Defend_B","Self Repair","Sunder+1","Dualcast","Glacier","Ball Lightning+1","Fusion+1"],"score":7282,"play_id":"b80ef61f-cac6-4d93-b17f-04352ff34890","local_time":"20210105004105","is_ascension_mode":true,"campfire_choices":[{"data":"Loop","floor":6.0,"key":"SMITH"},{"floor":13.0,"key":"REST"},{"data":"Hologram","floor":13.0,"key":"SMITH"},{"data":"Sunder","floor":15.0,"key":"SMITH"},{"floor":27.0,"key":"REST"},{"data":"Fission","floor":27.0,"key":"SMITH"},{"floor":30.0,"key":"REST"},{"data":"Genetic Algorithm","floor":30.0,"key":"SMITH"},{"floor":32.0,"key":"REST"},{"data":"Creative AI","floor":32.0,"key":"SMITH"},{"data":"Seek","floor":47,"key":"SMITH"},{"data":"Coolheaded","floor":49,"key":"SMITH"},{"data":"Coolheaded","floor":66,"key":"SMITH"},{"data":"Recycle","floor":80,"key":"SMITH"},{"data":"Go for the Eyes","floor":83,"key":"SMITH"},{"data":"infinitespire:Collect","floor":92,"key":"SMITH"},{"floor":96,"key":"REST"},{"data":"Tempest","floor":96,"key":"SMITH"},{"data":"Ball Lightning","floor":98,"key":"SMITH"},{"data":"Glacier","floor":100,"key":"SMITH"},{"floor":117,"key":"REST"},{"data":"infinitespire:Oblivion","floor":117,"key":"SMITH"},{"data":"Meteor Strike","floor":129,"key":"SMITH"},{"floor":134,"key":"REST"},{"floor":134,"key":"RECALL"},{"floor":143,"key":"REST"},{"floor":151,"key":"REST"},{"floor":154,"key":"REST"}],"circlet_count":0,"master_deck":["AscendersBane","Consume+1","Coolheaded+1","Loop+1","Creative AI+1","Go for the Eyes+1","Glacier+1","Hologram+1","Fission+1","Coolheaded+1","Echo Form+1","Genetic Algorithm+1","Loop+1","Electrodynamics+1","infinitespire:Fortify+1","Biased Cognition+1","Barrage+1","Capacitor+1","Seek+1","Biased Cognition+1","CurseOfTheBell","Recycle+1","Defragment+1","infinitespire:Collect+1","Tempest+1","Meteor Strike+1","infinitespire:Oblivion+1","Core Surge+1","Multi-Cast+1","Buffer+1","infinitespire:Menacing+1","Compile Driver+1","Multi-Cast+1","Beam Cell","Fission+1"],"relics":["FrozenCore","infinitespire:Satchel","infinitespire:Magic Flask","OrangePellets","infinitespire:PuzzleCube","Dream Catcher","Art of War","Bag of Preparation","CeramicFish","Nilry\u0027s Codex","Membership Card","Frozen Egg 2","Oddly Smooth Stone","Potion Belt","Matryoshka","DataDisk","ClockworkSouvenir","infinitespire:WardingShard","Nuclear Battery","infinitespire:CursedDice","War Paint","Bird Faced Urn","Orichalcum","Boot","Lantern","Du-Vu Doll","Torii","Symbiotic Virus","Calling Bell","Bag of Marbles","Shuriken","FossilizedHelix","Odd Mushroom","Strawberry","MawBank","Regal Pillow","Happy Flower","Toy Ornithopter","Black Star","Old Coin","infinitespire:Golems Mask","MealTicket","Eternal Feather","StrikeDummy","Tiny Chest","Runic Capacitor","Vajra","Prayer Wheel","Ancient Tea Set","Mango","SlaversCollar","PreservedInsect","Incense Burner","Pear","Mummified Hand","TungstenRod","Chemical X","infinitespire:SolderingIron","Centennial Puzzle","Meat on the Bone","Blood Vial","Letter Opener","infinitespire:Cupcake","Frozen Eye","Golden Idol","Nunchaku","infinitespire:Beetle Shell","infinitespire:Lucky Rock","Bronze Scales","Ornamental Fan","Anchor","infinitespire:ShieldingShard","Gremlin Horn","Toxic Egg 2","Bottled Lightning","Pen Nib","Inserter","infinitespire:Bottled Soul","MutagenicStrength","Smiling Mask","infinitespire:Joker Card","Omamori","HornCleat","Akabeko","infinitespire:BottledMercury","Whetstone","Mercury Hourglass","Coffee Dripper","infinitespire:FocusingShard","Pocketwatch","Sling","Juzu Bracelet","Darkstone Periapt","Kunai","Dead Branch","infinitespire:Freezer","infinitespire:Bottled Soul","infinitespire:Midas Blood","Cables","Sozu","Blue Candle","Pantograph"],"acts_visited":["Exordium","TheCity","TheBeyond","Exordium","TheCity","TheBeyond","Exordium","TheCity","TheBeyond","TheEnding"],"potions_floor_usage":[46,46,46,46,50,157,157,157],"damage_taken":[{"damage":1.0,"enemies":"Jaw Worm","floor":1.0,"turns":6.0},{"damage":0.0,"enemies":"Small Slimes","floor":2.0,"turns":3.0},{"damage":1.0,"enemies":"Cultist","floor":4.0,"turns":4.0},{"damage":4.0,"enemies":"Blue Slaver","floor":5.0,"turns":5.0},{"damage":11.0,"enemies":"3 Sentries","floor":7.0,"turns":13.0},{"damage":6.0,"enemies":"Looter","floor":8.0,"turns":4.0},{"damage":18.0,"enemies":"Gremlin Nob","floor":10.0,"turns":5.0},{"damage":2.0,"enemies":"2 Fungi Beasts","floor":11.0,"turns":7.0},{"damage":0.0,"enemies":"Lagavulin","floor":12.0,"turns":8.0},{"damage":10.0,"enemies":"3 Sentries","floor":14.0,"turns":10.0},{"damage":0.0,"enemies":"Slime Boss","floor":16.0,"turns":11.0},{"damage":9.0,"enemies":"2 Thieves","floor":18.0,"turns":5.0},{"damage":0.0,"enemies":"Chosen","floor":21.0,"turns":8.0},{"damage":10.0,"enemies":"Shelled Parasite and Fungi","floor":22.0,"turns":9.0},{"damage":48.0,"enemies":"Nightmare","floor":23.0,"turns":14.0},{"damage":9.0,"enemies":"Snecko","floor":25.0,"turns":12.0},{"damage":51.0,"enemies":"Slavers","floor":28.0,"turns":10.0},{"damage":9.0,"enemies":"Book of Stabbing","floor":31.0,"turns":10.0},{"damage":17.0,"enemies":"Collector","floor":33.0,"turns":14.0},{"damage":0.0,"enemies":"3 Shapes","floor":35.0,"turns":3.0},{"damage":21.0,"enemies":"infinitespire:Three Voidlings","floor":36.0,"turns":3.0},{"damage":29.0,"enemies":"Nightmare_Alpha","floor":36.0,"turns":11.0},{"damage":0,"enemies":"Orb Walker","floor":39,"turns":6},{"damage":0,"enemies":"Giant Head","floor":40,"turns":8},{"damage":16,"enemies":"Jaw Worm Horde","floor":41,"turns":3},{"damage":0,"enemies":"Reptomancer","floor":42,"turns":6},{"damage":0,"enemies":"Giant Head","floor":44,"turns":6},{"damage":0,"enemies":"Reptomancer","floor":46,"turns":5},{"damage":0,"enemies":"Maw","floor":48,"turns":7},{"damage":11,"enemies":"Donu and Deca","floor":50,"turns":7},{"damage":0,"enemies":"Cultist","floor":52,"turns":2},{"damage":0,"enemies":"Jaw Worm","floor":54,"turns":2},{"damage":0,"enemies":"The Mushroom Lair","floor":55,"turns":3},{"damage":0,"enemies":"Gremlin Nob","floor":57,"turns":2},{"damage":0,"enemies":"Small Slimes","floor":58,"turns":3},{"damage":0,"enemies":"Lagavulin","floor":59,"turns":3},{"damage":0,"enemies":"Exordium Wildlife","floor":61,"turns":4},{"damage":0,"enemies":"Exordium Thugs","floor":62,"turns":4},{"damage":0,"enemies":"Blue Slaver","floor":63,"turns":4},{"damage":0,"enemies":"Looter","floor":64,"turns":1},{"damage":0,"enemies":"Gremlin Nob","floor":65,"turns":4},{"damage":0,"enemies":"Hexaghost","floor":67,"turns":4},{"damage":5,"enemies":"3 Byrds","floor":69,"turns":3},{"damage":0,"enemies":"Chosen","floor":70,"turns":4},{"damage":0,"enemies":"Shelled Parasite and Fungi","floor":71,"turns":1},{"damage":0,"enemies":"Snake Plant","floor":72,"turns":3},{"damage":0,"enemies":"Slavers","floor":74,"turns":2},{"damage":0,"enemies":"Nightmare","floor":76,"turns":8},{"damage":0,"enemies":"Slavers","floor":81,"turns":4},{"damage":0,"enemies":"Automaton","floor":84,"turns":6},{"damage":0,"enemies":"3 Darklings","floor":86,"turns":4},{"damage":0,"enemies":"Reptomancer","floor":91,"turns":4},{"damage":0,"enemies":"Nemesis","floor":93,"turns":3},{"damage":0,"enemies":"Orb Walker","floor":95,"turns":1},{"damage":0,"enemies":"Jaw Worm Horde","floor":97,"turns":1},{"damage":0,"enemies":"Maw","floor":99,"turns":3},{"damage":23,"enemies":"Donu and Deca","floor":101,"turns":3},{"damage":0,"enemies":"Cultist","floor":103,"turns":2},{"damage":0,"enemies":"3 Sentries","floor":108,"turns":1},{"damage":0,"enemies":"Gremlin Nob","floor":110,"turns":2},{"damage":0,"enemies":"Small Slimes","floor":112,"turns":1},{"damage":0,"enemies":"3 Sentries","floor":113,"turns":2},{"damage":0,"enemies":"Jaw Worm","floor":114,"turns":2},{"damage":0,"enemies":"Gremlin Nob","floor":115,"turns":1},{"damage":0,"enemies":"Large Slime","floor":116,"turns":1},{"damage":0,"enemies":"Hexaghost","floor":118,"turns":2},{"damage":0,"enemies":"Spheric Guardian","floor":120,"turns":3},{"damage":0,"enemies":"Shell Parasite","floor":121,"turns":2},{"damage":0,"enemies":"Nightmare","floor":125,"turns":2},{"damage":0,"enemies":"Chosen and Byrds","floor":126,"turns":2},{"damage":0,"enemies":"Gremlin Leader","floor":127,"turns":1},{"damage":0,"enemies":"3 Cultists","floor":130,"turns":1},{"damage":0,"enemies":"Shelled Parasite and Fungi","floor":132,"turns":1},{"damage":0,"enemies":"Slavers","floor":133,"turns":1},{"damage":18,"enemies":"infinitespire:LordOfFortification","floor":135,"turns":10},{"damage":0,"enemies":"3 Shapes","floor":137,"turns":1},{"damage":0,"enemies":"3 Darklings","floor":139,"turns":1},{"damage":0,"enemies":"4 Shapes","floor":140,"turns":1},{"damage":0,"enemies":"Writhing Mass","floor":141,"turns":2},{"damage":0,"enemies":"Nightmare","floor":142,"turns":2},{"damage":0,"enemies":"Reptomancer","floor":144,"turns":2},{"damage":0,"enemies":"Nemesis","floor":146,"turns":2},{"damage":0,"enemies":"Maw","floor":147,"turns":3},{"damage":0,"enemies":"3 Darklings","floor":150,"turns":2},{"damage":0,"enemies":"infinitespire:LordOfFortification","floor":152,"turns":10},{"damage":0,"enemies":"Shield and Spear","floor":156,"turns":1},{"damage":0,"enemies":"The Heart","floor":157,"turns":6}],"seed_played":"-544759404872888348","potions_obtained":[{"floor":2.0,"key":"Fire Potion"},{"floor":5.0,"key":"Energy Potion"},{"floor":8.0,"key":"FairyPotion"},{"floor":10.0,"key":"LiquidMemories"},{"floor":23.0,"key":"DuplicationPotion"},{"floor":25.0,"key":"SneckoOil"},{"floor":28.0,"key":"Fire Potion"},{"floor":31.0,"key":"Explosive Potion"},{"floor":36,"key":"GamblersBrew"},{"floor":41,"key":"EntropicBrew"},{"floor":42,"key":"Fire Potion"},{"floor":46,"key":"Fire Potion"},{"floor":52,"key":"PotionOfCapacity"},{"floor":54,"key":"FocusPotion"},{"floor":64,"key":"LiquidMemories"},{"floor":118,"key":"DuplicationPotion"}],"is_trial":false,"path_per_floor":["M","M","?","M","M","R","E","M","T","E","M","E","R","E","R","B",null,"M","?","$","M","M","NM","?","M","T","R","E","$","R","E","R","B",null,"M","?","$","?","M","E","M","E","T","E","?","E","R","M","R","B",null,"M","?","M","?","?","E","M","E","T","M","M","M","M","E","R","B",null,"M","M","M","M","AVR","E","?","NM","T","$","?","R","E","?","R","B",null,"M","$","?","T","$","E","R","E","T","M","R","M","R","M","R","B",null,"M","AVR","?","?","T","E","T","E","T","M","E","M","E","M","R","B",null,"M","M","?","AVR","?","NM","M","E","T","R","M","T","M","E","R","B",null,"M","$","M","M","M","NM","R","E","T","E","M","AVR","?","M","R","B",null,"R","$","E","B",null],"character_chosen":"DEFECT","items_purchased":["infinitespire:Satchel","Self Repair","OrangePellets","Glacier","Membership Card","Frozen Egg 2","Oddly Smooth Stone","ClockworkSouvenir","Genetic Algorithm","War Paint","Bird Faced Urn","Runic Capacitor","Vajra","Prayer Wheel","PreservedInsect","Incense Burner","Mummified Hand","TungstenRod","Chemical X","infinitespire:FocusingShard","Pocketwatch","Sling"],"campfire_rested":10,"item_purchase_floors":[0,0,0,0,20,20,20,29,29,37,37,78,78,78,87,87,90,90,90,138,138,138],"current_hp_per_floor":[39,46,46,52,55,55,51,52,52,41,46,53,75,72,72,75,75,73,57,57,64,61,27,13,18,18,42,42,42,66,64,80,77,79,80,22,22,22,47,85,85,85,85,85,85,85,85,85,85,85,85,85,85,85,85,85,92,92,92,92,92,92,92,92,92,92,92,92,92,92,92,92,92,92,92,92,92,92,92,92,106,106,106,106,106,106,106,106,116,116,116,116,116,116,116,116,116,116,116,116,109,114,116,116,88,82,82,94,94,100,100,110,116,116,116,116,116,116,116,116,116,116,116,116,116,116,116,116,116,116,116,116,116,116,102,113,116,116,116,116,116,116,116,116,116,116,116,116,116,116,116,116,116,116,116,116,116],"gold":393,"neow_bonus":"","is_daily":false,"chose_seed":false,"campfire_upgraded":17,"win_rate":0.0,"timestamp":1609825265,"path_taken":["M","M","?","M","M","R","E","M","T","E","M","E","R","E","R","BOSS","M","?","$","M","M","NM","?","M","T","R","E","$","R","E","R","BOSS","M","?","$","?","M","E","M","E","T","E","?","E","R","?","R","BOSS","M","?","M","?","?","E","?","E","T","M","M","M","M","E","R","BOSS","M","M","?","M","AVR","E","?","NM","T","$","?","R","E","?","R","BOSS","M","$","?","?","$","E","R","E","T","M","R","M","R","M","R","BOSS","M","AVR","?","?","?","E","?","E","T","M","E","?","E","M","R","BOSS","M","M","?","AVR","?","NM","M","E","T","R","M","?","M","E","R","BOSS","M","$","?","M","?","NM","R","E","T","E","M","AVR","?","M","R","BOSS","R","$","E","BOSS"],"items_purchased_type":["Relic","Card","Relic","Card","Relic","Relic","Relic","Relic","Card","Relic","Relic","Relic","Relic","Relic","Relic","Relic","Relic","Relic","Relic","Relic","Relic","Relic"],"build_version":"2020-12-22","purchased_purges":10,"victory":true,"max_hp_per_floor":[75,75,75,75,75,75,75,75,75,75,75,75,75,75,75,75,75,75,75,75,75,75,75,80,80,80,80,80,80,80,80,80,80,80,80,85,85,85,85,85,85,85,85,85,85,85,85,85,85,85,85,85,85,85,85,85,92,92,92,92,92,92,92,92,92,92,92,92,92,92,92,92,92,92,92,92,92,92,92,92,106,106,106,106,106,106,106,106,116,116,116,116,116,116,116,116,116,116,116,116,116,116,116,116,116,116,116,116,116,116,116,116,116,116,116,116,116,116,116,116,116,116,116,116,116,116,116,116,116,116,116,116,116,116,116,116,116,116,116,116,116,116,116,116,116,116,116,116,116,116,116,116,116,116,116,116,116],"card_choices":[{"not_picked":["Gash","Turbo"],"picked":"Sunder","floor":1.0},{"not_picked":["Hologram","Skim"],"picked":"Consume","floor":2.0},{"not_picked":["Rebound","Recycle"],"picked":"Coolheaded","floor":4.0},{"not_picked":["Gash","Go for the Eyes"],"picked":"Loop","floor":5.0},{"not_picked":["BootSequence","Storm"],"picked":"Creative AI","floor":7.0},{"not_picked":["Rebound","Hologram"],"picked":"Go for the Eyes","floor":8.0},{"not_picked":["Darkness","Lockon","Conserve Battery"],"picked":"SKIP","floor":10.0},{"not_picked":["Leap","Hello World"],"picked":"Glacier","floor":11.0},{"not_picked":["Turbo","Scrape"],"picked":"Hologram","floor":12.0},{"not_picked":["Steam Power","Sunder","Darkness"],"picked":"SKIP","floor":14.0},{"not_picked":["All For One","Rainbow"],"picked":"Meteor Strike","floor":16.0},{"not_picked":["Turbo+1","Steam Power","Go for the Eyes+1"],"picked":"SKIP","floor":18.0},{"not_picked":["Fusion","Tempest","Beam Cell"],"picked":"SKIP","floor":21.0},{"not_picked":["Turbo","Rip and Tear"],"picked":"Ball Lightning","floor":22.0},{"not_picked":["Turbo","Auto Shields"],"picked":"Fission","floor":23.0},{"not_picked":["Compile Driver","Static Discharge+1"],"picked":"Coolheaded","floor":25.0},{"not_picked":["Gash+1","Rip and Tear"],"picked":"Capacitor+1","floor":27.0},{"not_picked":["Conserve Battery+1","Coolheaded"],"picked":"Echo Form+1","floor":28.0},{"not_picked":["Storm+1","Chaos"],"picked":"Loop+1","floor":30.0},{"not_picked":["Sweeping Beam","Conserve Battery","Turbo+1"],"picked":"SKIP","floor":31.0},{"not_picked":["Meteor Strike","Multi-Cast"],"picked":"Electrodynamics+1","floor":33.0},{"not_picked":["Scrape","Turbo","Cold Snap"],"picked":"SKIP","floor":35.0},{"not_picked":["infinitespire:SealOfDarkness+","infinitespire:UltimateForm"],"picked":"infinitespire:Fortify","floor":36},{"not_picked":["Gash","Barrage"],"picked":"Biased Cognition+1","floor":36},{"not_picked":["Cold Snap+1","Redo","Turbo+1"],"picked":"SKIP","floor":39},{"not_picked":["Hologram+1","Gash+1"],"picked":"Fusion+1","floor":40},{"not_picked":["BootSequence","Doom and Gloom+1"],"picked":"Barrage+1","floor":41},{"not_picked":["Redo+1","Sunder"],"picked":"Capacitor+1","floor":42},{"not_picked":["Consume+1","Gash","Go for the Eyes"],"picked":"SKIP","floor":44},{"not_picked":["Streamline","Double Energy","Hyperbeam"],"picked":"SKIP","floor":46},{"not_picked":["Force Field","Loop+1","Streamline"],"picked":"SKIP","floor":48},{"not_picked":["Meteor Strike","Creative AI+1"],"picked":"Biased Cognition+1","floor":50},{"not_picked":["Heatsinks+1","Gash","Go for the Eyes"],"picked":"SKIP","floor":52},{"not_picked":["Conserve Battery","Beam Cell","Streamline"],"picked":"SKIP","floor":54},{"not_picked":["Conserve Battery","Beam Cell","Streamline"],"picked":"SKIP","floor":54},{"not_picked":["Leap","Hologram","Cold Snap"],"picked":"SKIP","floor":57},{"not_picked":["Gash","Storm+1","Ball Lightning"],"picked":"SKIP","floor":58},{"not_picked":["Rebound","Ball Lightning","Hologram"],"picked":"SKIP","floor":59},{"not_picked":["Darkness","Rebound","Rip and Tear"],"picked":"SKIP","floor":61},{"not_picked":["Echo Form+1","Leap","Streamline"],"picked":"SKIP","floor":62},{"not_picked":["Reinforced Body","Conserve Battery","Compile Driver"],"picked":"SKIP","floor":63},{"not_picked":["Glacier","Melter","Ball Lightning"],"picked":"SKIP","floor":64},{"not_picked":["Chill","Streamline","Reprogram"],"picked":"SKIP","floor":65},{"not_picked":["Compile Driver","Reinforced Body","Leap"],"picked":"SKIP","floor":69},{"not_picked":["Reprogram+1","Sunder","Loop+1"],"picked":"SKIP","floor":70},{"not_picked":["Steam+1","Beam Cell","Stack+1"],"picked":"SKIP","floor":71},{"not_picked":["Self Repair+1","Beam Cell+1","Doom and Gloom+1"],"picked":"SKIP","floor":72},{"not_picked":["Loop+1","Biased Cognition+1","Undo"],"picked":"SKIP","floor":74},{"not_picked":["Self Repair+1","Ball Lightning"],"picked":"Recycle","floor":76},{"not_picked":["Reinforced Body+1","Compile Driver","Steam"],"picked":"SKIP","floor":81},{"not_picked":["Reprogram+1","Hologram+1","Rebound+1"],"picked":"SKIP","floor":86},{"not_picked":["Storm+1","Rip and Tear","Go for the Eyes+1"],"picked":"SKIP","floor":86},{"not_picked":["infinitespire:TheBestDefense","infinitespire:FinalStrike"],"picked":"infinitespire:Collect","floor":87},{"not_picked":["Chill+1","Rip and Tear+1"],"picked":"Tempest","floor":91},{"not_picked":["Go for the Eyes","Streamline+1","Loop+1"],"picked":"SKIP","floor":93},{"not_picked":["Loop+1","Heatsinks+1","Skim"],"picked":"SKIP","floor":95},{"not_picked":["Turbo","Go for the Eyes","Chill"],"picked":"SKIP","floor":95},{"not_picked":["Skim","Steam Power","Beam Cell+1"],"picked":"SKIP","floor":97},{"not_picked":["Steam+1","Barrage","Leap+1"],"picked":"SKIP","floor":97},{"not_picked":["Gash+1","Reinforced Body+1","Rip and Tear"],"picked":"SKIP","floor":99},{"not_picked":["Aggregate","Heatsinks+1","Ball Lightning"],"picked":"SKIP","floor":99},{"not_picked":["Amplify","Buffer+1"],"picked":"Meteor Strike","floor":101},{"not_picked":["Cold Snap","Self Repair+1","Conserve Battery"],"picked":"SKIP","floor":103},{"not_picked":["Hologram","Reinforced Body","Darkness"],"picked":"SKIP","floor":103},{"not_picked":["Melter","Glacier","Reboot"],"picked":"SKIP","floor":108},{"not_picked":["Compile Driver","Stack","Sunder"],"picked":"SKIP","floor":110},{"not_picked":["FTL","Streamline","Conserve Battery"],"picked":"SKIP","floor":112},{"not_picked":["Coolheaded","Rebound","Double Energy"],"picked":"SKIP","floor":112},{"not_picked":["Beam Cell","Storm+1"],"picked":"Core Surge","floor":113},{"not_picked":["Capacitor+1","Heatsinks+1","Rip and Tear"],"picked":"SKIP","floor":114},{"not_picked":["Steam Power+1","Compile Driver","Cold Snap"],"picked":"SKIP","floor":114},{"not_picked":["Thunder Strike","Coolheaded+1","Darkness+1"],"picked":"SKIP","floor":115},{"not_picked":["Hello World+1","Reinforced Body+1","Streamline"],"picked":"SKIP","floor":116},{"not_picked":["Lockon","Ball Lightning","Rip and Tear"],"picked":"SKIP","floor":116},{"not_picked":["Electrodynamics+1","Buffer+1"],"picked":"Multi-Cast+1","floor":118},{"not_picked":["Fusion+1","Coolheaded+1","Gash"],"picked":"SKIP","floor":120},{"not_picked":["Skim+1","BootSequence+1","Stack+1"],"picked":"SKIP","floor":120},{"not_picked":["Go for the Eyes","Streamline","Steam+1"],"picked":"SKIP","floor":121},{"not_picked":["Biased Cognition+1","Aggregate+1","Steam+1"],"picked":"SKIP","floor":121},{"not_picked":["Darkness+1","Compile Driver","Ball Lightning+1"],"picked":"SKIP","floor":125},{"not_picked":["Glacier+1","Conserve Battery+1","Undo+1"],"picked":"SKIP","floor":126},{"not_picked":["Hologram+1","Barrage","Leap+1"],"picked":"SKIP","floor":126},{"not_picked":["Lockon+1","Meteor Strike","Gash"],"picked":"SKIP","floor":127},{"not_picked":["Aggregate+1","Redo+1","Barrage"],"picked":"SKIP","floor":130},{"not_picked":["Hologram+1","Stack+1","Sweeping Beam+1"],"picked":"SKIP","floor":130},{"not_picked":["Leap+1","Static Discharge+1","Sweeping Beam"],"picked":"SKIP","floor":132},{"not_picked":["Compile Driver+1","Leap+1","Aggregate+1"],"picked":"SKIP","floor":132},{"not_picked":["Conserve Battery+1","Core Surge","Gash"],"picked":"SKIP","floor":133},{"not_picked":["Hyperbeam","All For One"],"picked":"Buffer+1","floor":135},{"not_picked":["Genetic Algorithm+1","Reprogram+1","Ball Lightning+1"],"picked":"SKIP","floor":137},{"not_picked":["Beam Cell+1","Steam+1","Chill+1"],"picked":"SKIP","floor":137},{"not_picked":["Beam Cell","Streamline","Go for the Eyes"],"picked":"SKIP","floor":139},{"not_picked":["Compile Driver","Turbo+1","Gash"],"picked":"SKIP","floor":139},{"not_picked":["Stack+1","Sweeping Beam","Cold Snap"],"picked":"SKIP","floor":140},{"not_picked":["Sweeping Beam","Redo+1","Stack+1"],"picked":"SKIP","floor":140},{"not_picked":["Genetic Algorithm+1","Sweeping Beam","Ball Lightning"],"picked":"SKIP","floor":141},{"not_picked":["Redo+1","All For One","Compile Driver"],"picked":"SKIP","floor":141},{"not_picked":["infinitespire:FutureSight","infinitespire:FinalStrike"],"picked":"infinitespire:Menacing","floor":142},{"not_picked":["Stack+1","Skim+1","Coolheaded+1"],"picked":"SKIP","floor":142},{"not_picked":["Gash+1","Cold Snap","Thunder Strike"],"picked":"SKIP","floor":144},{"not_picked":["Streamline+1","Beam Cell","Rebound+1"],"picked":"SKIP","floor":146},{"not_picked":["Leap+1","Gash","Turbo+1"],"picked":"SKIP","floor":147},{"not_picked":["Barrage+1","Fusion+1","Leap+1"],"picked":"SKIP","floor":147},{"not_picked":["Rebound+1","Compile Driver","Reboot+1"],"picked":"SKIP","floor":150},{"not_picked":["Beam Cell","Conserve Battery+1","Melter"],"picked":"SKIP","floor":150},{"not_picked":["Conserve Battery+1","Coolheaded+1"],"picked":"Compile Driver+1","floor":151},{"not_picked":["Meteor Strike","All For One"],"picked":"Multi-Cast+1","floor":152},{"not_picked":["Ball Lightning","Leap+1"],"picked":"Beam Cell","floor":156},{"not_picked":["Rainbow+1","Multi-Cast+1"],"picked":"Fission+1","floor":157}],"player_experience":2757968,"relics_obtained":[{"floor":7.0,"key":"infinitespire:PuzzleCube"},{"floor":9.0,"key":"Dream Catcher"},{"floor":10.0,"key":"Art of War"},{"floor":12.0,"key":"Bag of Preparation"},{"floor":14.0,"key":"CeramicFish"},{"floor":19.0,"key":"Nilry\u0027s Codex"},{"floor":23.0,"key":"Potion Belt"},{"floor":26.0,"key":"Matryoshka"},{"floor":28.0,"key":"DataDisk"},{"floor":31.0,"key":"infinitespire:WardingShard"},{"floor":36,"key":"infinitespire:CursedDice"},{"floor":40,"key":"Orichalcum"},{"floor":42,"key":"Boot"},{"floor":43,"key":"Lantern"},{"floor":43,"key":"Du-Vu Doll"},{"floor":44,"key":"Torii"},{"floor":46,"key":"Symbiotic Virus"},{"floor":51,"key":"Bag of Marbles"},{"floor":51,"key":"Shuriken"},{"floor":51,"key":"FossilizedHelix"},{"floor":55,"key":"Odd Mushroom"},{"floor":57,"key":"Strawberry"},{"floor":59,"key":"MawBank"},{"floor":60,"key":"Regal Pillow"},{"floor":60,"key":"Happy Flower"},{"floor":65,"key":"Toy Ornithopter"},{"floor":74,"key":"infinitespire:Golems Mask"},{"floor":74,"key":"MealTicket"},{"floor":76,"key":"Eternal Feather"},{"floor":76,"key":"StrikeDummy"},{"floor":77,"key":"Tiny Chest"},{"floor":81,"key":"Ancient Tea Set"},{"floor":81,"key":"Mango"},{"floor":89,"key":"Pear"},{"floor":91,"key":"infinitespire:SolderingIron"},{"floor":91,"key":"Centennial Puzzle"},{"floor":93,"key":"Meat on the Bone"},{"floor":93,"key":"Blood Vial"},{"floor":94,"key":"Letter Opener"},{"floor":107,"key":"Nunchaku"},{"floor":108,"key":"infinitespire:Beetle Shell"},{"floor":108,"key":"infinitespire:Lucky Rock"},{"floor":109,"key":"Bronze Scales"},{"floor":110,"key":"Ornamental Fan"},{"floor":110,"key":"Anchor"},{"floor":111,"key":"infinitespire:ShieldingShard"},{"floor":113,"key":"Gremlin Horn"},{"floor":113,"key":"Toxic Egg 2"},{"floor":115,"key":"Bottled Lightning"},{"floor":115,"key":"Pen Nib"},{"floor":125,"key":"Smiling Mask"},{"floor":125,"key":"infinitespire:Joker Card"},{"floor":127,"key":"Omamori"},{"floor":127,"key":"HornCleat"},{"floor":128,"key":"Akabeko"},{"floor":131,"key":"infinitespire:BottledMercury"},{"floor":133,"key":"Whetstone"},{"floor":133,"key":"Mercury Hourglass"},{"floor":142,"key":"Juzu Bracelet"},{"floor":142,"key":"Darkstone Periapt"},{"floor":144,"key":"Kunai"},{"floor":144,"key":"Dead Branch"},{"floor":145,"key":"infinitespire:Freezer"},{"floor":146,"key":"infinitespire:Bottled Soul"},{"floor":146,"key":"infinitespire:Midas Blood"},{"floor":156,"key":"Blue Candle"},{"floor":156,"key":"Pantograph"}],"event_choices":[{"cards_removed":["Strike_B"],"damage_healed":0.0,"max_hp_gain":0.0,"max_hp_loss":0.0,"gold_gain":0.0,"event_name":"The Cleric","player_choice":"Card Removal","floor":3.0,"gold_loss":50.0,"damage_taken":0.0},{"damage_healed":0.0,"max_hp_gain":0.0,"max_hp_loss":0.0,"gold_gain":0.0,"event_name":"Cursed Tome","player_choice":"Obtained Book","floor":19.0,"gold_loss":0.0,"damage_taken":16.0},{"damage_healed":0.0,"max_hp_gain":5.0,"max_hp_loss":0.0,"gold_gain":0.0,"event_name":"Forgotten Altar","player_choice":"Shed Blood","floor":24.0,"gold_loss":0.0,"damage_taken":19.0},{"damage_healed":0,"gold_gain":0,"player_choice":"Shed Blood","damage_taken":20,"max_hp_gain":5,"max_hp_loss":0,"event_name":"Forgotten Altar","floor":36,"gold_loss":0},{"cards_removed":["Strike_B"],"damage_healed":0,"gold_gain":0,"player_choice":"Removed Attack","damage_taken":0,"max_hp_gain":0,"max_hp_loss":0,"event_name":"Falling","floor":38,"gold_loss":0},{"damage_healed":0,"gold_gain":0,"player_choice":"1 cards matched","damage_taken":0,"max_hp_gain":0,"max_hp_loss":0,"event_name":"Match and Keep!","floor":45,"gold_loss":0,"cards_obtained":["Seek"]},{"cards_removed":["Defend_B"],"damage_healed":0,"gold_gain":0,"player_choice":"Forget","damage_taken":0,"max_hp_gain":0,"max_hp_loss":0,"event_name":"Living Wall","floor":53,"gold_loss":0},{"damage_healed":0,"gold_gain":0,"player_choice":"Fought Mushrooms","damage_taken":0,"max_hp_gain":0,"max_hp_loss":0,"event_name":"Mushrooms","floor":55,"gold_loss":0},{"damage_healed":0,"gold_gain":0,"player_choice":"Bought 0 Potions","damage_taken":0,"max_hp_gain":0,"max_hp_loss":0,"event_name":"The Woman in Blue","floor":56,"gold_loss":0},{"cards_removed":["Defend_B"],"damage_healed":0,"gold_gain":0,"player_choice":"Gave Gold","damage_taken":0,"max_hp_gain":0,"max_hp_loss":0,"event_name":"Beggar","floor":75,"gold_loss":75},{"damage_healed":0,"gold_gain":0,"player_choice":"Read","damage_taken":0,"max_hp_gain":0,"max_hp_loss":0,"event_name":"The Library","floor":79,"gold_loss":0,"cards_obtained":["Defragment"]},{"cards_removed":["Zap"],"damage_healed":0,"gold_gain":0,"player_choice":"Elegance","damage_taken":0,"max_hp_gain":0,"max_hp_loss":0,"event_name":"Back to Basics","floor":82,"gold_loss":0},{"cards_removed":["Meteor Strike"],"damage_healed":0,"gold_gain":0,"player_choice":"Removed Attack","damage_taken":0,"max_hp_gain":0,"max_hp_loss":0,"event_name":"Falling","floor":88,"gold_loss":0},{"damage_healed":0,"gold_gain":0,"player_choice":"Take Damage","damage_taken":29,"relics_obtained":["Golden Idol"],"max_hp_gain":0,"max_hp_loss":0,"event_name":"Golden Idol","floor":105,"gold_loss":0},{"cards_removed":["Capacitor"],"damage_healed":0,"gold_gain":0,"player_choice":"Card Removal","damage_taken":7,"max_hp_gain":0,"max_hp_loss":0,"event_name":"Golden Wing","floor":106,"gold_loss":0},{"damage_healed":0,"gold_gain":0,"player_choice":"Ignored","damage_taken":0,"max_hp_gain":0,"max_hp_loss":0,"event_name":"Ghosts","floor":122,"gold_loss":0},{"damage_healed":0,"gold_gain":0,"player_choice":"Inject Mutagens","damage_taken":0,"relics_obtained":["MutagenicStrength"],"max_hp_gain":0,"max_hp_loss":0,"event_name":"Drug Dealer","floor":124,"gold_loss":0},{"damage_healed":0,"gold_gain":0,"player_choice":"Ignored","damage_taken":0,"max_hp_gain":0,"max_hp_loss":0,"event_name":"Tomb of Lord Red Mask","floor":149,"gold_loss":0}],"is_beta":false,"boss_relics":[{"not_picked":["SlaversCollar","Runic Dome"],"picked":"FrozenCore"},{"not_picked":["Coffee Dripper","Busted Crown"],"picked":"Nuclear Battery"},{"not_picked":["Philosopher\u0027s Stone","Pandora\u0027s Box"],"picked":"Calling Bell"},{"not_picked":["Inserter","Empty Cage"],"picked":"Black Star"},{"not_picked":["Tiny House","SacredBark"],"picked":"SlaversCollar"},{"not_picked":["Velvet Choker","Sozu"],"picked":"infinitespire:Cupcake"},{"not_picked":["Astrolabe","Pandora\u0027s Box"],"picked":"Inserter"},{"not_picked":["Fusion Hammer","Velvet Choker"],"picked":"Coffee Dripper"},{"not_picked":["Circlet","Circlet"],"picked":"Sozu"}],"items_purged_floors":[0,29,73,78,87,90,104,123,138,148],"is_endless":true,"potions_floor_spawned":[2,5,8,10,14,23,25,28,31,36,36,41,42,46,52,54,61,62,64,65,69,81,84,93,97,99,101,108,112,114,116,118,126,132,133,135,137,140,144,150,152,157],"ascension_level":10}}