{"host":"11728qvdvolffudn","time":1609846608,"event":{"mods":["BaseMod","Block Reminder","Colored Powertips","Custom Start","Displayed Cursed Tome","Highlight Path","Minty Spire (QoL Compilation)","Permanent Neow","Quick Restart","Rare Cards Sparkle","Relic Stats"],"gold_per_floor":[109,109,109,126,126,126,143,143,213,238,267,281,292,323,323,425,425,435,289,289,339,389,420,438,438,438,438,488,501,426,371,371,468,468,486,506,524,174,194,194,244,244,244,244,45,73,123,123,123,123],"floor_reached":51,"playtime":2010,"items_purged":["Strike_R","Strike_R"],"score":797,"play_id":"84d8bbc7-ecaf-4740-9dd9-b62e750c7fc6","local_time":"20210105113648","is_ascension_mode":false,"campfire_choices":[{"data":"Demon Form","floor":6,"key":"SMITH"},{"data":"Defend_R","floor":8,"key":"SMITH"},{"floor":15,"key":"REST"},{"floor":25,"key":"REST"},{"floor":27,"key":"REST"},{"floor":32,"key":"REST"},{"data":"Feed","floor":40,"key":"SMITH"},{"floor":42,"key":"REST"},{"data":"Bandage Up","floor":44,"key":"SMITH"},{"data":"Bash","floor":49,"key":"SMITH"}],"circlet_count":0,"master_deck":["Strike_R","Strike_R","Defend_R","Defend_R","Defend_R","Defend_R+1","Bash+1","Demon Form+1","Shrug It Off","Iron Wave+1","RitualDagger","Intimidate+1","Feed+1","Seeing Red+1","Demon Form+1","Parasite","Iron Wave+1","Bandage Up+1","Shrug It Off","Iron Wave+1"],"relics":["Burning Blood","Lantern","InkBottle","Pantograph","Odd Mushroom","Juzu Bracelet","Cursed Key","Blood Vial","SsserpentHead","Frozen Egg 2","Kunai","Runic Pyramid","Vajra","DollysMirror","Singing Bowl","Smiling Mask"],"acts_visited":["Exordium","TheCity","TheBeyond"],"potions_floor_usage":[4,16,18,23,33,33,50,50],"damage_taken":[{"damage":8,"enemies":"Jaw Worm","floor":1,"turns":5},{"damage":0,"enemies":"Small Slimes","floor":4,"turns":5},{"damage":1,"enemies":"Cultist","floor":7,"turns":4},{"damage":11,"enemies":"Lagavulin","floor":10,"turns":8},{"damage":12,"enemies":"The Mushroom Lair","floor":11,"turns":5},{"damage":18,"enemies":"Lots of Slimes","floor":12,"turns":5},{"damage":12,"enemies":"2 Fungi Beasts","floor":13,"turns":4},{"damage":28,"enemies":"Gremlin Nob","floor":14,"turns":5},{"damage":14,"enemies":"Slime Boss","floor":16,"turns":5},{"damage":30,"enemies":"2 Thieves","floor":18,"turns":5},{"damage":58,"enemies":"Slavers","floor":23,"turns":8},{"damage":14,"enemies":"Shell Parasite","floor":24,"turns":6},{"damage":47,"enemies":"Snake Plant","floor":29,"turns":6},{"damage":0,"enemies":"Champ","floor":33,"turns":9},{"damage":35,"enemies":"3 Shapes","floor":35,"turns":4},{"damage":11,"enemies":"Orb Walker","floor":37,"turns":5},{"damage":23,"enemies":"Writhing Mass","floor":39,"turns":6},{"damage":9,"enemies":"Giant Head","floor":46,"turns":8},{"damage":14,"enemies":"Donu and Deca","floor":50,"turns":9}],"seed_played":"-4909621968461658764","potions_obtained":[{"floor":4,"key":"EntropicBrew"},{"floor":12,"key":"Dexterity Potion"},{"floor":14,"key":"PowerPotion"},{"floor":16,"key":"FairyPotion"},{"floor":18,"key":"SkillPotion"},{"floor":21,"key":"BloodPotion"},{"floor":29,"key":"EssenceOfSteel"},{"floor":36,"key":"Dexterity Potion"},{"floor":36,"key":"DuplicationPotion"}],"is_trial":false,"path_per_floor":["M","?","?","M","?","R","M","R","T","E","?","M","M","E","R","B",null,"M","$","?","?","?","E","M","R","T","R","?","M","$","?","R","B",null,"M","?","M","$","M","R","?","R","T","R","$","E","?","$","R","B",null],"character_chosen":"IRONCLAD","items_purchased":["Blood Vial","Vajra","DollysMirror","Singing Bowl"],"campfire_rested":5,"item_purchase_floors":[19,38,38,45],"current_hp_per_floor":[78,71,64,70,70,70,75,75,75,70,64,52,46,24,48,65,80,56,56,56,56,50,16,10,34,34,58,58,19,19,19,43,76,80,54,54,51,51,36,36,36,60,60,60,60,69,71,71,71,91],"gold":123,"neow_bonus":"ONE_RANDOM_RARE_CARD","is_daily":false,"chose_seed":false,"campfire_upgraded":5,"win_rate":0.0,"timestamp":1609846608,"path_taken":["M","?","?","M","?","R","M","R","T","E","?","M","M","E","R","BOSS","M","$","?","?","?","E","M","R","T","R","?","M","$","?","R","BOSS","M","?","M","?","M","R","?","R","T","R","?","E","?","$","R","BOSS"],"items_purchased_type":["Relic","Relic","Relic","Relic"],"build_version":"2020-12-22","purchased_purges":2,"victory":true,"max_hp_per_floor":[80,80,80,80,80,80,80,80,80,80,80,80,80,80,80,80,80,80,80,80,80,80,80,80,80,80,80,80,80,80,80,80,80,80,83,83,83,83,83,83,83,83,83,83,83,87,89,89,89,93],"relic_stats":{"Blood Vial":16,"SsserpentHead":450,"Singing Bowl":2,"counters":[19,112],"Pantograph":66,"Juzu Bracelet":4,"Kunai":[15],"Cursed Key":0,"Smiling Mask":0,"obtain_stats":[{"Lantern":2,"Singing Bowl":45,"Vajra":38,"Juzu Bracelet":14,"Odd Mushroom":11,"Frozen Egg 2":23,"Cursed Key":17,"Smiling Mask":46,"Burning Blood":0,"Blood Vial":19,"SsserpentHead":20,"DollysMirror":38,"Pantograph":10,"Kunai":31,"InkBottle":9,"Runic Pyramid":34},{"Lantern":1,"Singing Bowl":17,"Vajra":16,"Juzu Bracelet":8,"Odd Mushroom":5,"Frozen Egg 2":11,"Cursed Key":9,"Smiling Mask":18,"Burning Blood":0,"Blood Vial":10,"SsserpentHead":10,"DollysMirror":16,"Pantograph":4,"Kunai":13,"InkBottle":3,"Runic Pyramid":14},{"Lantern":5,"Singing Bowl":95,"Vajra":89,"Juzu Bracelet":41,"Odd Mushroom":27,"Frozen Egg 2":59,"Cursed Key":46,"Smiling Mask":103,"Burning Blood":0,"Blood Vial":51,"SsserpentHead":51,"DollysMirror":89,"Pantograph":22,"Kunai":71,"InkBottle":14,"Runic Pyramid":80}],"Burning Blood":114,"InkBottle":[28]},"card_choices":[{"not_picked":["Headbutt","Clash","Warcry"],"picked":"SKIP","floor":1},{"not_picked":["Havoc","Sword Boomerang","Armaments"],"picked":"SKIP","floor":4},{"not_picked":["Headbutt","Reckless Charge","Warcry"],"picked":"SKIP","floor":7},{"not_picked":["True Grit","Perfected Strike","Seeing Red"],"picked":"SKIP","floor":10},{"not_picked":["Heavy Blade","Wild Strike","True Grit"],"picked":"SKIP","floor":12},{"not_picked":["Uppercut","Wild Strike"],"picked":"Shrug It Off","floor":13},{"not_picked":["Heavy Blade","Armaments","Flex"],"picked":"SKIP","floor":14},{"not_picked":["Rage","Thunderclap"],"picked":"Iron Wave+1","floor":18},{"not_picked":["Evolve+1","Shockwave"],"picked":"Intimidate+1","floor":23},{"not_picked":["Uppercut+1","Heavy Blade+1","Shrug It Off"],"picked":"SKIP","floor":24},{"not_picked":["Anger","Inflame+1","Clothesline"],"picked":"SKIP","floor":29},{"not_picked":["Double Tap","Bludgeon"],"picked":"Feed","floor":33},{"not_picked":["Warcry","Twin Strike+1","Shrug It Off+1"],"picked":"SKIP","floor":35},{"not_picked":["True Grit+1","Clothesline+1"],"picked":"Seeing Red+1","floor":37},{"not_picked":["Thunderclap+1","Shrug It Off+1"],"picked":"Iron Wave+1","floor":39},{"not_picked":["Second Wind+1","Berserk+1"],"picked":"Iron Wave+1","floor":46},{"not_picked":["Impatience","Forethought","Jack Of All Trades"],"picked":"Singing Bowl","floor":47}],"player_experience":71231,"relics_obtained":[{"floor":9,"key":"InkBottle"},{"floor":10,"key":"Pantograph"},{"floor":11,"key":"Odd Mushroom"},{"floor":14,"key":"Juzu Bracelet"},{"floor":23,"key":"Frozen Egg 2"},{"floor":46,"key":"Smiling Mask"}],"event_choices":[{"damage_healed":0,"gold_gain":0,"player_choice":"Success","damage_taken":7,"relics_obtained":["Lantern"],"max_hp_gain":0,"max_hp_loss":0,"event_name":"Scrap Ooze","floor":2,"gold_loss":0},{"cards_removed":["Strike_R"],"damage_healed":0,"gold_gain":0,"player_choice":"Card Removal","damage_taken":7,"max_hp_gain":0,"max_hp_loss":0,"event_name":"Golden Wing","floor":3,"gold_loss":0},{"damage_healed":0,"gold_gain":0,"player_choice":"Ignored","damage_taken":0,"max_hp_gain":0,"max_hp_loss":0,"event_name":"Liars Game","floor":5,"gold_loss":0},{"damage_healed":0,"gold_gain":0,"player_choice":"Fought Mushrooms","damage_taken":0,"max_hp_gain":0,"max_hp_loss":0,"event_name":"Mushrooms","floor":11,"gold_loss":0},{"damage_healed":0,"gold_gain":0,"player_choice":"Trade","damage_taken":0,"relics_obtained":["SsserpentHead"],"max_hp_gain":0,"max_hp_loss":0,"event_name":"FaceTrader","floor":20,"gold_loss":0},{"damage_healed":0,"gold_gain":0,"player_choice":"Got Potions","damage_taken":0,"max_hp_gain":0,"max_hp_loss":0,"event_name":"Lab","floor":21,"gold_loss":0},{"damage_healed":0,"gold_gain":0,"player_choice":"Joined the Cult","damage_taken":6,"max_hp_gain":0,"max_hp_loss":0,"event_name":"Nest","floor":22,"gold_loss":0,"cards_obtained":["RitualDagger"]},{"damage_healed":0,"gold_gain":0,"player_choice":"Ignored","damage_taken":0,"max_hp_gain":0,"max_hp_loss":0,"event_name":"Vampires","floor":28,"gold_loss":0},{"damage_healed":0,"gold_gain":0,"player_choice":"Paid Gold","damage_taken":0,"relics_obtained":["Kunai"],"max_hp_gain":0,"max_hp_loss":0,"event_name":"WeMeetAgain","floor":31,"gold_loss":105},{"damage_healed":0,"gold_gain":0,"player_choice":"Bought 2 Potions","damage_taken":0,"max_hp_gain":0,"max_hp_loss":0,"event_name":"The Woman in Blue","floor":36,"gold_loss":0},{"damage_healed":0,"gold_gain":0,"player_choice":"2 cards matched","damage_taken":0,"max_hp_gain":0,"max_hp_loss":0,"event_name":"Match and Keep!","floor":41,"gold_loss":0,"cards_obtained":["Bandage Up","Shrug It Off"]},{"damage_healed":0,"gold_gain":0,"player_choice":"Memory 1","damage_taken":0,"max_hp_gain":0,"max_hp_loss":0,"event_name":"SensoryStone","floor":47,"gold_loss":0}],"is_beta":false,"boss_relics":[{"not_picked":["Sozu","Snecko Eye"],"picked":"Cursed Key"},{"not_picked":["Tiny House","Mark of Pain"],"picked":"Runic Pyramid"}],"items_purged_floors":[30,38],"is_endless":false,"potions_floor_spawned":[4,12,13,14,16,18,29],"ascension_level":0}}