{"host":"dmdprxj8bosbz96f","time":1609874996,"event":{"mods":["AchievementEnabler","BaseMod","Colored Map","DeckTracker","Minty Spire (QoL Compilation)","Quick Restart","SuperFastMode","everything is the same but u backflip on backflip"],"gold_per_floor":[113,62,77,23,23,23,43,43,43,68,88,88,104,137,137,237,237,237,237],"floor_reached":18,"playtime":1073,"items_purged":[],"score":187,"play_id":"44a0b70d-c83e-436d-8511-8aca2661603e","local_time":"20210106042956","is_ascension_mode":true,"campfire_choices":[{"data":"Pommel Strike","floor":6,"key":"SMITH"},{"data":"Corruption","floor":8,"key":"SMITH"},{"floor":15,"key":"REST"}],"circlet_count":0,"master_deck":["Strike_R","Strike_R","Strike_R","Strike_R","Defend_R","Defend_R","Defend_R","Bash","Shrug It Off","Pommel Strike+1","Wild Strike","Shrug It Off","Rupture","Corruption+1","Dual Wield","Shrug It Off","Double Tap"],"relics":["Burning Blood","NeowsBlessing","Torii","Lizard Tail","Bird Faced Urn","Empty Cage"],"acts_visited":["Exordium","TheCity"],"potions_floor_usage":[14,16,16],"damage_taken":[{"damage":0,"enemies":"Cultist","floor":1,"turns":1},{"damage":0,"enemies":"2 Louse","floor":3,"turns":1},{"damage":0,"enemies":"Small Slimes","floor":7,"turns":1},{"damage":28,"enemies":"Lagavulin","floor":10,"turns":6},{"damage":0,"enemies":"3 Louse","floor":11,"turns":3},{"damage":15,"enemies":"2 Fungi Beasts","floor":13,"turns":4},{"damage":28,"enemies":"3 Sentries","floor":14,"turns":7},{"damage":73,"enemies":"Slime Boss","floor":16,"turns":13},{"damage":55,"enemies":"Shell Parasite","floor":18,"turns":9}],"seed_played":"5166198814007700892","potions_obtained":[{"floor":7,"key":"Energy Potion"},{"floor":13,"key":"CultistPotion"},{"floor":14,"key":"BlessingOfTheForge"},{"floor":16,"key":"CultistPotion"}],"is_trial":false,"path_per_floor":["M","$","M","$","?","R","M","R","T","E","M","?","M","E","R","B",null,"M"],"character_chosen":"IRONCLAD","items_purchased":["Pommel Strike","Shrug It Off"],"campfire_rested":1,"item_purchase_floors":[2,4],"current_hp_per_floor":[80,80,80,80,80,80,80,80,80,58,64,80,71,49,73,8,80,25,25],"gold":237,"neow_bonus":"THREE_ENEMY_KILL","is_daily":false,"chose_seed":false,"campfire_upgraded":2,"win_rate":0.0,"timestamp":1609874996,"path_taken":["M","?","M","$","?","R","?","R","T","E","M","?","M","E","R","BOSS","M"],"items_purchased_type":["Card","Card"],"build_version":"2020-12-22","purchased_purges":0,"victory":false,"max_hp_per_floor":[80,80,80,80,80,80,80,80,80,80,80,80,80,80,80,80,80,80,80],"card_choices":[{"not_picked":["Havoc","Body Slam"],"picked":"Shrug It Off","floor":1},{"not_picked":["Flex","Headbutt"],"picked":"Wild Strike","floor":3},{"not_picked":["Power Through","Clothesline"],"picked":"Corruption","floor":7},{"not_picked":["Spot Weakness","Evolve"],"picked":"Warcry","floor":10},{"not_picked":["Rupture","Warcry"],"picked":"Dual Wield","floor":11},{"not_picked":["Carnage","Dark Embrace","True Grit"],"picked":"SKIP","floor":13},{"not_picked":["Havoc","Iron Wave"],"picked":"Shrug It Off","floor":14},{"not_picked":["Barricade","Feed"],"picked":"Double Tap","floor":16}],"player_experience":139563,"relics_obtained":[{"floor":9,"key":"Torii"},{"floor":10,"key":"Lizard Tail"},{"floor":14,"key":"Bird Faced Urn"}],"event_choices":[{"damage_healed":0,"gold_gain":0,"cards_transformed":["Defend_R"],"player_choice":"Transformed","damage_taken":0,"max_hp_gain":0,"max_hp_loss":0,"event_name":"Transmorgrifier","floor":5,"gold_loss":0,"cards_obtained":["Rupture"]},{"damage_healed":26,"gold_gain":0,"player_choice":"Banana","damage_taken":0,"max_hp_gain":0,"max_hp_loss":0,"event_name":"Big Fish","floor":12,"gold_loss":0}],"is_beta":false,"boss_relics":[{"not_picked":["Philosopher\u0027s Stone","SacredBark"],"picked":"Empty Cage"}],"items_purged_floors":[],"is_endless":false,"potions_floor_spawned":[7,13,14,16],"killed_by":"Shell Parasite","ascension_level":2}}