{"host":"9l4mw5jqza9qz9hr","time":1609835110,"event":{"mods":["AchievementEnabler","Always Whale","BaseMod","Colored Map","Minty Spire (QoL Compilation)","StSLib","SuperFastMode"],"gold_per_floor":[114,114,158,177,177,215,140,178,178,178,197,216,291,310,310,460,460,479,498,498,542,561,624,374,374,449,86,105,105,124,143,143,293,293,312,331,331,380,399,249,312,312,362,400,400,438,457,132,132,132],"floor_reached":51,"playtime":2163,"items_purged":["Devotion","Writhe","Limit Break","Alpha","Establishment+1"],"score":991,"play_id":"35f9a8c5-a7de-4216-a2dc-fcc40a60f896","local_time":"20210105172510","daily_mods":["Shiny","Red Cards","Night Terrors"],"is_ascension_mode":false,"campfire_choices":[{"data":"Vault","floor":10.0,"key":"SMITH"},{"data":"Armaments","floor":15.0,"key":"SMITH"},{"data":"Ragnarok","floor":25.0,"key":"SMITH"},{"data":"Offering","floor":32.0,"key":"SMITH"},{"data":"Blasphemy","floor":45.0,"key":"SMITH"},{"data":"Double Tap","floor":49.0,"key":"SMITH"}],"circlet_count":0,"master_deck":["Double Tap+1","Demon Form+1","Bludgeon","Feed","Corruption","Barricade+1","Fiend Fire","Berserk","Impervious","Brutality","Reaper","Exhume","Offering+1","Immolate","Judgement","ConjureBlade","Blasphemy+1","Ragnarok+1","Scrawl","Vault+1","Wish","Omniscience","SpiritShield","DevaForm","DeusExMachina","Armaments+1","Crescendo","Flash of Steel+1","Vault+1"],"relics":["PureWater","Golden Idol","MealTicket","Kunai","Ornamental Fan","Molten Egg 2","Snecko Eye","Bag of Preparation","Blood Vial","Medical Kit","Darkstone Periapt","ClockworkSouvenir","Empty Cage","Unceasing Top","Lantern","Ancient Tea Set","TeardropLocket","DollysMirror"],"acts_visited":["Exordium","TheCity","TheBeyond"],"potions_floor_usage":[50],"damage_taken":[{"damage":0.0,"enemies":"Small Slimes","floor":1.0,"turns":2.0},{"damage":0.0,"enemies":"Jaw Worm","floor":3.0,"turns":1.0},{"damage":0.0,"enemies":"2 Louse","floor":4.0,"turns":1.0},{"damage":0.0,"enemies":"Gremlin Nob","floor":6.0,"turns":4.0},{"damage":13.0,"enemies":"3 Sentries","floor":8.0,"turns":3.0},{"damage":1.0,"enemies":"Exordium Wildlife","floor":11.0,"turns":2.0},{"damage":0.0,"enemies":"3 Louse","floor":12.0,"turns":1.0},{"damage":0.0,"enemies":"Gremlin Gang","floor":14.0,"turns":2.0},{"damage":34.0,"enemies":"Slime Boss","floor":16.0,"turns":4.0},{"damage":26.0,"enemies":"2 Thieves","floor":18.0,"turns":2.0},{"damage":0.0,"enemies":"Shell Parasite","floor":19.0,"turns":2.0},{"damage":6.0,"enemies":"Cultist and Chosen","floor":21.0,"turns":4.0},{"damage":0.0,"enemies":"Centurion and Healer","floor":22.0,"turns":2.0},{"damage":15.0,"enemies":"Book of Stabbing","floor":23.0,"turns":4.0},{"damage":6.0,"enemies":"Sentry and Sphere","floor":28.0,"turns":1.0},{"damage":6.0,"enemies":"Snake Plant","floor":30.0,"turns":2.0},{"damage":0.0,"enemies":"Shelled Parasite and Fungi","floor":31.0,"turns":2.0},{"damage":7.0,"enemies":"Automaton","floor":33.0,"turns":4.0},{"damage":0.0,"enemies":"Orb Walker","floor":35.0,"turns":1.0},{"damage":0.0,"enemies":"3 Shapes","floor":36.0,"turns":1.0},{"damage":0.0,"enemies":"Spire Growth","floor":38.0,"turns":2.0},{"damage":0.0,"enemies":"3 Darklings","floor":39.0,"turns":1.0},{"damage":0.0,"enemies":"Mind Bloom Boss Battle","floor":41.0,"turns":1.0},{"damage":0.0,"enemies":"Reptomancer","floor":44.0,"turns":4.0},{"damage":6.0,"enemies":"Giant Head","floor":46.0,"turns":3.0},{"damage":0.0,"enemies":"Sphere and 2 Shapes","floor":47.0,"turns":1.0},{"damage":2,"enemies":"Time Eater","floor":50,"turns":3}],"seed_played":"-8136925521176778862","potions_obtained":[{"floor":6.0,"key":"Fruit Juice"},{"floor":11.0,"key":"LiquidMemories"},{"floor":12.0,"key":"SteroidPotion"},{"floor":18.0,"key":"EntropicBrew"},{"floor":19.0,"key":"BottledMiracle"}],"is_trial":false,"path_per_floor":["M","?","M","M","?","E","$","E","T","R","M","M","T","M","R","B",null,"M","M","?","M","M","E","$","R","T","$","M","$","M","M","R","B",null,"M","M","?","M","M","$","?","?","T","E","R","E","M","$","R","B",null],"character_chosen":"WATCHER","items_purchased":["Medical Kit","ClockworkSouvenir","Flash of Steel+1","DollysMirror"],"campfire_rested":0,"item_purchase_floors":[24,27,27,48],"current_hp_per_floor":[72,54,54,72,72,75,75,69,69,69,68,68,68,68,68,34,78,55,60,60,62,82,77,86,86,86,86,80,86,80,82,82,77,86,86,86,76,78,80,86,86,96,96,96,96,96,96,96,96,94],"gold":132,"neow_bonus":"","is_daily":true,"chose_seed":false,"campfire_upgraded":6,"win_rate":0.0,"timestamp":1609835110,"path_taken":["M","?","M","M","?","E","$","E","T","R","M","M","?","M","R","BOSS","M","M","?","M","M","E","$","R","T","$","M","$","M","M","R","BOSS","M","M","?","M","M","$","?","?","T","E","R","E","?","?","R","BOSS"],"items_purchased_type":["Relic","Relic","Card","Relic"],"build_version":"2020-12-22","purchased_purges":5,"victory":true,"max_hp_per_floor":[72,72,72,72,72,75,75,78,78,78,78,78,78,78,78,78,78,81,86,86,86,86,86,86,86,86,86,86,86,86,86,86,86,86,86,86,86,86,86,86,86,96,96,96,96,96,96,96,96,96],"card_choices":[{"not_picked":["Headbutt","Clothesline"],"picked":"Armaments","floor":1.0},{"not_picked":["Conclude","JustLucky","MasterReality"],"picked":"SKIP","floor":3.0},{"not_picked":["Evaluate","EmptyFist","Halt"],"picked":"SKIP","floor":4.0},{"not_picked":["WaveOfTheHand","Sword Boomerang"],"picked":"Crescendo","floor":6.0},{"not_picked":["Indignation","FlyingSleeves","Whirlwind"],"picked":"SKIP","floor":8.0},{"not_picked":["Wallop","Spot Weakness","Indignation"],"picked":"SKIP","floor":11.0},{"not_picked":["Disarm","FollowUp","Intimidate"],"picked":"SKIP","floor":12.0},{"not_picked":["Infernal Blade","Halt","JustLucky+1"],"picked":"SKIP","floor":14.0},{"not_picked":["EmptyFist+1","TalkToTheHand+1","Clash+1"],"picked":"SKIP","floor":18.0},{"not_picked":["Hemokinesis+1","TalkToTheHand+1","Halt+1"],"picked":"SKIP","floor":19.0},{"not_picked":["Blood for Blood+1","Entrench","Reckless Charge+1"],"picked":"SKIP","floor":21.0},{"not_picked":["EmptyBody","Consecrate+1","Heavy Blade+1"],"picked":"SKIP","floor":22.0},{"not_picked":["Fasting2+1","Scrawl","True Grit"],"picked":"SKIP","floor":23.0},{"not_picked":["WreathOfFlame","Clothesline+1","Wireheading"],"picked":"SKIP","floor":28.0},{"not_picked":["Armaments","BowlingBash+1","Conclude+1"],"picked":"SKIP","floor":30.0},{"not_picked":["Clash+1","MentalFortress","Feel No Pain+1"],"picked":"SKIP","floor":31.0},{"not_picked":["SandsOfTime+1","Heavy Blade+1","Havoc"],"picked":"SKIP","floor":35.0},{"not_picked":["BowlingBash+1","Body Slam+1","Flex+1"],"picked":"SKIP","floor":36.0},{"not_picked":["Protect","Wild Strike+1","Pommel Strike+1"],"picked":"SKIP","floor":38.0},{"not_picked":["FlyingSleeves+1","WindmillStrike+1","Rampage+1"],"picked":"SKIP","floor":39.0},{"not_picked":["Barricade","EmptyMind","EmptyBody+1"],"picked":"SKIP","floor":44.0},{"not_picked":["Seeing Red","Fasting2+1","WaveOfTheHand"],"picked":"SKIP","floor":46.0},{"not_picked":["Armaments","BowlingBash+1","Body Slam+1"],"picked":"SKIP","floor":47.0}],"player_experience":165308,"relics_obtained":[{"floor":6.0,"key":"MealTicket"},{"floor":8.0,"key":"Kunai"},{"floor":9.0,"key":"Ornamental Fan"},{"floor":13.0,"key":"Molten Egg 2"},{"floor":23.0,"key":"Blood Vial"},{"floor":26.0,"key":"Darkstone Periapt"},{"floor":41.0,"key":"Unceasing Top"},{"floor":43.0,"key":"Lantern"},{"floor":44.0,"key":"Ancient Tea Set"},{"floor":46.0,"key":"TeardropLocket"}],"event_choices":[{"damage_healed":0.0,"max_hp_gain":0.0,"max_hp_loss":0.0,"gold_gain":0.0,"event_name":"Golden Idol","player_choice":"Take Damage","floor":2.0,"gold_loss":0.0,"damage_taken":18.0,"relics_obtained":["Golden Idol"]},{"cards_removed":["Brilliance"],"damage_healed":0.0,"max_hp_gain":0.0,"max_hp_loss":0.0,"gold_gain":0.0,"event_name":"Living Wall","player_choice":"Forget","floor":5.0,"gold_loss":0.0,"damage_taken":0.0},{"damage_healed":0.0,"max_hp_gain":0.0,"max_hp_loss":0.0,"gold_gain":0.0,"event_name":"The Mausoleum","player_choice":"Opened","floor":20.0,"gold_loss":0.0,"damage_taken":0.0,"relics_obtained":["Bag of Preparation"],"cards_obtained":["Writhe"]},{"damage_healed":0.0,"max_hp_gain":0.0,"max_hp_loss":0.0,"gold_gain":0.0,"event_name":"SensoryStone","player_choice":"Memory 3","floor":37.0,"gold_loss":0.0,"damage_taken":10.0},{"damage_healed":0.0,"max_hp_gain":0.0,"max_hp_loss":0.0,"gold_gain":0.0,"event_name":"MindBloom","player_choice":"Fight","floor":41.0,"gold_loss":0.0,"damage_taken":0.0},{"cards_removed":["LessonLearned"],"damage_healed":0.0,"max_hp_gain":10.0,"max_hp_loss":0.0,"gold_gain":0.0,"event_name":"Bonfire Elementals","player_choice":"Offered Rare","floor":42.0,"gold_loss":0.0,"damage_taken":0.0}],"is_beta":false,"boss_relics":[{"not_picked":["Philosopher\u0027s Stone","Astrolabe"],"picked":"Snecko Eye"},{"not_picked":["Runic Pyramid","Black Star"],"picked":"Empty Cage"}],"items_purged_floors":[7,24,27,40,48],"is_endless":false,"potions_floor_spawned":[6,11,12,18,19,22,28,35,36,44],"ascension_level":0}}