{"host":"qswkx8hggytna0kc","time":1609842380,"event":{"mods":["Aspiration","BaseMod","BetterRewards","Colored Map","Colored Powertips","Highlight Path","Hubris","Mimic Mod","Minty Spire (QoL Compilation)","Quick Restart","Replay The Spire","StSLib","SuperFastMode"],"gold_per_floor":[111,128,228,242,242,228,228,228,252,177,196,207,207,217,217,312,312,327,346,346,246,264,264,280,280,280,295,295,295],"floor_reached":28,"playtime":894,"items_purged":["Pain","Strike_B"],"score":281,"play_id":"b5b3ee24-014d-4071-9a46-6a1215c4888d","local_time":"20210105182620","is_ascension_mode":true,"campfire_choices":[{"data":"White Noise","floor":13.0,"key":"SMITH"},{"data":"Dualcast","floor":15.0,"key":"SMITH"},{"data":"Mirror Shield","floor":23,"key":"SMITH"},{"data":"JustLucky","floor":25,"key":"SMITH"}],"circlet_count":0,"master_deck":["Strike_B+1","Strike_B","Strike_B+1","Defend_B","Defend_B","Defend_B","Defend_B","Zap+1","Dualcast+1","Self Repair","JustLucky+1","Go for the Eyes","White Noise+1","Turbo","Mirror Shield+1","Pot Of Greed","Pot Of Greed","Crescendo+1","Grand Finale"],"relics":["Cracked Core","aspiration:Nostalgia","Replay:M_StaffOfTheSnake","WarpedTongs","CaptainsWheel","Whetstone","hubris:Backtick","Grinning Jar","Calipers"],"acts_visited":["Exordium","TheCity"],"potions_floor_usage":[20],"damage_taken":[{"damage":0.0,"enemies":"Cultist","floor":1.0,"turns":4.0},{"damage":1.0,"enemies":"Small Slimes","floor":2.0,"turns":4.0},{"damage":0.0,"enemies":"2 Louse","floor":4.0,"turns":3.0},{"damage":16.0,"enemies":"Exordium Thugs","floor":6.0,"turns":4.0},{"damage":4.0,"enemies":"Gremlin Gang","floor":11.0,"turns":4.0},{"damage":4.0,"enemies":"Red Slaver","floor":12.0,"turns":4.0},{"damage":0.0,"enemies":"Large Slime","floor":14.0,"turns":5.0},{"damage":30.0,"enemies":"The Guardian","floor":16.0,"turns":13.0},{"damage":2.0,"enemies":"Spheric Guardian","floor":18.0,"turns":4.0},{"damage":5.0,"enemies":"2 Thieves","floor":19.0,"turns":4.0},{"damage":0,"enemies":"Cultist and Chosen","floor":20,"turns":1},{"damage":13,"enemies":"Shelled Parasite and Fungi","floor":22,"turns":5},{"damage":12,"enemies":"Snake Plant","floor":24,"turns":5},{"damage":33,"enemies":"3 Cultists","floor":27,"turns":7},{"damage":41,"enemies":"Snecko","floor":28,"turns":5}],"seed_played":"-7760790605264114659","potions_obtained":[{"floor":6.0,"key":"Dexterity Potion"},{"floor":11.0,"key":"Strength Potion"},{"floor":14.0,"key":"SpeedPotion"},{"floor":16.0,"key":"SmokeBomb"},{"floor":19.0,"key":"Adrenaline Potion"},{"floor":24,"key":"Flashbang"}],"is_trial":false,"path_per_floor":["M","M","?","M","?","M","?","?","T","$","M","M","R","M","R","B",null,"M","M","M","$","M","R","M","R","T","M","M"],"character_chosen":"DEFECT","items_purchased":[],"campfire_rested":0,"item_purchase_floors":[],"current_hp_per_floor":[68,74,74,75,75,66,66,66,66,66,69,72,72,75,75,52,69,74,75,75,75,69,69,64,64,64,38,0,0],"gold":295,"neow_bonus":"NOSTALGIA","is_daily":false,"chose_seed":false,"campfire_upgraded":4,"win_rate":0.0,"timestamp":1609842380,"path_taken":["M","M","?","?","?","?","?","?","T","$","?","M","R","M","R","BOSS","M","M","M","$","M","R","M","R","T","M","M"],"items_purchased_type":[],"build_version":"2020-12-22","purchased_purges":2,"victory":false,"max_hp_per_floor":[75,75,75,75,75,75,75,75,75,75,75,75,75,75,75,75,75,75,75,75,75,75,75,75,75,75,75,75,75],"card_choices":[{"not_picked":["Flying Knee","Go for the Eyes"],"picked":"Self Repair","floor":1.0},{"not_picked":["CutThroughFate","Stack"],"picked":"JustLucky","floor":2.0},{"not_picked":["Static Discharge","Redo"],"picked":"Go for the Eyes","floor":4.0},{"not_picked":["Amplify","CutThroughFate"],"picked":"White Noise","floor":6.0},{"not_picked":["Steam","Crescendo"],"picked":"Turbo","floor":11.0},{"not_picked":["ReplaySolidLightProjector","Barrage","Conserve Battery"],"picked":"SKIP","floor":12.0},{"not_picked":["BasicCrystalCard","Crescendo","Compile Driver"],"picked":"SKIP","floor":14.0},{"not_picked":["Establishment","Meteor Strike"],"picked":"Mirror Shield","floor":16.0},{"not_picked":["Barrage+1","ReplaySort"],"picked":"Crescendo+1","floor":18.0},{"not_picked":["Turbo","Stack"],"picked":"Grand Finale","floor":19.0},{"not_picked":["Dagger Throw","FIFO Queue","CutThroughFate"],"picked":"SKIP","floor":22},{"not_picked":["Rip and Tear","Nirvana","Darkness"],"picked":"SKIP","floor":24},{"not_picked":["Dagger Throw","Rebound","Barrage"],"picked":"SKIP","floor":27}],"player_experience":227441,"relics_obtained":[{"floor":9.0,"key":"Whetstone"},{"floor":26,"key":"Calipers"}],"event_choices":[{"damage_healed":0.0,"max_hp_gain":0.0,"max_hp_loss":0.0,"gold_gain":100.0,"event_name":"Golden Shrine","player_choice":"Pray","floor":3.0,"gold_loss":0.0,"damage_taken":0.0},{"damage_healed":0.0,"max_hp_gain":0.0,"max_hp_loss":0.0,"gold_gain":0.0,"event_name":"Accursed Blacksmith","player_choice":"Rummage","floor":5.0,"gold_loss":0.0,"damage_taken":0.0,"relics_obtained":["WarpedTongs"],"cards_obtained":["Pain"]},{"damage_healed":0.0,"max_hp_gain":0.0,"max_hp_loss":0.0,"gold_gain":0.0,"event_name":"WeMeetAgain","player_choice":"Gave Potion","floor":8.0,"gold_loss":0.0,"damage_taken":0.0,"relics_obtained":["CaptainsWheel"]}],"is_beta":false,"boss_relics":[{"not_picked":["hubris:VirtuousBlindfold","hubris:Stopwatch"],"picked":"hubris:Backtick"}],"items_purged_floors":[10,21],"is_endless":false,"potions_floor_spawned":[6,11,14,16,19,20,24],"killed_by":"Snecko","ascension_level":6}}