{"host":"6febr6iklru1ag3j","time":1609826006,"event":{"mods":["Aspiration","BaseMod","Better Note","DeckTracker","Hubris","Minty Spire (QoL Compilation)","Replay The Spire","Shop Mod","StSLib","The Cursed","The Jungle","slay the spire mod where everything is the same but ironclad has a cowboy hat"],"gold_per_floor":[114,11,25,42,42,70,70,80,80,80,106,106,123,139,139,234,234,250,250,262,280,32,63,63,263,263,274,274,293,46,58,58,58,58],"floor_reached":33,"playtime":1792,"items_purged":["Scrape+1","Defend_B"],"score":335,"play_id":"1a87efba-7bfc-45b6-a4b3-af94c8d97fb1","local_time":"20210105005326","is_ascension_mode":true,"campfire_choices":[{"data":"Zap","floor":7,"key":"SMITH"},{"floor":10,"key":"REST"},{"floor":15,"key":"REST"},{"floor":24,"key":"REST"},{"floor":28,"key":"REST"},{"floor":32,"key":"REST"}],"circlet_count":0,"master_deck":["Strike_B+1","Defend_B+1","Defend_B","Defend_B","Zap+1","Dualcast","hubris:Ukulele+1","Sweeping Beam","Ball Lightning","Leap+1","Lockon","Glacier+1","Undo+1","Multi-Cast+1","Heatsinks","Ball Lightning","Panic Button+1","Static Discharge","BootSequence+1","White Noise+1","Replay:Bootleg Shield Generator+1","Hyperbeam","Loop","Darkness+1","Self Repair"],"relics":["Cracked Core","NeowsBlessing","Centennial Puzzle","Toxic Egg 2","Astrolabe","Prayer Wheel","aspiration:HummingbirdHeart","Garlic","Runic Capacitor"],"acts_visited":["Exordium","TheCity"],"potions_floor_usage":[6,6,13,16,20,29],"damage_taken":[{"damage":0,"enemies":"Cultist","floor":1,"turns":1},{"damage":0,"enemies":"2 Louse","floor":3,"turns":1},{"damage":0,"enemies":"Jaw Worm","floor":4,"turns":1},{"damage":27,"enemies":"Lagavulin","floor":6,"turns":5},{"damage":1,"enemies":"2 Fungi Beasts","floor":8,"turns":2},{"damage":30,"enemies":"3 Sentries","floor":11,"turns":5},{"damage":8,"enemies":"Large Slime","floor":13,"turns":3},{"damage":3,"enemies":"Lots of Slimes","floor":14,"turns":3},{"damage":27,"enemies":"The Guardian","floor":16,"turns":8},{"damage":14,"enemies":"Spheric Guardian","floor":18,"turns":6},{"damage":12,"enemies":"2 Thieves","floor":20,"turns":3},{"damage":7,"enemies":"Snake Plant","floor":21,"turns":2},{"damage":31,"enemies":"Slavers","floor":23,"turns":5},{"damage":11,"enemies":"Snecko","floor":27,"turns":8},{"damage":9,"enemies":"Centurion and Healer","floor":29,"turns":6},{"damage":9,"enemies":"Snake Plant","floor":31,"turns":3},{"damage":76,"enemies":"Collector","floor":33,"turns":8}],"seed_played":"-8487631262294732166","potions_obtained":[{"floor":3,"key":"Explosive Potion"},{"floor":4,"key":"SkillPotion"},{"floor":6,"key":"Languid Potion"},{"floor":11,"key":"Explosive Potion"},{"floor":18,"key":"Adrenaline Potion"},{"floor":27,"key":"Weak Potion"},{"floor":29,"key":"Strength Potion"}],"is_trial":false,"path_per_floor":["M","$","M","M","?","E","R","M","T","R","E","?","M","M","R","B",null,"M","?","M","M","$","E","R","?","T","M","R","M","$","M","R","B"],"character_chosen":"DEFECT","items_purchased":["hubris:Ukulele+1","Hologram","White Noise+1","Replay:Bootleg Shield Generator+1","Runic Capacitor"],"campfire_rested":5,"item_purchase_floors":[2,2,22,22,30],"current_hp_per_floor":[75,75,75,75,75,48,48,47,47,69,39,24,16,13,35,8,75,61,61,49,42,42,11,33,33,33,22,44,35,35,26,48,0,0],"gold":58,"neow_bonus":"THREE_ENEMY_KILL","is_daily":false,"chose_seed":false,"campfire_upgraded":1,"win_rate":0.0,"timestamp":1609826006,"path_taken":["M","$","M","?","?","E","R","?","T","R","E","?","M","M","R","BOSS","M","?","M","M","$","E","R","?","T","M","R","M","$","M","R","BOSS"],"items_purchased_type":["Card","Card","Card","Card","Relic"],"build_version":"2020-12-22","purchased_purges":2,"victory":false,"max_hp_per_floor":[75,75,75,75,75,75,75,75,75,75,75,75,75,75,75,75,75,75,75,75,75,75,75,75,75,75,75,75,75,75,75,75,75,75],"card_choices":[{"not_picked":["Panic Button","Undo","Go for the Eyes"],"picked":"SKIP","floor":1},{"not_picked":["Panic Button","Chill"],"picked":"Sweeping Beam","floor":3},{"not_picked":["Blizzard","Sunder","Hologram"],"picked":"SKIP","floor":4},{"not_picked":["Static Discharge","BasicCrystalCard"],"picked":"Ball Lightning","floor":6},{"not_picked":["Gash","Consume","Streamline"],"picked":"SKIP","floor":8},{"not_picked":["Streamline","ReplaySort+1"],"picked":"Leap+1","floor":11},{"not_picked":["Go for the Eyes","Conserve Battery+1"],"picked":"Lockon","floor":13},{"not_picked":["Melter","ReplaySort+1","Stack+1"],"picked":"SKIP","floor":14},{"not_picked":["Hyperbeam","ReplayRNGCard+1"],"picked":"ReplayTheSpireMod:Fabricate Wheel+1","floor":16},{"not_picked":["Stack+1","Conserve Battery+1"],"picked":"Heatsinks","floor":18},{"not_picked":["Go for the Eyes","Redo+1","Streamline"],"picked":"SKIP","floor":18},{"not_picked":["Double Energy+1","ReplayTheSpireMod:GoodbyeWorld+1"],"picked":"Panic Button+1","floor":20},{"not_picked":["Gash+1","Sweeping Beam","Steam+1"],"picked":"SKIP","floor":20},{"not_picked":["Rebound","BasicCrystalCard+1"],"picked":"Static Discharge","floor":21},{"not_picked":["Cold Snap","Darkness+1"],"picked":"BootSequence+1","floor":21},{"not_picked":["Sweeping Beam+1","Steam Power+1","Turbo+1"],"picked":"SKIP","floor":23},{"not_picked":["Buffer","hubris:Prefetch"],"picked":"Hyperbeam","floor":25},{"not_picked":["Sweeping Beam","Beam Cell"],"picked":"Loop","floor":27},{"not_picked":["Panic Button+1","Redo+1"],"picked":"Darkness+1","floor":27},{"not_picked":["Melter+1","Steam+1"],"picked":"Self Repair","floor":29},{"not_picked":["Chill+1","Auto Shields+1","Stack+1"],"picked":"SKIP","floor":29},{"not_picked":["Barrage","Sweeping Beam+1","Turbo+1"],"picked":"SKIP","floor":31},{"not_picked":["ReplaySolidLightProjector+1","Rip and Tear","Redo+1"],"picked":"SKIP","floor":31}],"player_experience":364231,"relics_obtained":[{"floor":6,"key":"Pet Ghost"},{"floor":9,"key":"Centennial Puzzle"},{"floor":11,"key":"Toxic Egg 2"},{"floor":23,"key":"aspiration:HummingbirdHeart"},{"floor":26,"key":"Garlic"}],"event_choices":[{"cards_removed":["Strike_B"],"damage_healed":0,"gold_gain":0,"player_choice":"Purged","damage_taken":0,"max_hp_gain":0,"max_hp_loss":0,"event_name":"Purifier","floor":5,"gold_loss":0},{"damage_healed":0,"gold_gain":0,"player_choice":"Entered Light","damage_taken":15,"max_hp_gain":0,"max_hp_loss":0,"event_name":"Shining Light","floor":12,"gold_loss":0,"cards_upgraded":["Strike_B","Defend_B"]}],"is_beta":false,"boss_relics":[{"not_picked":["Replay:Fungal Core","Abe\u0027s Treasure"],"picked":"Astrolabe"}],"items_purged_floors":[22,30],"is_endless":false,"potions_floor_spawned":[3,4,6,11,18,27,29],"killed_by":"Collector","ascension_level":4}}