{"host":"00yob6u0fiu7ehgs","time":1609823712,"event":{"mods":["Act Like it!","Arknights The Spire","Art Attack!","BaseMod","Chen","Colored Powertips","Elementarium","Gensokyo","GifTheSpireLib","Infinite Spire","Jorbs\u0027s Wanderer Trilogy","Koishi","Marisa????????","Minty Spire (QoL Compilation)","Rare Cards Sparkle","Reimu??????","Remilia??????","Replay The Spire","StSLib","The Alterego","The Animator","The Cursed","The Forsaken","The Marked","The Servant 0.9.4","Wandering Minibosses","Yakumo Yukari mod"],"gold_per_floor":[115,115,43,65,75,75,108,108,108,124,151,11,11,26,26,26,26],"floor_reached":16,"playtime":1101,"items_purged":[],"score":107,"play_id":"ba6f4206-87db-4b61-976e-a384740827f7","local_time":"20210104221512","is_ascension_mode":true,"campfire_choices":[{"data":"ats:Dogmatic Field","floor":6,"key":"SMITH"},{"data":"ats:Healing Strengthening","floor":8,"key":"SMITH"},{"data":"ats:Magnetic Hammer","floor":15,"key":"SMITH"}],"circlet_count":0,"master_deck":["ats:Strike C","ats:Strike G","ats:Strike S","ats:Strike V","ats:Armor Crushing Shot","ats:Defend","ats:Defend","ats:Defend","ats:Defend","ats:Emotion Absorption","ReplayTheSpireMod:Doomed","ats:Dogmatic Field+1","ats:Apocalypse","infinitespire:Gouge","ats:Healing Strengthening+1","ats:Apocalypse","ats:Encircling Forest","ats:Magnetic Hammer+1","ats:Curse Doll"],"relics":["ats:Sanity","ats:Originium","Replay:Bottled Snecko","infinitespire:BottledMercury","FossilizedHelix"],"acts_visited":["Exordium"],"potions_floor_usage":[7,10,16],"damage_taken":[{"damage":31,"enemies":"Gensokyo:Gryphon","floor":1,"turns":5},{"damage":32,"enemies":"Gensokyo:2_Kodama","floor":4,"turns":9},{"damage":43,"enemies":"Gensokyo:3_Fairies","floor":5,"turns":7},{"damage":111,"enemies":"Gensokyo:Aya","floor":7,"turns":12},{"damage":36,"enemies":"Gensokyo:3_Kodama","floor":10,"turns":10},{"damage":42,"enemies":"Gensokyo:Kitsune","floor":11,"turns":7},{"damage":36,"enemies":"Gensokyo:VengefulSpirit","floor":14,"turns":9},{"damage":249,"enemies":"Gensokyo:Yukari","floor":16,"turns":27}],"seed_played":"-5871339364627176165","potions_obtained":[{"floor":4,"key":"Weak Potion"},{"floor":5,"key":"Elixir"},{"floor":14,"key":"Milkshake"}],"is_trial":false,"path_per_floor":["M","?","$","M","M","R","E","R","T","M","M","?","?","M","R","B"],"character_chosen":"DOCTOR_CLASS","items_purchased":["ats:Healing Strengthening"],"campfire_rested":0,"item_purchase_floors":[3],"current_hp_per_floor":[59,41,41,70,64,64,23,23,23,58,54,54,54,67,67,0,0],"gold":26,"neow_bonus":"THREE_RARE_CARDS","is_daily":false,"chose_seed":false,"campfire_upgraded":3,"win_rate":0.0,"timestamp":1609823712,"path_taken":["M","?","$","M","?","R","E","R","T","M","M","?","?","M","R","BOSS"],"items_purchased_type":["Card"],"build_version":"2020-12-22","purchased_purges":0,"victory":false,"max_hp_per_floor":[72,72,72,72,72,72,72,72,72,72,72,72,72,72,72,72,72],"card_choices":[{"not_picked":["ats:Fractured Body","ats:Soul Rend"],"picked":"ats:Dogmatic Field","floor":0},{"not_picked":["ats:Powerful Strike","ats:Hammer On"],"picked":"ats:Apocalypse","floor":1},{"not_picked":["ReplayTheSpireMod:Haul","ReplayTheSpireMod:??????????????????????"],"picked":"infinitespire:Gouge","floor":2},{"not_picked":["ats:Powerful Strike","ats:Flexible Camouflage","ats:Cat Scratch"],"picked":"SKIP","floor":4},{"not_picked":["ats:Thermite Blade","ats:Directed Diagnosis"],"picked":"ats:Apocalypse","floor":5},{"not_picked":["ats:Wolf Pack","ats:Powerful Strike"],"picked":"ats:Encircling Forest","floor":7},{"not_picked":["ats:Cat Scratch","ats:Flexible Camouflage","ats:Sword Rain"],"picked":"SKIP","floor":10},{"not_picked":["ats:Apocalypse","ats:Revitalization"],"picked":"ats:Magnetic Hammer","floor":11},{"not_picked":["ats:Powerful Strike","ats:Cat Scratch"],"picked":"ats:Curse Doll","floor":14}],"player_experience":349748,"relics_obtained":[{"floor":7,"key":"ats:Originium"},{"floor":7,"key":"Replay:Bottled Snecko"},{"floor":9,"key":"infinitespire:BottledMercury"}],"event_choices":[],"is_beta":false,"boss_relics":[],"items_purged_floors":[],"is_endless":false,"potions_floor_spawned":[4,5,14],"killed_by":"Gensokyo:Yukari","ascension_level":1}}