{"host":"uwjo8zj11ergqio9","time":1609808930,"event":{"mods":["BaseMod","Downfall","Infinite Spire","Jorbs\u0027s Wanderer Trilogy","Minty Spire (QoL Compilation)","Rare Cards Sparkle","Replay The Spire","StSLib","The Animator","The Cursed","The Hierophant","The Jungle"],"gold_per_floor":[110,129,144,114,126,126,152,152,178,193,193,205,205,221,221,221,221],"floor_reached":16,"playtime":1566,"items_purged":[],"score":96,"play_id":"1983eda5-0bcd-4fe7-bc0b-79bfb5df776b","local_time":"20210104200850","is_ascension_mode":false,"campfire_choices":[{"floor":6,"key":"REST"},{"floor":8,"key":"REST"},{"floor":15,"key":"REST"}],"circlet_count":0,"master_deck":["animator:Strike_Konosuba","animator:Defend_Konosuba","animator:Strike+1","animator:Strike","animator:Strike","animator:Defend","animator:Defend","animator:Defend","animator:Kazuma","animator:Aqua","animator:Benimaru","animator:Souei","animator:Hakurou","animator:Benimaru","animator:Evileye","animator:Saber","animator:Shigure","animator:DwarfShaman","animator:Mitsuba"],"relics":["animator:LivingPicture","animator:TheMissingPiece","animator:PurgingStone","Blue Doll"],"acts_visited":["Exordium"],"potions_floor_usage":[16,16],"damage_taken":[{"damage":0,"enemies":"Cultist","floor":1,"turns":6},{"damage":5,"enemies":"Jaw Worm","floor":2,"turns":5},{"damage":3,"enemies":"Small Slimes","floor":3,"turns":3},{"damage":9,"enemies":"Looter","floor":4,"turns":4},{"damage":31,"enemies":"Exordium Thugs","floor":5,"turns":5},{"damage":16,"enemies":"Blue Slaver","floor":7,"turns":4},{"damage":9,"enemies":"3 Louse","floor":10,"turns":3},{"damage":19,"enemies":"Exordium Wildlife","floor":12,"turns":4},{"damage":20,"enemies":"Large Slime","floor":14,"turns":6},{"damage":60,"enemies":"Fading Forest","floor":16,"turns":11}],"seed_played":"-3949297021920352626","potions_obtained":[{"floor":1,"key":"Guardian:BlockOnCardUsePotion"},{"floor":2,"key":"SneckoOil"},{"floor":7,"key":"Reflective Coating"},{"floor":12,"key":"champ:CounterPotion"},{"floor":14,"key":"Reflective Coating"}],"is_trial":false,"path_per_floor":["M","M","M","M","M","R","M","R","T","M","?","M","?","M","R","B"],"character_chosen":"THE_ANIMATOR","items_purchased":[],"campfire_rested":3,"item_purchase_floors":[],"current_hp_per_floor":[72,68,65,58,29,50,36,57,57,50,50,33,33,15,36,0,0],"gold":221,"neow_bonus":"TEN_PERCENT_HP_BONUS","is_daily":false,"chose_seed":false,"campfire_upgraded":0,"win_rate":0.0,"timestamp":1609808930,"path_taken":["M","M","M","M","M","R","M","R","T","?","?","M","?","M","R","BOSS"],"items_purchased_type":[],"build_version":"2020-12-22","purchased_purges":0,"victory":false,"max_hp_per_floor":[72,72,72,72,72,72,72,72,72,72,72,72,72,72,72,72,72],"card_choices":[{"not_picked":["animator:Vanir","animator:Sloth"],"picked":"animator:Benimaru","floor":1},{"not_picked":["animator:MumenRider","animator:PandorasActor"],"picked":"animator:Souei","floor":2},{"not_picked":["animator:DolaRiku","animator:Sloth"],"picked":"animator:Hakurou","floor":3},{"not_picked":["animator:Vesta","animator:GazelDwargon"],"picked":"animator:Benimaru","floor":4},{"not_picked":["animator:PandorasActor","animator:GuildGirl"],"picked":"animator:Evileye","floor":5},{"not_picked":["animator:Berserker","animator:Vesta"],"picked":"animator:Saber","floor":7},{"not_picked":["animator:ShinjiMatou","animator:Shinoa"],"picked":"animator:Shigure","floor":10},{"not_picked":["animator:CowGirl","animator:LizardPriest"],"picked":"animator:DwarfShaman","floor":12},{"not_picked":["animator:Shalltear","animator:PandorasActor"],"picked":"animator:Mitsuba","floor":14}],"player_experience":20491,"relics_obtained":[{"floor":9,"key":"Blue Doll"}],"event_choices":[{"damage_healed":0,"gold_gain":0,"player_choice":"Ignored","damage_taken":0,"max_hp_gain":0,"max_hp_loss":0,"event_name":"Golden Wing","floor":13,"gold_loss":0}],"is_beta":false,"boss_relics":[],"items_purged_floors":[],"is_endless":false,"potions_floor_spawned":[1,2,7,12,14],"killed_by":"Fading Forest","ascension_level":0}}