{"host":"jq8d8epkoknfq6em","time":1609811246,"event":{"mods":["AchievementEnabler","BaseMod","Colored Map","Colored Powertips","Highlight Path","Minty Spire (QoL Compilation)","Quick Restart","StSLib"],"gold_per_floor":[109,124,124,124,141,141,171,171,171,186,217,10,10,22,22,22,22],"floor_reached":16,"playtime":709,"items_purged":[],"score":171,"play_id":"e7439f52-334f-4bc2-adb8-ecd49e769962","local_time":"20210105024726","is_ascension_mode":true,"campfire_choices":[{"data":"Combust","floor":6,"key":"SMITH"},{"data":"Bash","floor":8,"key":"SMITH"},{"data":"Berserk","floor":15,"key":"SMITH"}],"circlet_count":0,"master_deck":["AscendersBane","Strike_R+1","Strike_R+1","Strike_R","Strike_R","Strike_R","Defend_R","Defend_R","Defend_R","Defend_R+1","Bash+1","Metallicize","Fire Breathing","Combust+1","Warcry+1","Disarm","Power Through","Rupture","Berserk+1"],"relics":["Burning Blood","Oddly Smooth Stone","Sundial","Paper Frog","War Paint","Ice Cream","Membership Card"],"acts_visited":["Exordium"],"potions_floor_usage":[11,14,14,16],"damage_taken":[{"damage":0,"enemies":"Small Slimes","floor":1,"turns":5},{"damage":6,"enemies":"2 Louse","floor":2,"turns":4},{"damage":15,"enemies":"Jaw Worm","floor":5,"turns":5},{"damage":12,"enemies":"3 Sentries","floor":7,"turns":4},{"damage":14,"enemies":"Looter","floor":10,"turns":3},{"damage":33,"enemies":"Lagavulin","floor":11,"turns":6},{"damage":6,"enemies":"Exordium Thugs","floor":14,"turns":4},{"damage":35,"enemies":"The Guardian","floor":16,"turns":2}],"seed_played":"4933818275630311171","potions_obtained":[{"floor":1,"key":"SteroidPotion"},{"floor":7,"key":"AttackPotion"},{"floor":14,"key":"DistilledChaos"}],"is_trial":false,"path_per_floor":["M","M","?","?","M","R","E","R","T","M","E","$","$","M","R","B"],"character_chosen":"IRONCLAD","items_purchased":["Membership Card","Rupture","BloodPotion"],"campfire_rested":0,"item_purchase_floors":[12,12,12],"current_hp_per_floor":[78,78,62,59,50,50,44,44,44,36,9,9,9,25,25,0,0],"gold":22,"neow_bonus":"RANDOM_COMMON_RELIC","is_daily":false,"chose_seed":false,"campfire_upgraded":3,"win_rate":0.0,"timestamp":1609811246,"path_taken":["M","M","?","?","M","R","E","R","T","M","E","?","$","M","R","BOSS"],"items_purchased_type":["Relic","Card","Potion"],"build_version":"2020-12-22","purchased_purges":0,"victory":false,"max_hp_per_floor":[80,80,80,80,80,80,80,80,80,80,80,80,80,80,80,80,80],"card_choices":[{"not_picked":["Sever Soul","Dual Wield"],"picked":"Metallicize","floor":1},{"not_picked":["Pommel Strike","Clothesline"],"picked":"Fire Breathing","floor":2},{"not_picked":["Shockwave","Clash"],"picked":"Combust","floor":5},{"not_picked":["Burning Pact","Flex"],"picked":"Warcry","floor":7},{"not_picked":["Iron Wave","Heavy Blade"],"picked":"Disarm","floor":10},{"not_picked":["Warcry","Burning Pact"],"picked":"Power Through","floor":11},{"not_picked":["Armaments","Heavy Blade"],"picked":"Berserk","floor":14}],"player_experience":938338,"relics_obtained":[{"floor":7,"key":"Paper Frog"},{"floor":9,"key":"War Paint"},{"floor":11,"key":"Ice Cream"}],"event_choices":[{"damage_healed":0,"gold_gain":0,"player_choice":"Entered Light","damage_taken":16,"max_hp_gain":0,"max_hp_loss":0,"event_name":"Shining Light","floor":3,"gold_loss":0,"cards_upgraded":["Strike_R","Strike_R"]},{"damage_healed":0,"gold_gain":0,"player_choice":"Success","damage_taken":3,"relics_obtained":["Sundial"],"max_hp_gain":0,"max_hp_loss":0,"event_name":"Scrap Ooze","floor":4,"gold_loss":0}],"is_beta":false,"boss_relics":[],"items_purged_floors":[],"is_endless":false,"potions_floor_spawned":[1,7,14],"killed_by":"The Guardian","ascension_level":11}}