{"host":"cmyud3of70k6t1eo","time":1609808426,"event":{"mods":["BaseMod","Clawfect","Colored Map","Conspire","Disable Question Mark Monsters","Energized Spire","Evolution","GungeonMod","Hyrulean Relics","Infinite Spire","Minty Spire (QoL Compilation)","Quick Restart","SCP261 Mod","Shop Mod","StSLib","UnlockEverythingMod"],"gold_per_floor":[112,132,32,45,63,63,80,80,80,80,100,100,133,149,149,252,252,240,240,258,258,275,275,287,312,339,339,354,364,364,364],"floor_reached":30,"playtime":1609,"items_purged":[],"score":281,"play_id":"e3f1246a-a84f-46a3-b924-24adb645ef80","local_time":"20210104200026","is_ascension_mode":false,"campfire_choices":[{"floor":6,"key":"REST"},{"floor":8,"key":"REST"},{"data":"Ghostly","floor":10,"key":"SMITH"},{"floor":15,"key":"REST"},{"data":"Clawfect:ClawCell","floor":23,"key":"SMITH"},{"floor":27,"key":"REST"}],"circlet_count":0,"master_deck":["Gash","Gash","Gash","Gash","Gash","Leap","Defend_B","Defend_B","Defend_B","Defend_B","Hello World","Steam Power","Ghostly+1","Gash","Self Repair","Undo","Tempest","FTL","Clawfect:ClawSnap","Core Surge","FTL","Conserve Battery","Clawfect:ClawCell+1","Clawfect:Clawter+1","Clawfect:ClawAndTear+1","Auto Shields","Clawfect:ClawingBeam+1"],"relics":["Clawfect:DRClaw","energizedSpire:OldTV","The Courier","infinitespire:Cubic Diamond","Matryoshka","MutagenicStrength","Tiny Chest","infinitespire:Lucky Rock","Happy Flower"],"acts_visited":["Exordium","TheCity"],"potions_floor_usage":[16,16,18,25,25,25],"damage_taken":[{"damage":2,"enemies":"2 Louse","floor":1,"turns":4},{"damage":0,"enemies":"Jaw Worm","floor":2,"turns":4},{"damage":1,"enemies":"Small Slimes","floor":4,"turns":4},{"damage":38,"enemies":"Gremlin Gang","floor":5,"turns":7},{"damage":0,"enemies":"Looter","floor":7,"turns":4},{"damage":0,"enemies":"Blue Slaver","floor":11,"turns":5},{"damage":34,"enemies":"Gremlin Nob","floor":13,"turns":6},{"damage":15,"enemies":"Exordium Wildlife","floor":14,"turns":5},{"damage":19,"enemies":"The Guardian","floor":16,"turns":7},{"damage":23,"enemies":"2 Thieves","floor":18,"turns":5},{"damage":5,"enemies":"Chosen","floor":20,"turns":5},{"damage":5,"enemies":"Centurion and Healer","floor":22,"turns":5},{"damage":13,"enemies":"Sentry and Sphere","floor":24,"turns":5},{"damage":43,"enemies":"Gremlin Leader","floor":25,"turns":4},{"damage":15,"enemies":"Shelled Parasite and Fungi","floor":28,"turns":4},{"damage":30,"enemies":"Cultist and Chosen","floor":29,"turns":6},{"damage":14,"enemies":"Snake Plant","floor":30,"turns":4}],"seed_played":"-4674645779445636580","potions_obtained":[{"floor":4,"key":"SteroidPotion"},{"floor":7,"key":"AttackPotion"},{"floor":11,"key":"Explosive Potion"},{"floor":14,"key":"SkillPotion"},{"floor":21,"key":"Dexterity Potion"},{"floor":21,"key":"FocusPotion"},{"floor":21,"key":"SCP261:GirlTearsPotion"},{"floor":22,"key":"DistilledChaos"},{"floor":25,"key":"Explosive Potion"},{"floor":29,"key":"SpeedPotion"}],"is_trial":false,"path_per_floor":["M","M","?","M","M","R","M","R","T","R","M","?","E","M","R","B",null,"M","?","M","?","M","R","M","E","T","R","M","M","M"],"character_chosen":"DEFECT","items_purchased":[],"campfire_rested":4,"item_purchase_floors":[],"current_hp_per_floor":[73,73,73,72,34,56,63,75,75,75,75,75,48,40,62,50,75,59,59,61,61,63,63,57,21,21,43,35,12,0,0],"gold":364,"neow_bonus":"BOSS_RELIC","is_daily":false,"chose_seed":false,"campfire_upgraded":2,"win_rate":0.0,"timestamp":1609808426,"path_taken":["M","M","?","M","M","R","M","R","T","R","M","?","E","M","R","BOSS","M","?","M","?","M","R","M","E","T","R","M","?","M"],"items_purchased_type":[],"build_version":"2020-12-22","purchased_purges":0,"victory":false,"max_hp_per_floor":[75,75,75,75,75,75,75,75,75,75,75,75,75,75,75,75,75,75,75,75,75,75,75,75,75,75,75,75,75,75,75],"card_choices":[{"not_picked":["Chaos","Clawfect:Clawter"],"picked":"Hello World","floor":1},{"not_picked":["Redo","Clawfect:Clawrage"],"picked":"Steam Power","floor":2},{"not_picked":["Clawfect:ScrapingClaw","Tempest"],"picked":"Gash","floor":4},{"not_picked":["Steam","Stack"],"picked":"Self Repair","floor":5},{"not_picked":["Double Energy","Stack"],"picked":"Undo","floor":7},{"not_picked":["Sunder","Clawfect:Clawrage"],"picked":"Tempest","floor":11},{"not_picked":["Meteor Strike","Conserve Battery"],"picked":"FTL","floor":13},{"not_picked":["Auto Shields","Clawfect:Clawrage"],"picked":"Clawfect:ClawSnap","floor":14},{"not_picked":["Biased Cognition","Meteor Strike"],"picked":"Core Surge","floor":16},{"not_picked":["Rebound","Consume"],"picked":"FTL","floor":18},{"not_picked":["Turbo","Steam+1"],"picked":"Conserve Battery","floor":20},{"not_picked":["Lockon","Steam"],"picked":"Clawfect:ClawCell","floor":22},{"not_picked":["Clawfect:ClawingBeam","Stack"],"picked":"Clawfect:Clawter+1","floor":24},{"not_picked":["Rebound","Coolheaded"],"picked":"Clawfect:ClawAndTear+1","floor":25},{"not_picked":["Steam","Stack"],"picked":"Auto Shields","floor":28},{"not_picked":["Static Discharge","Hello World"],"picked":"Clawfect:ClawingBeam+1","floor":29}],"player_experience":155791,"relics_obtained":[{"floor":9,"key":"The Courier"},{"floor":13,"key":"Matryoshka"},{"floor":25,"key":"Tiny Chest"},{"floor":26,"key":"infinitespire:Lucky Rock"},{"floor":26,"key":"Happy Flower"}],"event_choices":[{"damage_healed":0,"gold_gain":0,"player_choice":"Argue","damage_taken":0,"max_hp_gain":0,"max_hp_loss":0,"event_name":"conspire:LoneGhost","floor":3,"gold_loss":0},{"damage_healed":0,"gold_gain":0,"player_choice":"Inject Mutagens","damage_taken":0,"relics_obtained":["MutagenicStrength"],"max_hp_gain":0,"max_hp_loss":0,"event_name":"Drug Dealer","floor":19,"gold_loss":0},{"damage_healed":0,"gold_gain":0,"player_choice":"Got Potions","damage_taken":0,"max_hp_gain":0,"max_hp_loss":0,"event_name":"Lab","floor":21,"gold_loss":0}],"is_beta":false,"boss_relics":[{"not_picked":["energizedSpire:MagnifyingGlass","energizedSpire:RedRose","Fusion Hammer"]}],"items_purged_floors":[],"is_endless":false,"potions_floor_spawned":[4,7,11,14,22,25,29],"killed_by":"Snake Plant","ascension_level":0}}