{"host":"6wux4armhsntp4yb","time":1609821938,"event":{"mods":["BaseMod","Colored Map","DeckTracker","Minty Spire (QoL Compilation)","Relic Stats"],"gold_per_floor":[109,125,125,200,218,218,218,218,244,169,189,222,243,281,281,371,371,387,405,455,455,470,470,511,298,349,349,364,279,279,314,314,404,404,427,5,5,5,0,0,40,63,117,130,130,166,197,197,197],"floor_reached":48,"playtime":2773,"items_purged":["Strike_G"],"score":1168,"play_id":"0109a58e-c2d4-4e76-844b-7b5dabaaa058","local_time":"20210105134538","is_ascension_mode":true,"campfire_choices":[{"data":"Crippling Poison","floor":6.0,"key":"SMITH"},{"data":"Neutralize","floor":8.0,"key":"SMITH"},{"floor":15.0,"key":"REST"},{"floor":23.0,"key":"REST"},{"floor":27.0,"key":"REST"},{"data":"Bullet Time","floor":32.0,"key":"SMITH"},{"floor":40,"key":"REST"},{"data":"Calculated Gamble","floor":45,"key":"SMITH"}],"circlet_count":0,"master_deck":["AscendersBane","Strike_G","Defend_G","Defend_G","Defend_G+1","Defend_G","Defend_G","Survivor+1","Neutralize+1","Crippling Poison+1","Deadly Poison+1","Dagger Spray","Cloak And Dagger","Backflip","Bullet Time+1","Cloak And Dagger+1","Dash+1","Dodge and Roll+1","Predator","Heel Hook","Infinite Blades","Terror","Infinite Blades","Catalyst","Backflip","Venomology","Backflip","Heel Hook+1","Bullet Time+1","Acrobatics","Shame","Calculated Gamble+1","Crippling Poison+1","PiercingWail"],"relics":["Ring of the Snake","Lantern","Golden Idol","Regal Pillow","War Paint","Ornamental Fan","Astrolabe","Juzu Bracelet","TwistedFunnel","Happy Flower","Molten Egg 2","MealTicket","Cursed Key","Ice Cream","Red Mask","Bird Faced Urn","InkBottle","Girya"],"acts_visited":["Exordium","TheCity","TheBeyond"],"potions_floor_usage":[35,38,38,41,41,46,46,47,48,48],"damage_taken":[{"damage":4.0,"enemies":"Small Slimes","floor":1.0,"turns":4.0},{"damage":2.0,"enemies":"Jaw Worm","floor":2.0,"turns":5.0},{"damage":0.0,"enemies":"Cultist","floor":5.0,"turns":4.0},{"damage":3.0,"enemies":"Large Slime","floor":11.0,"turns":7.0},{"damage":12.0,"enemies":"Gremlin Nob","floor":12.0,"turns":4.0},{"damage":3.0,"enemies":"3 Louse","floor":13.0,"turns":2.0},{"damage":12.0,"enemies":"3 Sentries","floor":14.0,"turns":12.0},{"damage":1.0,"enemies":"The Guardian","floor":16.0,"turns":9.0},{"damage":0.0,"enemies":"3 Byrds","floor":18.0,"turns":4.0},{"damage":17.0,"enemies":"2 Thieves","floor":19.0,"turns":4.0},{"damage":4.0,"enemies":"Snake Plant","floor":22.0,"turns":5.0},{"damage":40.0,"enemies":"Book of Stabbing","floor":24.0,"turns":6.0},{"damage":0.0,"enemies":"Centurion and Healer","floor":28.0,"turns":6.0},{"damage":0.0,"enemies":"Gremlin Leader","floor":31.0,"turns":4.0},{"damage":40.0,"enemies":"Collector","floor":33.0,"turns":9.0},{"damage":27,"enemies":"3 Darklings","floor":35,"turns":6},{"damage":0,"enemies":"2 Orb Walkers","floor":38,"turns":3},{"damage":20,"enemies":"Nemesis","floor":41,"turns":7},{"damage":0,"enemies":"3 Shapes","floor":42,"turns":3},{"damage":4,"enemies":"Jaw Worm Horde","floor":44,"turns":3},{"damage":0,"enemies":"Giant Head","floor":46,"turns":6},{"damage":3,"enemies":"Mind Bloom Boss Battle","floor":47,"turns":6},{"damage":56,"enemies":"Reptomancer","floor":48,"turns":4}],"seed_played":"1837686450627540578","potions_obtained":[{"floor":1.0,"key":"Poison Potion"},{"floor":5.0,"key":"EssenceOfSteel"},{"floor":13.0,"key":"FearPotion"},{"floor":19.0,"key":"DistilledChaos"},{"floor":24.0,"key":"Explosive Potion"},{"floor":33.0,"key":"BlessingOfTheForge"},{"floor":41,"key":"Dexterity Potion"},{"floor":46,"key":"LiquidMemories"}],"is_trial":false,"path_per_floor":["M","M","?","?","M","R","?","R","T","$","M","E","M","E","R","B",null,"M","M","?","?","M","R","E","$","T","R","M","?","?","E","R","B",null,"M","$","?","?","?","R","E","M","T","M","R","E","?","E"],"character_chosen":"THE_SILENT","items_purchased":["TwistedFunnel","Infinite Blades","Ice Cream","Heel Hook+1"],"campfire_rested":4,"item_purchase_floors":[25,25,36,36],"current_hp_per_floor":[55,53,53,42,42,42,42,42,42,42,39,27,24,12,45,44,56,56,39,39,39,35,60,20,20,20,53,53,53,53,53,53,13,48,21,36,36,36,36,60,40,44,44,44,44,48,49,0,0],"gold":197,"neow_bonus":"RANDOM_COMMON_RELIC","is_daily":false,"chose_seed":false,"campfire_upgraded":4,"win_rate":0.0,"timestamp":1609821938,"path_taken":["M","M","?","?","M","R","?","R","T","?","M","E","?","E","R","BOSS","M","M","?","?","M","R","E","$","T","R","M","?","?","E","R","BOSS","M","$","?","?","?","R","E","M","T","M","R","E","?","E"],"items_purchased_type":["Relic","Card","Relic","Card"],"build_version":"2020-12-22","purchased_purges":1,"victory":false,"max_hp_per_floor":[66,66,60,60,60,60,60,60,60,60,60,60,60,60,60,60,60,60,60,60,60,60,60,60,60,60,60,60,60,60,60,60,60,60,60,60,60,60,60,60,60,60,60,60,60,60,60,60,60],"relic_stats":{"Regal Pillow":43,"Happy Flower":[19],"counters":[23,123],"Golden Idol":138,"Astrolabe":["Cloak And Dagger","Dash","Dodge and Roll"],"Juzu Bracelet":2,"War Paint":["Survivor","Defend_G"],"Cursed Key":1,"Ornamental Fan":[212],"Bird Faced Urn":[16],"MealTicket":15,"obtain_stats":[{"TwistedFunnel":25,"Ice Cream":36,"Girya":47,"Lantern":0,"Regal Pillow":9,"Happy Flower":26,"Golden Idol":3,"Astrolabe":17,"Juzu Bracelet":24,"War Paint":12,"Cursed Key":34,"Ornamental Fan":14,"Bird Faced Urn":41,"Molten Egg 2":29,"MealTicket":31,"Red Mask":39,"InkBottle":46,"Ring of the Snake":0},{"TwistedFunnel":12,"Ice Cream":16,"Girya":22,"Lantern":0,"Regal Pillow":3,"Happy Flower":12,"Golden Idol":2,"Astrolabe":8,"Juzu Bracelet":12,"War Paint":5,"Cursed Key":15,"Ornamental Fan":7,"Bird Faced Urn":18,"Molten Egg 2":13,"MealTicket":14,"Red Mask":17,"InkBottle":21,"Ring of the Snake":0},{"TwistedFunnel":66,"Ice Cream":91,"Girya":119,"Lantern":0,"Regal Pillow":13,"Happy Flower":66,"Golden Idol":9,"Astrolabe":47,"Juzu Bracelet":66,"War Paint":24,"Cursed Key":85,"Ornamental Fan":38,"Bird Faced Urn":101,"Molten Egg 2":72,"MealTicket":76,"Red Mask":94,"InkBottle":113,"Ring of the Snake":0}],"InkBottle":[3],"Ring of the Snake":[46]},"card_choices":[{"not_picked":["Accuracy","Dagger Throw"],"picked":"Crippling Poison","floor":1.0},{"not_picked":["Dagger Spray","Quick Slash"],"picked":"Deadly Poison","floor":2.0},{"not_picked":["Distraction","Setup","Choke"],"picked":"SKIP","floor":5.0},{"not_picked":["Outmaneuver","Dagger Throw"],"picked":"Dagger Spray","floor":11.0},{"not_picked":["Flying Knee","Poisoned Stab","Setup"],"picked":"SKIP","floor":12.0},{"not_picked":["Quick Slash","Cloak And Dagger","Underhanded Strike"],"picked":"SKIP","floor":13.0},{"not_picked":["Quick Slash","Cloak And Dagger","Underhanded Strike"],"picked":"SKIP","floor":13.0},{"not_picked":["Quick Slash","Underhanded Strike"],"picked":"Cloak And Dagger","floor":13.0},{"not_picked":["Grand Finale","Dagger Spray"],"picked":"Backflip","floor":14.0},{"not_picked":["A Thousand Cuts","Unload"],"picked":"Bullet Time","floor":16.0},{"not_picked":["Heel Hook","Outmaneuver"],"picked":"Predator","floor":18.0},{"not_picked":["Dagger Throw","Deflect"],"picked":"Heel Hook","floor":19.0},{"not_picked":["Slice","Quick Slash"],"picked":"Terror","floor":22.0},{"not_picked":["Masterful Stab","Deadly Poison","Skewer"],"picked":"SKIP","floor":24.0},{"not_picked":["PiercingWail","Heel Hook"],"picked":"Catalyst","floor":28.0},{"not_picked":["Eviscerate+1","Deflect"],"picked":"Backflip","floor":31.0},{"not_picked":["Malaise","Phantasmal Killer"],"picked":"Venomology","floor":33.0},{"not_picked":["Quick Slash+1","Finisher+1"],"picked":"Backflip","floor":35},{"not_picked":["Outmaneuver","Underhanded Strike+1","Deflect+1"],"picked":"SKIP","floor":41},{"not_picked":["Quick Slash+1","Eviscerate+1"],"picked":"Acrobatics","floor":42},{"not_picked":["Terror","Distraction"],"picked":"Calculated Gamble","floor":44},{"not_picked":["Prepared","Poisoned Stab+1"],"picked":"Crippling Poison+1","floor":46},{"not_picked":["Flying Knee+1","Expertise"],"picked":"PiercingWail","floor":47}],"player_experience":5739545,"relics_obtained":[{"floor":9.0,"key":"Regal Pillow"},{"floor":12.0,"key":"War Paint"},{"floor":14.0,"key":"Ornamental Fan"},{"floor":24.0,"key":"Juzu Bracelet"},{"floor":26.0,"key":"Happy Flower"},{"floor":31.0,"key":"MealTicket"},{"floor":41,"key":"Bird Faced Urn"},{"floor":46,"key":"InkBottle"},{"floor":47,"key":"Girya"}],"event_choices":[{"damage_healed":0.0,"max_hp_gain":0.0,"max_hp_loss":6.0,"gold_gain":0.0,"event_name":"Golden Idol","player_choice":"Lose Max HP","floor":3.0,"gold_loss":0.0,"damage_taken":0.0,"relics_obtained":["Golden Idol"]},{"damage_healed":0.0,"max_hp_gain":0.0,"max_hp_loss":0.0,"gold_gain":75.0,"event_name":"World of Goop","player_choice":"Gather Gold","floor":4.0,"gold_loss":0.0,"damage_taken":11.0},{"damage_healed":0.0,"max_hp_gain":0.0,"max_hp_loss":0.0,"gold_gain":0.0,"event_name":"Living Wall","player_choice":"Grow","floor":7.0,"gold_loss":0.0,"damage_taken":0.0,"cards_upgraded":["Deadly Poison"]},{"damage_healed":0.0,"max_hp_gain":0.0,"max_hp_loss":0.0,"gold_gain":50.0,"event_name":"Nest","player_choice":"Stole From Cult","floor":20.0,"gold_loss":0.0,"damage_taken":0.0},{"damage_healed":0.0,"max_hp_gain":0.0,"max_hp_loss":0.0,"gold_gain":0.0,"event_name":"Match and Keep!","player_choice":"1 cards matched","floor":21.0,"gold_loss":0.0,"damage_taken":0.0,"cards_obtained":["Infinite Blades"]},{"damage_healed":0.0,"max_hp_gain":0.0,"max_hp_loss":0.0,"gold_gain":0.0,"event_name":"Addict","player_choice":"Obtained Relic","floor":29.0,"gold_loss":85.0,"damage_taken":0.0,"relics_obtained":["Molten Egg 2"]},{"damage_healed":0.0,"max_hp_gain":0.0,"max_hp_loss":0.0,"gold_gain":0.0,"event_name":"Cursed Tome","player_choice":"Ignored","floor":30.0,"gold_loss":0.0,"damage_taken":0.0},{"damage_healed":0,"gold_gain":0,"player_choice":"Copied","damage_taken":0,"max_hp_gain":0,"max_hp_loss":0,"event_name":"Duplicator","floor":37,"gold_loss":0,"cards_obtained":["Bullet Time"]},{"damage_healed":0,"gold_gain":0,"player_choice":"Fight","damage_taken":0,"max_hp_gain":0,"max_hp_loss":0,"event_name":"Mysterious Sphere","floor":38,"gold_loss":0},{"damage_healed":0,"gold_gain":0,"player_choice":"Paid","damage_taken":0,"relics_obtained":["Red Mask"],"max_hp_gain":0,"max_hp_loss":0,"event_name":"Tomb of Lord Red Mask","floor":39,"gold_loss":5},{"damage_healed":0,"gold_gain":0,"player_choice":"Fight","damage_taken":0,"max_hp_gain":0,"max_hp_loss":0,"event_name":"MindBloom","floor":47,"gold_loss":0}],"is_beta":false,"boss_relics":[{"not_picked":["Tiny House","Sozu"],"picked":"Astrolabe"},{"not_picked":["Pandora\u0027s Box","Runic Dome"],"picked":"Cursed Key"}],"items_purged_floors":[10],"is_endless":false,"potions_floor_spawned":[1,5,13,19,24,31,33,41,42,46,47],"killed_by":"Reptomancer","ascension_level":20}}