{"host":"fo1pcjb7ykmk7tjo","time":1609811028,"event":{"mods":["BaseMod","Colored Map","Downfall","Googly Eyes","Hermit","Hubris","Infinite Spire","Marisa????????","Minty Spire (QoL Compilation)","Replay The Spire","StSLib","The Disciple","The Servant 0.9.4"],"gold_per_floor":[17,17,17,17,33,60,60,95,119,134,167,167,183,203,203,205,205],"floor_reached":16,"playtime":967,"items_purged":[],"score":180,"play_id":"1e52d169-6a7c-46e6-a5dc-b6cc423c4c1b","local_time":"20210105024348","is_ascension_mode":true,"campfire_choices":[{"floor":12,"key":"REST"},{"floor":15,"key":"REST"}],"circlet_count":0,"master_deck":["AscendersBane","Burst+1","Strike_B","Strike_B","Strike_B","Defend_B","Defend_B","Defend_B","Defend_B","Zap","Dualcast","Reprogram","Time Bomb","BasicCrystalCard","Genetic Algorithm","Compile Driver","Panic Button"],"relics":["Cracked Core","Replay:Towering Pillar of Hats","hubris:RGBLights","Centennial Puzzle","infinitespire:Satchel","PreservedInsect","Replay:Bandana"],"acts_visited":["Exordium"],"potions_floor_usage":[10,10,16,16],"damage_taken":[{"damage":1,"enemies":"Cultist","floor":1,"turns":3},{"damage":4,"enemies":"Jaw Worm","floor":5,"turns":3},{"damage":10,"enemies":"Lagavulin","floor":6,"turns":5},{"damage":31,"enemies":"Replay:BlueRogue","floor":8,"turns":4},{"damage":0,"enemies":"2 Louse","floor":10,"turns":3},{"damage":16,"enemies":"Gremlin Nob","floor":11,"turns":3},{"damage":6,"enemies":"Blue Slaver","floor":13,"turns":6},{"damage":8,"enemies":"Exordium Wildlife","floor":14,"turns":3},{"damage":59,"enemies":"Fading Forest","floor":16,"turns":10}],"seed_played":"-2673207411926006600","potions_obtained":[{"floor":1,"key":"FocusPotion"},{"floor":5,"key":"SneckoOil"},{"floor":8,"key":"Dexterity Potion"},{"floor":13,"key":"FocusPotion"}],"is_trial":false,"path_per_floor":["M","?","$","T","M","E","?","E","T","M","E","R","M","M","R","B"],"character_chosen":"DEFECT","items_purchased":[],"campfire_rested":2,"item_purchase_floors":[],"current_hp_per_floor":[67,67,67,67,63,53,53,22,22,22,6,28,22,14,36,0,0],"gold":205,"neow_bonus":"ONE_RARE_RELIC","is_daily":false,"chose_seed":false,"campfire_upgraded":0,"win_rate":0.0,"timestamp":1609811028,"path_taken":["M","?","?","?","M","E","?","E","T","M","E","R","M","M","R","BOSS"],"items_purchased_type":[],"build_version":"2020-12-22","purchased_purges":0,"victory":false,"max_hp_per_floor":[75,75,75,75,75,75,75,75,75,75,75,75,75,75,75,75,75],"card_choices":[{"not_picked":["Auto Shields","Panic Button"],"picked":"Reprogram","floor":1},{"not_picked":["Streamline","Lockon"],"picked":"Time Bomb","floor":5},{"not_picked":["Stack","Compile Driver"],"picked":"BasicCrystalCard","floor":6},{"not_picked":["Heatsinks","Sweeping Beam","ReplayTheSpireMod:System Scan"],"picked":"SKIP","floor":8},{"not_picked":["Heatsinks","Scrape","Go for the Eyes"],"picked":"SKIP","floor":10},{"not_picked":["hubris:PowerSurge","Compile Driver"],"picked":"Genetic Algorithm","floor":11},{"not_picked":["ReplayTheSpireMod:Repulse","Steam"],"picked":"Compile Driver","floor":13},{"not_picked":["Double Energy","FIFO Queue"],"picked":"Panic Button","floor":14}],"player_experience":206484,"relics_obtained":[{"floor":4,"key":"hubris:RGBLights"},{"floor":6,"key":"Centennial Puzzle"},{"floor":8,"key":"infinitespire:Satchel"},{"floor":9,"key":"PreservedInsect"},{"floor":11,"key":"Replay:Bandana"}],"event_choices":[{"cards_removed":["Strike_B"],"damage_healed":0,"gold_gain":0,"player_choice":"Offered Basic","damage_taken":0,"max_hp_gain":0,"max_hp_loss":0,"event_name":"Bonfire Elementals","floor":2,"gold_loss":0}],"is_beta":false,"boss_relics":[],"items_purged_floors":[],"is_endless":false,"potions_floor_spawned":[1,5,8,13],"killed_by":"Fading Forest","ascension_level":10}}