{"host":"vfg9szunmpjwj08o","time":1609882816,"event":{"mods":["Act Like it!","BaseMod","Challenge The Spire","Colored Map","Colored Powertips","Minty Spire (QoL Compilation)","StSLib","Waifu the Spire"],"gold_per_floor":[119,119,142,292,107,107,130,130,130],"floor_reached":8,"playtime":233,"items_purged":["Doubt"],"score":90,"play_id":"c653215a-8416-443f-965c-d7419ad01bca","local_time":"20210105224016","is_ascension_mode":true,"campfire_choices":[{"data":"Zap","floor":6,"key":"SMITH"}],"circlet_count":0,"master_deck":["AscendersBane","Strike_B","Strike_B","Strike_B","Strike_B","Defend_B","Defend_B","Defend_B","Defend_B","Zap+1","Dualcast","Chrysalis","Hologram","Aggregate","Coolheaded","Storm","Coolheaded"],"relics":["Cracked Core","Golden Idol"],"acts_visited":["Exordium"],"potions_floor_usage":[],"damage_taken":[{"damage":9,"enemies":"Small Slimes","floor":1,"turns":4},{"damage":7,"enemies":"Jaw Worm","floor":3,"turns":4},{"damage":0,"enemies":"2 Louse","floor":7,"turns":3},{"damage":55,"enemies":"Gremlin Nob","floor":8,"turns":3}],"seed_played":"-8207177238852910367","potions_obtained":[{"floor":1,"key":"Strength Potion"}],"is_trial":false,"path_per_floor":["M","?","M","?","$","R","M","E"],"character_chosen":"DEFECT","items_purchased":["Coolheaded","Storm"],"campfire_rested":0,"item_purchase_floors":[5,5],"current_hp_per_floor":[55,33,26,26,26,26,26,0,0],"gold":130,"neow_bonus":"RANDOM_COLORLESS_2","is_daily":false,"chose_seed":false,"campfire_upgraded":1,"win_rate":0.0,"timestamp":1609882816,"path_taken":["M","?","M","?","$","R","M","E"],"items_purchased_type":["Card","Card"],"build_version":"2020-12-22","purchased_purges":1,"victory":false,"max_hp_per_floor":[64,64,64,64,64,64,64,64,64],"card_choices":[{"not_picked":["Magnetism","Sadistic Nature"],"picked":"Chrysalis","floor":0},{"not_picked":["Stack","Leap"],"picked":"Hologram","floor":1},{"not_picked":["Barrage","Steam Power"],"picked":"Aggregate","floor":3},{"not_picked":["Melter","Ball Lightning"],"picked":"Coolheaded","floor":7}],"player_experience":1035771,"relics_obtained":[],"event_choices":[{"damage_healed":0,"gold_gain":0,"player_choice":"Take Damage","damage_taken":22,"relics_obtained":["Golden Idol"],"max_hp_gain":0,"max_hp_loss":0,"event_name":"Golden Idol","floor":2,"gold_loss":0},{"damage_healed":0,"gold_gain":150,"player_choice":"AGREE","damage_taken":0,"max_hp_gain":0,"max_hp_loss":0,"event_name":"Liars Game","floor":4,"gold_loss":0,"cards_obtained":["Doubt"]}],"is_beta":false,"boss_relics":[],"items_purged_floors":[5],"is_endless":false,"potions_floor_spawned":[1],"killed_by":"Gremlin Nob","ascension_level":19}}