{"host":"ta9mufxydm4vkknf","time":1609860937,"event":{"mods":["AchievementEnabler","BaseMod","Minty Spire (QoL Compilation)","Quick Restart"],"gold_per_floor":[109,127,140,65,77,104,104,138,217,217,231,248,259,292,292,391,391,407,161,86,86,86,86,120,120,120,120,153,153,153,153],"floor_reached":30,"playtime":1355,"items_purged":["Strike_R","Strike_R"],"score":396,"play_id":"b4cc4723-da84-482c-a367-73a48adbf9fb","local_time":"20210105163537","is_ascension_mode":true,"campfire_choices":[{"data":"Pommel Strike","floor":7,"key":"SMITH"},{"floor":15,"key":"REST"},{"data":"Fire Breathing","floor":23,"key":"SMITH"},{"data":"Power Through","floor":25,"key":"SMITH"},{"data":"Double Tap","floor":27,"key":"SMITH"}],"circlet_count":0,"master_deck":["Strike_R","Strike_R","Defend_R","Defend_R","Defend_R","Defend_R","Bash","Pommel Strike+1","Fire Breathing+1","Shrug It Off","Feed","Flex","Cleave","Twin Strike","Bloodletting","Uppercut","Double Tap+1","Evolve","Power Through","Flex+1","Sever Soul","True Grit+1","Power Through+1","Injury","Blood for Blood+1"],"relics":["Burning Blood","NeowsBlessing","Blood Vial","Torii","Pantograph","PreservedInsect","Cursed Key","Orrery","Strawberry","Bronze Scales","Juzu Bracelet","Bag of Marbles"],"acts_visited":["Exordium","TheCity"],"potions_floor_usage":[10,11,30],"damage_taken":[{"damage":0,"enemies":"Cultist","floor":1,"turns":1},{"damage":0,"enemies":"Small Slimes","floor":2,"turns":1},{"damage":0,"enemies":"Jaw Worm","floor":3,"turns":1},{"damage":18,"enemies":"Exordium Wildlife","floor":5,"turns":6},{"damage":42,"enemies":"Lagavulin","floor":6,"turns":7},{"damage":29,"enemies":"3 Sentries","floor":8,"turns":12},{"damage":13,"enemies":"Exordium Thugs","floor":10,"turns":3},{"damage":8,"enemies":"3 Louse","floor":11,"turns":4},{"damage":2,"enemies":"Exordium Wildlife","floor":12,"turns":7},{"damage":2,"enemies":"Red Slaver","floor":13,"turns":3},{"damage":32,"enemies":"Lagavulin","floor":14,"turns":6},{"damage":66,"enemies":"The Guardian","floor":16,"turns":14},{"damage":21,"enemies":"3 Byrds","floor":18,"turns":6},{"damage":42,"enemies":"Slavers","floor":24,"turns":6},{"damage":42,"enemies":"Gremlin Leader","floor":28,"turns":5},{"damage":23,"enemies":"Book of Stabbing","floor":30,"turns":3}],"seed_played":"7048181100803278903","potions_obtained":[{"floor":1,"key":"DuplicationPotion"},{"floor":3,"key":"SmokeBomb"},{"floor":6,"key":"ElixirPotion"},{"floor":11,"key":"FearPotion"}],"is_trial":false,"path_per_floor":["M","M","M","$","M","E","R","E","T","M","M","M","M","E","R","B",null,"M","$","?","?","$","R","E","R","T","R","E","?","E"],"character_chosen":"IRONCLAD","items_purchased":["Orrery"],"campfire_rested":1,"item_purchase_floors":[19],"current_hp_per_floor":[80,80,80,80,68,32,32,14,14,12,15,24,33,12,41,8,98,86,86,86,66,66,66,42,42,42,42,11,11,0,0],"gold":153,"neow_bonus":"THREE_ENEMY_KILL","is_daily":false,"chose_seed":false,"campfire_upgraded":4,"win_rate":0.0,"timestamp":1609860937,"path_taken":["M","M","?","?","M","E","R","E","T","?","M","M","M","E","R","BOSS","M","$","?","?","?","R","E","R","T","R","E","?","E"],"items_purchased_type":["Relic"],"build_version":"2020-12-22","purchased_purges":2,"victory":false,"max_hp_per_floor":[80,80,80,80,80,80,80,83,83,86,89,92,95,98,98,98,98,101,101,101,106,106,106,116,116,116,116,119,119,119,119],"card_choices":[{"not_picked":["Combust","Thunderclap"],"picked":"Pommel Strike","floor":1},{"not_picked":["Rage","Clash"],"picked":"Fire Breathing","floor":2},{"not_picked":["Body Slam","Dropkick","Intimidate"],"picked":"SKIP","floor":3},{"not_picked":["Warcry","Bloodletting"],"picked":"Shrug It Off","floor":5},{"not_picked":["Body Slam","Flame Barrier"],"picked":"Feed","floor":6},{"not_picked":["Dropkick","Clash"],"picked":"Flex","floor":8},{"not_picked":["Blood for Blood","Thunderclap"],"picked":"Cleave","floor":11},{"not_picked":["Pummel","Dropkick"],"picked":"Twin Strike","floor":12},{"not_picked":["Rampage","Dark Embrace"],"picked":"Bloodletting","floor":13},{"not_picked":["Power Through","Thunderclap"],"picked":"Uppercut","floor":14},{"not_picked":["Brutality","Bludgeon"],"picked":"Double Tap","floor":16},{"not_picked":["Uppercut","Warcry"],"picked":"Evolve","floor":18},{"not_picked":["Uppercut","Twin Strike"],"picked":"Power Through","floor":19},{"not_picked":["Cleave","Dropkick"],"picked":"Flex+1","floor":19},{"not_picked":["Cleave+1","Infernal Blade"],"picked":"Sever Soul","floor":19},{"not_picked":["Armaments","Perfected Strike"],"picked":"True Grit+1","floor":19},{"not_picked":["Sword Boomerang","Seeing Red+1"],"picked":"Power Through","floor":24},{"not_picked":["Rage","Havoc"],"picked":"Blood for Blood+1","floor":28}],"player_experience":226407,"relics_obtained":[{"floor":6,"key":"Blood Vial"},{"floor":8,"key":"Torii"},{"floor":9,"key":"Pantograph"},{"floor":14,"key":"PreservedInsect"},{"floor":24,"key":"Strawberry"},{"floor":26,"key":"Bronze Scales"},{"floor":28,"key":"Juzu Bracelet"}],"event_choices":[{"cards_removed":["Strike_R"],"damage_healed":0,"gold_gain":0,"player_choice":"Gave Gold","damage_taken":0,"max_hp_gain":0,"max_hp_loss":0,"event_name":"Beggar","floor":20,"gold_loss":75},{"damage_healed":0,"gold_gain":0,"player_choice":"Shed Blood","damage_taken":25,"max_hp_gain":5,"max_hp_loss":0,"event_name":"Forgotten Altar","floor":21,"gold_loss":0},{"damage_healed":0,"gold_gain":0,"player_choice":"Opened","damage_taken":0,"relics_obtained":["Bag of Marbles"],"max_hp_gain":0,"max_hp_loss":0,"event_name":"The Mausoleum","floor":29,"gold_loss":0}],"is_beta":false,"boss_relics":[{"not_picked":["Sozu","Ectoplasm"],"picked":"Cursed Key"}],"items_purged_floors":[4,19],"is_endless":false,"potions_floor_spawned":[1,3,6,10,11],"killed_by":"Book of Stabbing","ascension_level":4}}