{"host":"56ghxnzsglgdq727","time":1609824546,"event":{"mods":["AchievementEnabler","BaseMod","Downfall","Minty Spire (QoL Compilation)","StSLib"],"gold_per_floor":[99,119,29,49,60,160,235,253,270,301,100,115,100,115,128,228,228,228,241,241,241,241],"floor_reached":20,"playtime":1420,"items_purged":["Writhe","hexamod:Strike"],"score":178,"play_id":"11495466-34b4-41a5-95f1-9a3157db6d45","local_time":"20210105002906","is_ascension_mode":false,"campfire_choices":[{"data":"expansioncontent:Corrupt","floor":1,"key":"SMITH"},{"data":"hexamod:TimeWarp","floor":18,"key":"SMITH"}],"circlet_count":0,"master_deck":["hexamod:Strike","hexamod:Strike","hexamod:Defend","hexamod:Defend","hexamod:Defend","hexamod:Sear","hexamod:Float","expansioncontent:Corrupt+1","hexamod:GhostOfSpireFuture","hexamod:FastForward","hexamod:RainOfEmbers","hexamod:FastForward","hexamod:ThirdSeal","hexamod:StepThrough","hexamod:SpectersWail","Panacea","hexamod:GiftsFromTheDead","hexamod:FastForward","hexamod:GhostOfSpireFuture","hexamod:TimeWarp+1","hexamod:HexaLevel","hexamod:UnlimitedPower"],"relics":["hexamod:SpiritBrand","Matryoshka","Vajra","Empty Cage"],"acts_visited":["Exordium","TheCity"],"potions_floor_usage":[11,13,19,20],"damage_taken":[{"damage":0,"enemies":"Cultist","floor":2,"turns":3},{"damage":0,"enemies":"downfall:FleeingMerchant","floor":3,"turns":4},{"damage":0,"enemies":"Jaw Worm","floor":4,"turns":4},{"damage":4,"enemies":"Small Slimes","floor":5,"turns":4},{"damage":0,"enemies":"3 Louse","floor":8,"turns":5},{"damage":1,"enemies":"Exordium Wildlife","floor":9,"turns":3},{"damage":4,"enemies":"3 Sentries","floor":10,"turns":7},{"damage":0,"enemies":"downfall:FleeingMerchant","floor":11,"turns":4},{"damage":0,"enemies":"2 Fungi Beasts","floor":12,"turns":3},{"damage":14,"enemies":"downfall:FleeingMerchant","floor":13,"turns":4},{"damage":7,"enemies":"Large Slime","floor":14,"turns":6},{"damage":2,"enemies":"Exordium Thugs","floor":15,"turns":4},{"damage":35,"enemies":"downfall:Defect","floor":16,"turns":6},{"damage":30,"enemies":"3 Byrds","floor":19,"turns":6},{"damage":42,"enemies":"Masked Bandits","floor":20,"turns":3}],"seed_played":"-5274978058730682548","potions_obtained":[{"floor":4,"key":"FearPotion"},{"floor":5,"key":"GamblersBrew"},{"floor":8,"key":"Block Potion"},{"floor":15,"key":"Dexterity Potion"},{"floor":16,"key":"AttackPotion"}],"is_trial":false,"path_per_floor":["R","M","$","M","M","?","T","M","M","E","$","M","$","M","M","B",null,"R","M","?"],"character_chosen":"THE_SPIRIT","items_purchased":["Panacea"],"campfire_rested":0,"item_purchase_floors":[11],"current_hp_per_floor":[70,70,70,70,66,66,66,66,65,61,61,61,47,40,38,3,70,70,40,0,0,0],"gold":241,"neow_bonus":"RANDOM_COLORLESS_2","is_daily":false,"chose_seed":false,"campfire_upgraded":2,"win_rate":0.0,"timestamp":1609824546,"path_taken":["R","M","$","M","?","?","T","M","M","E","?","?","?","M","M","BOSS","R","M","?"],"items_purchased_type":["Card"],"build_version":"2020-12-22","purchased_purges":2,"victory":false,"max_hp_per_floor":[70,70,70,70,70,70,70,70,70,70,70,70,70,70,70,70,70,70,70,70,70,70],"card_choices":[{"not_picked":["Secret Weapon","Secret Technique"],"picked":"expansioncontent:Corrupt","floor":0},{"not_picked":["hexamod:AdvancingGuard","hexamod:GhostOfSpirePresent"],"picked":"hexamod:GhostOfSpireFuture","floor":2},{"not_picked":["hexamod:BurningTouch","hexamod:ExtraCrispy"],"picked":"hexamod:FastForward","floor":3},{"not_picked":["hexamod:GhostShield","hexamod:ThermalTransfer","hexamod:HeatShield"],"picked":"SKIP","floor":4},{"not_picked":["hexamod:RadiantFlame","hexamod:GhostShield"],"picked":"hexamod:RainOfEmbers","floor":5},{"not_picked":["hexamod:HeatShield","hexamod:RainOfEmbers"],"picked":"hexamod:FastForward","floor":8},{"not_picked":["hexamod:RetreatToShadows","hexamod:GhostLash","hexamod:ThermalTransfer"],"picked":"SKIP","floor":9},{"not_picked":["hexamod:StepThrough","hexamod:RetreatToShadows"],"picked":"hexamod:ThirdSeal","floor":10},{"not_picked":["hexamod:AdvancingGuard","hexamod:SwordOfDarkness"],"picked":"hexamod:StepThrough","floor":11},{"not_picked":["hexamod:RecurringNightmare","hexamod:GhostOfSpirePast"],"picked":"hexamod:SpectersWail","floor":11},{"not_picked":["hexamod:Firestarter","hexamod:NightmareStrike","hexamod:SpectersWail"],"picked":"SKIP","floor":12},{"not_picked":["hexamod:Hexaguard","hexamod:SpectersWail","hexamod:HauntingEcho"],"picked":"SKIP","floor":12},{"not_picked":["hexamod:NightmareStrike","hexamod:PhantomCloak"],"picked":"hexamod:GiftsFromTheDead","floor":13},{"not_picked":["hexamod:PhantomCloak","hexamod:GhostLash"],"picked":"hexamod:FastForward","floor":13},{"not_picked":["hexamod:BacktrackSmack","hexamod:GhostLash"],"picked":"hexamod:GhostOfSpireFuture","floor":14},{"not_picked":["hexamod:NecessarySacrifice","hexamod:Hexaguard","hexamod:SpectersWail"],"picked":"SKIP","floor":14},{"not_picked":["hexamod:SwordOfDarkness","hexamod:SuperheatedStrike"],"picked":"hexamod:TimeWarp","floor":15},{"not_picked":["hexamod:NightmareStrike","hexamod:BacktrackSmack","hexamod:SkipABeat"],"picked":"SKIP","floor":15},{"not_picked":["hexamod:TurnItUp","hexamod:CrushingStance"],"picked":"hexamod:HexaLevel","floor":16},{"not_picked":["hexamod:ApocalypticArmor","hexamod:EmpoweringStance"],"picked":"hexamod:UnlimitedPower","floor":16},{"not_picked":["hexamod:ShieldOfDarkness","hexamod:Firestarter","hexamod:Hexaguard+1"],"picked":"SKIP","floor":19},{"not_picked":["hexamod:NightmareStrike+1","hexamod:GhostLash","hexamod:GhostOfSpirePast"],"picked":"SKIP","floor":19}],"player_experience":150434,"relics_obtained":[{"floor":7,"key":"Matryoshka"},{"floor":10,"key":"Vajra"}],"event_choices":[{"damage_healed":0,"gold_gain":0,"player_choice":"Fought Bandits","damage_taken":0,"max_hp_gain":0,"max_hp_loss":0,"event_name":"Masked Bandits","floor":20,"gold_loss":0}],"is_beta":false,"boss_relics":[{"not_picked":["Pandora\u0027s Box","Busted Crown"],"picked":"Empty Cage"}],"items_purged_floors":[3,11],"is_endless":false,"potions_floor_spawned":[4,5,8,15,16],"killed_by":"Masked Bandits","ascension_level":0}}