{"host":"w4b7hmige5bnqipq","time":1609810589,"event":{"mods":["2.2 Compatiblity","BaseMod","Colored Map","DeckTracker","Keyboard Shortcuts","Minty Spire (QoL Compilation)","Permanent Neow","Rare Cards Sparkle","SuperFastMode","everything is the same but u backflip on backflip","slay the spire mod where everything is the same but ironclad has a cowboy hat"],"gold_per_floor":[115,40,54,65,340,372,48,83,83,113,113,130,130,165,165,165,165],"floor_reached":16,"playtime":333,"items_purged":["Strike_R"],"score":256,"play_id":"5f0114f3-ddc0-436c-90eb-937e265743ca","local_time":"20210105103629","is_ascension_mode":true,"campfire_choices":[{"data":"Immolate","floor":11,"key":"SMITH"},{"floor":13,"key":"REST"},{"data":"Disarm","floor":15,"key":"SMITH"}],"circlet_count":0,"master_deck":["AscendersBane","Strike_R","Strike_R","Strike_R","Strike_R","Defend_R","Defend_R","Defend_R","Defend_R","Bash","Immolate+1","Bloodletting","Burning Pact","Intimidate","Regret","Feel No Pain","Sword Boomerang","Disarm+1"],"relics":["Burning Blood","Paper Frog","Membership Card","PreservedInsect","MealTicket","FossilizedHelix","Ginger","Darkstone Periapt","Red Skull"],"acts_visited":["Exordium"],"potions_floor_usage":[10,10],"damage_taken":[{"damage":5.0,"enemies":"Small Slimes","floor":1.0,"turns":3.0},{"damage":1.0,"enemies":"Cultist","floor":3.0,"turns":3.0},{"damage":3.0,"enemies":"2 Louse","floor":4.0,"turns":2.0},{"damage":57.0,"enemies":"Lagavulin","floor":6.0,"turns":7.0},{"damage":8,"enemies":"Gremlin Nob","floor":8,"turns":3},{"damage":15,"enemies":"Lagavulin","floor":10,"turns":5},{"damage":12,"enemies":"Lots of Slimes","floor":12,"turns":2},{"damage":4,"enemies":"3 Sentries","floor":14,"turns":4},{"damage":32,"enemies":"The Guardian","floor":16,"turns":8}],"seed_played":"-6881043180393166583","potions_obtained":[{"floor":1.0,"key":"Fire Potion"},{"floor":6.0,"key":"Weak Potion"},{"floor":8,"key":"Fire Potion"}],"is_trial":false,"path_per_floor":["M","$","M","M","?","E","$","E","T","E","R","M","R","E","R","B"],"character_chosen":"IRONCLAD","items_purchased":["Membership Card","PreservedInsect","MealTicket"],"campfire_rested":1,"item_purchase_floors":[7,7,7],"current_hp_per_floor":[69,69,74,75,75,24,24,22,22,13,13,7,29,31,31,0,0],"gold":165,"neow_bonus":"ONE_RANDOM_RARE_CARD","is_daily":false,"chose_seed":false,"campfire_upgraded":2,"win_rate":0.0,"timestamp":1609810589,"path_taken":["M","$","M","M","?","E","?","E","T","E","R","M","R","E","R","BOSS"],"items_purchased_type":["Relic","Relic","Relic"],"build_version":"2020-12-22","purchased_purges":1,"victory":false,"max_hp_per_floor":[75,75,75,75,75,75,75,75,75,75,75,75,75,75,75,75,75],"card_choices":[{"not_picked":["Clash","Iron Wave"],"picked":"Bloodletting","floor":1.0},{"not_picked":["Hemokinesis","Spot Weakness"],"picked":"Burning Pact","floor":3.0},{"not_picked":["Clash","Dropkick"],"picked":"Intimidate","floor":4.0},{"not_picked":["Battle Trance","Clash"],"picked":"Feel No Pain","floor":6.0},{"not_picked":["Rage","Iron Wave"],"picked":"Sword Boomerang","floor":8},{"not_picked":["Demon Form","Armaments","Havoc"],"picked":"SKIP","floor":10},{"not_picked":["Clash","Sword Boomerang","Warcry"],"picked":"SKIP","floor":12},{"not_picked":["Rupture","Power Through"],"picked":"Disarm","floor":14}],"player_experience":464975,"relics_obtained":[{"floor":6.0,"key":"Paper Frog"},{"floor":8,"key":"FossilizedHelix"},{"floor":9,"key":"Ginger"},{"floor":10,"key":"Darkstone Periapt"},{"floor":14,"key":"Red Skull"}],"event_choices":[{"damage_healed":0.0,"max_hp_gain":0.0,"max_hp_loss":0.0,"gold_gain":275.0,"event_name":"Golden Shrine","player_choice":"Desecrate","floor":5.0,"gold_loss":0.0,"damage_taken":0.0,"cards_obtained":["Regret"]}],"is_beta":false,"boss_relics":[],"items_purged_floors":[2],"is_endless":false,"potions_floor_spawned":[1,6,8],"killed_by":"The Guardian","ascension_level":20}}