{"host":"ikjt6v4q6zrcj3if","time":1609855964,"event":{"mods":["BaseMod","CapriCore","Colored Map","Downfall","Luminous","Minty Spire (QoL Compilation)","Permanent Neow","Quick Restart","Replay The Spire","Robot Space Explorer","Somnambulant","Spicy Shops","StSLib","SuperFastMode","The Exalted","The Marked","The Runesmith","TheSwordswoman","WarShipGirlsR/??è≠èóR mod"],"gold_per_floor":[119,39,55,66,85,85,103,103,157,168,168,203,203,203,203,203,203],"floor_reached":16,"playtime":648,"items_purged":[],"score":102,"play_id":"415bc345-601f-4681-a338-a48b62cb7640","local_time":"20210105231244","is_ascension_mode":false,"campfire_choices":[{"data":"theMarked:ComboAttacks","floor":6,"key":"SMITH"},{"data":"theMarked:SoldierOfQuellstein","floor":8,"key":"SMITH"},{"data":"theMarked:StartUp","floor":11,"key":"SMITH"},{"data":"theMarked:WardOff","floor":13,"key":"SMITH"},{"data":"theMarked:RogueSparks","floor":15,"key":"SMITH"}],"circlet_count":0,"master_deck":["theMarked:Strike","theMarked:Strike","theMarked:Strike","theMarked:Strike","theMarked:Strike","theMarked:Defend","theMarked:Defend","theMarked:Defend","theMarked:Defend","theMarked:SoldierOfQuellstein+1","theMarked:RogueSparks+1","theMarked:ComboAttacks+1","theMarked:EmpowerWeapon","theMarked:WardOff+1","theMarked:StartUp+1"],"relics":["theMarked:ArtifactOfAir","Bromod:ArcanePistoleer","Smiling Mask","Iron Hammer"],"acts_visited":["Exordium"],"potions_floor_usage":[10,12,12],"damage_taken":[{"damage":3,"enemies":"Small Slimes","floor":1,"turns":3},{"damage":2,"enemies":"2 Louse","floor":3,"turns":3},{"damage":5,"enemies":"Cultist","floor":4,"turns":4},{"damage":8,"enemies":"2 Fungi Beasts","floor":5,"turns":4},{"damage":8,"enemies":"Lots of Slimes","floor":7,"turns":4},{"damage":3,"enemies":"Red Slaver","floor":10,"turns":3},{"damage":29,"enemies":"3 Sentries","floor":12,"turns":7},{"damage":5,"enemies":"The Guardian","floor":16,"turns":4}],"seed_played":"251698269677660560","potions_obtained":[{"floor":1,"key":"Swift Potion"},{"floor":4,"key":"Venom Potion"},{"floor":10,"key":"Strength Potion"},{"floor":12,"key":"Elixir"}],"is_trial":false,"path_per_floor":["M","$","M","M","M","R","M","R","T","M","R","E","R","?","R","B"],"character_chosen":"THE_DEFAULT","items_purchased":["theMarked:ComboAttacks"],"campfire_rested":0,"item_purchase_floors":[2],"current_hp_per_floor":[60,60,58,53,45,45,37,37,37,34,34,5,5,5,5,0,0],"gold":203,"neow_bonus":"ONE_RARE_RELIC","is_daily":false,"chose_seed":false,"campfire_upgraded":5,"win_rate":0.0,"timestamp":1609855964,"path_taken":["M","$","M","M","M","R","M","R","T","M","R","E","R","?","R","BOSS"],"items_purchased_type":["Card"],"build_version":"2020-12-22","purchased_purges":0,"victory":false,"max_hp_per_floor":[63,63,63,63,63,63,63,63,63,63,63,63,63,63,63,63,63],"card_choices":[{"not_picked":["theMarked:WardOff","theMarked:HeightenedSenses"],"picked":"theMarked:RogueSparks","floor":1},{"not_picked":["theMarked:Overcharge","theMarked:WardOff"],"picked":"theMarked:EmpowerWeapon","floor":3},{"not_picked":["theMarked:ResourceFulStrike","theMarked:WastefulDefense"],"picked":"theMarked:WardOff","floor":4},{"not_picked":["theMarked:WardOff","theMarked:Parkour","theMarked:TwofoldDefense"],"picked":"SKIP","floor":5},{"not_picked":["theMarked:RepellingDischarge","theMarked:ResourceFulStrike"],"picked":"theMarked:StartUp","floor":7},{"not_picked":["theMarked:Aftermath","theMarked:LightningStrikesTwice","theMarked:TunnelVision"],"picked":"SKIP","floor":10},{"not_picked":["theMarked:Overthink","theMarked:ElectricStrings","theMarked:ComboAttacks"],"picked":"SKIP","floor":12}],"player_experience":352857,"relics_obtained":[{"floor":9,"key":"Smiling Mask"},{"floor":12,"key":"Iron Hammer"}],"event_choices":[{"damage_healed":0,"gold_gain":0,"player_choice":"Ignored","damage_taken":0,"max_hp_gain":0,"max_hp_loss":0,"event_name":"Liars Game","floor":14,"gold_loss":0}],"is_beta":false,"boss_relics":[],"items_purged_floors":[],"is_endless":false,"potions_floor_spawned":[1,4,10,12],"killed_by":"The Guardian","ascension_level":0}}