{"host":"g5zc4ej6zn2at89o","time":1609814102,"event":{"mods":["2.2 Compatiblity","AchievementEnabler","BaseMod","Colored Map","DeckTracker","Highlight Path","KOR Keyword Fix","Keyboard Shortcuts","Minty Spire (QoL Compilation)","Permanent Neow","Quick Restart","Say the Spire","StSLib","SuperFastMode","everything is the same but u backflip on backflip"],"gold_per_floor":[114,114,126,126,142,172,172,43,43,77,77,77,96,114,114,215,215,232,232,249,349,367,367,384,384,384],"floor_reached":25,"playtime":1054,"items_purged":["Regret"],"score":224,"play_id":"1ec2d48e-33b2-45b7-b8ba-3e74f0ace58d","local_time":"20210105113502","is_ascension_mode":true,"campfire_choices":[{"floor":7,"key":"REST"},{"floor":12,"key":"REST"},{"floor":15,"key":"REST"},{"floor":23,"key":"REST"}],"circlet_count":0,"master_deck":["Strike_R","Strike_R","Strike_R","Defend_R","Defend_R","Defend_R","Defend_R","Bash","Bloodletting","Demon Form","Armaments","Bloodletting","Shrug It Off","Havoc","Heavy Blade","Headbutt","Twin Strike","Berserk","Flex+1","Ghostly Armor"],"relics":["Burning Blood","Ginger","Pen Nib","Self Forming Clay","Matryoshka","Gremlin Horn","Mark of Pain"],"acts_visited":["Exordium","TheCity"],"potions_floor_usage":[22,24,24,24,24,25],"damage_taken":[{"damage":3,"enemies":"Small Slimes","floor":1,"turns":3},{"damage":5,"enemies":"2 Louse","floor":3,"turns":3},{"damage":6,"enemies":"Cultist","floor":5,"turns":4},{"damage":64,"enemies":"3 Sentries","floor":6,"turns":11},{"damage":37,"enemies":"Gremlin Nob","floor":10,"turns":5},{"damage":5,"enemies":"Looter","floor":13,"turns":3},{"damage":16,"enemies":"Exordium Thugs","floor":14,"turns":2},{"damage":15,"enemies":"The Guardian","floor":16,"turns":9},{"damage":17,"enemies":"Shell Parasite","floor":18,"turns":7},{"damage":27,"enemies":"Spheric Guardian","floor":20,"turns":4},{"damage":35,"enemies":"Centurion and Healer","floor":22,"turns":5},{"damage":15,"enemies":"Snake Plant","floor":24,"turns":4},{"damage":14,"enemies":"Slavers","floor":25,"turns":3}],"seed_played":"8919182693150541935","potions_obtained":[{"floor":1,"key":"FairyPotion"},{"floor":13,"key":"Strength Potion"},{"floor":14,"key":"ColorlessPotion"},{"floor":16,"key":"EntropicBrew"},{"floor":22,"key":"GamblersBrew"}],"is_trial":false,"path_per_floor":["M","?","M","?","M","E","R","$","T","E","?","R","M","M","R","B",null,"M","?","M","?","M","R","M","E"],"character_chosen":"IRONCLAD","items_purchased":["Havoc"],"campfire_rested":4,"item_purchase_floors":[8],"current_hp_per_floor":[59,59,60,60,60,30,54,54,54,23,16,40,41,31,55,46,80,69,61,40,40,11,35,26,12,12],"gold":384,"neow_bonus":"ONE_RARE_RELIC","is_daily":false,"chose_seed":false,"campfire_upgraded":0,"win_rate":0.0,"timestamp":1609814102,"path_taken":["M","?","M","?","M","E","R","$","T","E","?","R","M","M","R","BOSS","M","?","?","?","M","R","M","E"],"items_purchased_type":["Card"],"build_version":"2020-12-22","purchased_purges":1,"victory":false,"max_hp_per_floor":[80,80,80,80,80,80,80,80,80,80,80,80,80,80,80,80,80,80,80,80,80,80,80,80,80,80],"card_choices":[{"not_picked":["Iron Wave","Warcry"],"picked":"Bloodletting","floor":1},{"not_picked":["Juggernaut","Shrug It Off"],"picked":"Armaments","floor":3},{"not_picked":["Burning Pact","Iron Wave"],"picked":"Bloodletting","floor":5},{"not_picked":["Flex","Wild Strike"],"picked":"Shrug It Off","floor":6},{"not_picked":["Armaments","Thunderclap"],"picked":"Heavy Blade","floor":10},{"not_picked":["Disarm","Exhume"],"picked":"Headbutt","floor":13},{"not_picked":["Clothesline","Perfected Strike"],"picked":"Twin Strike","floor":14},{"not_picked":["Demon Form","Juggernaut"],"picked":"Berserk","floor":16},{"not_picked":["Searing Blow","Uppercut"],"picked":"Flex+1","floor":18},{"not_picked":["Cleave","Headbutt+1","Warcry"],"picked":"SKIP","floor":20},{"not_picked":["Thunderclap+1","Reckless Charge","Wild Strike"],"picked":"SKIP","floor":22},{"not_picked":["Second Wind","Rampage+1"],"picked":"Ghostly Armor","floor":24}],"player_experience":104343,"relics_obtained":[{"floor":6,"key":"Self Forming Clay"},{"floor":9,"key":"Matryoshka"},{"floor":10,"key":"Gremlin Horn"}],"event_choices":[{"damage_healed":0,"gold_gain":0,"cards_transformed":["Strike_R"],"player_choice":"Change","damage_taken":0,"max_hp_gain":0,"max_hp_loss":0,"event_name":"Living Wall","floor":2,"gold_loss":0,"cards_obtained":["Demon Form"]},{"damage_healed":0,"gold_gain":0,"player_choice":"Box","damage_taken":0,"relics_obtained":["Pen Nib"],"max_hp_gain":0,"max_hp_loss":0,"event_name":"Big Fish","floor":4,"gold_loss":0,"cards_obtained":["Regret"]},{"cards_removed":["Strike_R"],"damage_healed":0,"gold_gain":0,"player_choice":"Card Removal","damage_taken":7,"max_hp_gain":0,"max_hp_loss":0,"event_name":"Golden Wing","floor":11,"gold_loss":0},{"damage_healed":0,"gold_gain":0,"player_choice":"Damaged","damage_taken":8,"max_hp_gain":0,"max_hp_loss":0,"event_name":"Wheel of Change","floor":19,"gold_loss":0},{"damage_healed":0,"gold_gain":100,"player_choice":"Pray","damage_taken":0,"max_hp_gain":0,"max_hp_loss":0,"event_name":"Golden Shrine","floor":21,"gold_loss":0}],"is_beta":false,"boss_relics":[{"not_picked":["Sozu","Black Star"],"picked":"Mark of Pain"}],"items_purged_floors":[8],"is_endless":false,"potions_floor_spawned":[1,13,14,16,20,22],"killed_by":"Slavers","ascension_level":1}}