{"host":"z9grmtg2w0nmz8n1","time":1609805932,"event":{"mods":["Aspiration","Bard","BaseMod","Beaked The Cultist","Better Altar","Better Match","Better Note","Better Sensory Stone","Better Skull","Better Third Choice","BetterRewards","CCEM","Colored Map","Conspire","Downfall","GifTheSpireLib","Googly Eyes","Halation","Hermit","Highlight Path","Hubris","Hunter ??","Jedi Mod","Jorbs\u0027s Wanderer Trilogy","Mad Scientist","Marisa????????","Minty Spire (QoL Compilation)","Permanent Neow","Replay The Spire","Shade Mod","Shop Mod","Spicy Shops","StSLib","Stuff the Spire","The Bug Knight","The Construct","The Necromancer","The Runesmith","The Witch"],"gold_per_floor":[112,122,136,136,136,171,185,219,219,44,44,44,44,44,56,90,90,195,195,213,227,29,29,45,78,78,78,78,78,113,113,126,71,71,167,167,177,188,203,203,53,53,70,102,152,98,109,129,216,233,233,233,233],"floor_reached":52,"playtime":2912,"items_purged":["Strike_G","StuffTheSpire:CuriosityCurse","Strike_G","Strike_G","Pain"],"score":802,"play_id":"14cc5c27-3e4f-422c-b8e8-188875f1b5c1","local_time":"20210104221852","is_ascension_mode":true,"campfire_choices":[{"floor":14,"key":"REST"},{"floor":17,"key":"RECALL"},{"floor":27,"key":"REST"},{"data":"Poisoned Stab","floor":29,"key":"SMITH"},{"floor":34,"key":"REST"},{"floor":42,"key":"REST"},{"data":"ReplayTheSpireMod:Speed Training","floor":51,"key":"SMITH"},{"data":"Neutralize","floor":51,"key":"SMITH"}],"circlet_count":0,"master_deck":["Strike_G+1","Defend_G","Defend_G","Defend_G+1","Defend_G","Defend_G+1","Survivor","Neutralize+1","StuffTheSpire:Injection","Prepared","StuffTheSpire:BrimstoneBlast+1","Poisoned Stab","Prepared","Poisoned Stab+1","Noxious Fumes+1","Mayhem+1","Cloak And Dagger","Leg Sweep","Parasite","Distraction+1","Poisoned Stab","Poisoned Stab+1","Backstab+1","ReplayTheSpireMod:Splinters","ReplayTheSpireMod:Speed Training+1"],"relics":["Ring of the Snake","halation:PinkSoulGem","Bronze Scales","Strawberry","Gremlin Food","Replay:Ringing Soul","conspire:SpecialSausage","Vajra","MutagenicStrength","CCEMRelics:FestiveHat","Pet Ghost","Replay:Arrowhead","conspire:RoyalGoblet","WarpedTongs","Ornamental Fan","StuffTheSpire:WitherSkull","Replay:Mystery Machine"],"acts_visited":["Exordium","TheCity","TheBeyond"],"potions_floor_usage":[16,24,25,37,44,52,52],"damage_taken":[{"damage":0,"enemies":"Cultist","floor":1,"turns":3},{"damage":0,"enemies":"Jaw Worm","floor":2,"turns":3},{"damage":0,"enemies":"Small Slimes","floor":3,"turns":3},{"damage":35,"enemies":"Lagavulin","floor":6,"turns":7},{"damage":7,"enemies":"Gremlin Gang","floor":7,"turns":4},{"damage":14,"enemies":"Replay:BlueRogue","floor":8,"turns":5},{"damage":2,"enemies":"Blue Slaver","floor":15,"turns":3},{"damage":3,"enemies":"Lagavulin","floor":16,"turns":5},{"damage":26,"enemies":"Hexaghost","floor":18,"turns":9},{"damage":15,"enemies":"Spheric Guardian","floor":20,"turns":8},{"damage":26,"enemies":"3 Cultists","floor":21,"turns":6},{"damage":9,"enemies":"Snecko","floor":24,"turns":6},{"damage":8,"enemies":"Replay:Snechameleon","floor":25,"turns":8},{"damage":18,"enemies":"HollowMod:Nosk","floor":30,"turns":6},{"damage":10,"enemies":"Snake Plant","floor":32,"turns":4},{"damage":13,"enemies":"Pondfish","floor":35,"turns":10},{"damage":21,"enemies":"3 Darklings","floor":37,"turns":4},{"damage":12,"enemies":"3 Shapes","floor":38,"turns":5},{"damage":9,"enemies":"Writhing Mass","floor":39,"turns":6},{"damage":29,"enemies":"Spire Growth","floor":43,"turns":5},{"damage":27,"enemies":"HollowMod:StalkingDevout","floor":44,"turns":7},{"damage":6,"enemies":"Sphere and 2 Shapes","floor":47,"turns":4},{"damage":26,"enemies":"3 Darklings","floor":48,"turns":4},{"damage":1,"enemies":"Spire Growth","floor":50,"turns":4},{"damage":13,"enemies":"hubris:GrandSnecko","floor":52,"turns":6}],"seed_played":"-4301085273586474519","potions_obtained":[{"floor":2,"key":"hexamod:EctoCoolerPotion"},{"floor":6,"key":"Elixir"},{"floor":15,"key":"Energy Potion"},{"floor":24,"key":"Weak Potion"},{"floor":30,"key":"sneckomod:MuddlingPotion"},{"floor":32,"key":"Languid Potion"},{"floor":39,"key":"SkillPotion"},{"floor":48,"key":"FearPotion"},{"floor":50,"key":"Slimebound:ThreeZeroPotion"}],"is_trial":false,"path_per_floor":["M","M","M","?","?","E","M","E","T","$","PTL","PTL","?","R","M","E","R","B",null,"M","M","$","?","M","E","?","R","T","R","E","$","M","?","R","B",null,"M","M","M","?","$","R","M","E","T","$","M","M","?","M","R_BF","B"],"character_chosen":"THE_SILENT","items_purchased":["Vajra","Poisoned Stab"],"campfire_rested":4,"item_purchase_floors":[22,46],"current_hp_per_floor":[70,70,70,70,70,42,35,21,21,21,21,21,21,44,42,39,39,13,77,65,42,42,42,33,28,28,53,53,53,38,33,26,46,73,60,92,71,59,53,56,56,85,59,32,32,35,32,9,12,11,11,0,0],"gold":233,"neow_bonus":"THREE_CARDS","is_daily":false,"chose_seed":false,"campfire_upgraded":3,"win_rate":0.0,"timestamp":1609805932,"path_taken":["M","?","M","?","?","E","M","E","T","$","PTL","PTL","?","R","M","E","R","BOSS","M","?","$","?","M","E","?","R","T","R","E","?","M","?","R","BOSS","M","M","M","?","$","R","?","E","T","$","M","M","?","M","R_BF","BOSS"],"items_purchased_type":["Relic","Card"],"build_version":"2020-12-22","purchased_purges":5,"victory":false,"max_hp_per_floor":[70,70,70,70,70,77,77,77,77,77,77,77,77,77,77,77,77,77,77,80,83,83,83,83,86,86,86,86,86,89,89,92,92,92,92,92,92,92,95,98,98,98,101,101,101,104,107,110,113,113,113,113,113],"card_choices":[{"not_picked":["Cloak And Dagger","StuffTheSpire:ClusterCrunch"],"picked":"StuffTheSpire:Injection","floor":0},{"not_picked":["Slice","StuffTheSpire:DoubleShiv"],"picked":"Prepared","floor":1},{"not_picked":["Escape Plan","Crippling Poison"],"picked":"StuffTheSpire:BrimstoneBlast","floor":2},{"not_picked":["StuffTheSpire:Python","StuffTheSpire:DoubleShiv","Dodge and Roll"],"picked":"SKIP","floor":3},{"not_picked":["Slice","Expertise","jedi:acidrain"],"picked":"SKIP","floor":6},{"not_picked":["Concentrate","Reflex","Slice"],"picked":"SKIP","floor":7},{"not_picked":["StuffTheSpire:Incursion","ReplayTheSpireMod:Exploit Weakness"],"picked":"Poisoned Stab","floor":8},{"not_picked":["StuffTheSpire:ClusterCrunch","Infinite Blades","PiercingWail"],"picked":"SKIP","floor":15},{"not_picked":["PiercingWail","Slice","StuffTheSpire:Fury"],"picked":"SKIP","floor":16},{"not_picked":["Sucker Punch","StuffTheSpire:Python"],"picked":"Prepared","floor":20},{"not_picked":["Dagger Throw+1","Cloak And Dagger"],"picked":"Poisoned Stab","floor":21},{"not_picked":["jedi:poisonivy","StuffTheSpire:DoubleShiv","Outmaneuver"],"picked":"SKIP","floor":24},{"not_picked":["jedi:studyshivs","ReplayTheSpireMod:The Works"],"picked":"Noxious Fumes+1","floor":25},{"not_picked":["expansioncontent:HyperBeam+1","expansioncontent:Chronoboost+1"],"picked":"Mayhem+1","floor":30},{"not_picked":["Deadly Poison","StuffTheSpire:DoubleShiv"],"picked":"Cloak And Dagger","floor":30},{"not_picked":["Outmaneuver","Concentrate"],"picked":"Leg Sweep","floor":32},{"not_picked":["expansioncontent:FaceSlap+1","Sadistic Nature+1","Transmutation+1"],"picked":"SKIP","floor":32},{"not_picked":["StuffTheSpire:Injection+1","StuffTheSpire:Incursion","Outmaneuver+1"],"picked":"SKIP","floor":37},{"not_picked":["Fluid Movement","Sneak Up","Slice+1"],"picked":"SKIP","floor":38},{"not_picked":["Flechettes","Bane","StuffTheSpire:ClusterCrunch+1"],"picked":"SKIP","floor":39},{"not_picked":["Prepared","StuffTheSpire:DoubleShiv+1"],"picked":"Distraction+1","floor":43},{"not_picked":["Flying Knee+1","Underhanded Strike","jedi:studyshivs"],"picked":"SKIP","floor":44},{"not_picked":["conspire:DoublingDagger+1","Quick Slash"],"picked":"Poisoned Stab+1","floor":47},{"not_picked":["Backflip+1","Skewer+1"],"picked":"Backstab+1","floor":48},{"not_picked":["Hidden Blade+1","StuffTheSpire:Fury"],"picked":"ReplayTheSpireMod:Speed Training","floor":49},{"not_picked":["Outmaneuver","Blade Dance","Bane+1"],"picked":"SKIP","floor":50}],"player_experience":778482,"relics_obtained":[{"floor":6,"key":"Strawberry"},{"floor":8,"key":"Gremlin Food"},{"floor":16,"key":"Replay:Ringing Soul"},{"floor":25,"key":"CCEMRelics:FestiveHat"},{"floor":28,"key":"Pet Ghost"},{"floor":30,"key":"Replay:Arrowhead"},{"floor":44,"key":"Ornamental Fan"},{"floor":45,"key":"StuffTheSpire:WitherSkull"},{"floor":49,"key":"Replay:Mystery Machine"}],"event_choices":[{"cards_removed":["Strike_G"],"damage_healed":0,"gold_gain":0,"player_choice":"Give","damage_taken":0,"max_hp_gain":0,"max_hp_loss":0,"event_name":"betterNote:BetterNote","floor":13,"gold_loss":0,"cards_obtained":["Strike_G"]},{"damage_healed":0,"gold_gain":0,"player_choice":"Inject Mutagens","damage_taken":0,"relics_obtained":["MutagenicStrength"],"max_hp_gain":0,"max_hp_loss":0,"event_name":"Drug Dealer","floor":23,"gold_loss":0},{"cards_removed":["Strike_G"],"damage_healed":0,"gold_gain":0,"player_choice":"Elegance","damage_taken":0,"max_hp_gain":0,"max_hp_loss":0,"event_name":"betterThird:BetterWriting","floor":26,"gold_loss":0},{"damage_healed":0,"gold_gain":0,"player_choice":"Rummage","damage_taken":0,"relics_obtained":["WarpedTongs"],"max_hp_gain":0,"max_hp_loss":0,"event_name":"Accursed Blacksmith","floor":40,"gold_loss":0,"cards_obtained":["Pain"]}],"is_beta":false,"boss_relics":[{"not_picked":["StuffTheSpire:ModemDavis","Ectoplasm"],"picked":"conspire:SpecialSausage"},{"not_picked":["halation:Risk","Astrolabe"],"picked":"conspire:RoyalGoblet"}],"items_purged_floors":[10,10,22,31,41],"is_endless":false,"potions_floor_spawned":[2,6,15,24,30,32,39,43,48,50],"killed_by":"hubris:GrandSnecko","ascension_level":1}}