{"host":"uzcks4yhskks9i02","time":1609821803,"event":{"mods":["BaseMod","Minty Spire (QoL Compilation)","Quick Restart"],"gold_per_floor":[17,31,47,58,58,58,85,85,85,101,132,132,158,178,178,281,281,294,294,305,316,316,316],"floor_reached":22,"playtime":1486,"items_purged":[],"score":322,"play_id":"76e616aa-0669-493a-bdc5-3aabf6e45d82","local_time":"20210104214323","is_ascension_mode":true,"campfire_choices":[{"floor":6.0,"key":"REST"},{"floor":8.0,"key":"REST"},{"floor":15.0,"key":"REST"}],"circlet_count":0,"master_deck":["AscendersBane","Strike_R","Strike_R","Strike_R","Defend_R","Defend_R","Defend_R","Defend_R","Bash","Limit Break","Iron Wave","Armaments","Dropkick","Intimidate","Reaper","Uppercut","Offering","Reaper","Wild Strike","Heavy Blade","Juggernaut","Inflame","Intimidate","Perfected Strike+1"],"relics":["Burning Blood","Potion Belt","Pear","CaptainsWheel","HornCleat","Black Star"],"acts_visited":["Exordium","TheCity"],"potions_floor_usage":[22],"damage_taken":[{"damage":23.0,"enemies":"Small Slimes","floor":1.0,"turns":4.0},{"damage":0.0,"enemies":"Cultist","floor":2.0,"turns":4.0},{"damage":3.0,"enemies":"2 Louse","floor":3.0,"turns":3.0},{"damage":12.0,"enemies":"Red Slaver","floor":4.0,"turns":5.0},{"damage":49.0,"enemies":"Lagavulin","floor":7.0,"turns":9.0},{"damage":3.0,"enemies":"Looter","floor":10.0,"turns":4.0},{"damage":25.0,"enemies":"Gremlin Nob","floor":11.0,"turns":5.0},{"damage":32.0,"enemies":"Lagavulin","floor":13.0,"turns":11.0},{"damage":23.0,"enemies":"Exordium Thugs","floor":14.0,"turns":6.0},{"damage":75.0,"enemies":"The Guardian","floor":16.0,"turns":21.0},{"damage":23.0,"enemies":"3 Byrds","floor":18.0,"turns":9.0},{"damage":42.0,"enemies":"Chosen","floor":20.0,"turns":7.0},{"damage":57.0,"enemies":"Centurion and Healer","floor":21.0,"turns":7.0},{"damage":17,"enemies":"Snake Plant","floor":22,"turns":1}],"seed_played":"-2892880199136137076","potions_obtained":[{"floor":1.0,"key":"Explosive Potion"},{"floor":4.0,"key":"FairyPotion"},{"floor":5.0,"key":"ColorlessPotion"},{"floor":7.0,"key":"Weak Potion"},{"floor":13.0,"key":"ColorlessPotion"},{"floor":14.0,"key":"Swift Potion"},{"floor":18.0,"key":"BlessingOfTheForge"},{"floor":20.0,"key":"BlessingOfTheForge"}],"is_trial":false,"path_per_floor":["M","M","M","M","?","R","E","R","T","M","E","?","E","M","R","B",null,"M","?","M","M","M"],"character_chosen":"IRONCLAD","items_purchased":[],"campfire_rested":3,"item_purchase_floors":[],"current_hp_per_floor":[55,61,64,58,58,80,37,61,71,74,59,59,37,30,57,24,74,70,70,51,8,0,0],"gold":316,"neow_bonus":"THREE_RARE_CARDS","is_daily":false,"chose_seed":false,"campfire_upgraded":0,"win_rate":0.0,"timestamp":1609821803,"path_taken":["M","M","M","M","?","R","E","R","T","?","E","?","E","?","R","BOSS","M","?","M","M","M"],"items_purchased_type":[],"build_version":"2020-12-22","purchased_purges":0,"victory":false,"max_hp_per_floor":[80,80,80,80,80,80,80,80,90,90,90,90,90,90,90,90,90,90,90,90,90,90,90],"card_choices":[{"not_picked":["Brutality","Corruption"],"picked":"Limit Break","floor":0.0},{"not_picked":["Seeing Red","Twin Strike"],"picked":"Iron Wave","floor":1.0},{"not_picked":["Shrug It Off","Iron Wave"],"picked":"Armaments","floor":2.0},{"not_picked":["Second Wind","Body Slam"],"picked":"Dropkick","floor":3.0},{"not_picked":["Shrug It Off","True Grit"],"picked":"Intimidate","floor":4.0},{"not_picked":["Spot Weakness","Havoc"],"picked":"Reaper","floor":7.0},{"not_picked":["Headbutt","True Grit"],"picked":"Uppercut","floor":10.0},{"not_picked":["Reckless Charge","Second Wind"],"picked":"Offering","floor":11.0},{"not_picked":["Pommel Strike","Evolve"],"picked":"Wild Strike","floor":13.0},{"not_picked":["Warcry","Headbutt"],"picked":"Heavy Blade","floor":14.0},{"not_picked":["Fiend Fire","Double Tap"],"picked":"Juggernaut","floor":16.0},{"not_picked":["Clothesline","Pommel Strike"],"picked":"Inflame","floor":18.0},{"not_picked":["Anger","True Grit+1"],"picked":"Intimidate","floor":20.0},{"not_picked":["Warcry","Iron Wave"],"picked":"Perfected Strike+1","floor":21.0}],"player_experience":481509,"relics_obtained":[{"floor":7.0,"key":"Potion Belt"},{"floor":9.0,"key":"Pear"},{"floor":11.0,"key":"CaptainsWheel"},{"floor":13.0,"key":"HornCleat"}],"event_choices":[{"damage_healed":0.0,"max_hp_gain":0.0,"max_hp_loss":0.0,"gold_gain":0.0,"event_name":"Lab","player_choice":"Got Potions","floor":5.0,"gold_loss":0.0,"damage_taken":0.0},{"damage_healed":0.0,"max_hp_gain":0.0,"max_hp_loss":0.0,"gold_gain":0.0,"cards_transformed":["Strike_R"],"event_name":"Transmorgrifier","player_choice":"Transformed","floor":12.0,"gold_loss":0.0,"damage_taken":0.0,"cards_obtained":["Reaper"]},{"cards_removed":["Strike_R"],"damage_healed":0.0,"max_hp_gain":0.0,"max_hp_loss":0.0,"gold_gain":0.0,"event_name":"Purifier","player_choice":"Purged","floor":19.0,"gold_loss":0.0,"damage_taken":0.0}],"is_beta":false,"boss_relics":[{"not_picked":["Coffee Dripper","Sozu"],"picked":"Black Star"}],"items_purged_floors":[],"is_endless":false,"potions_floor_spawned":[1,4,7,13,14,18,20],"killed_by":"Snake Plant","ascension_level":11}}