{"host":"9l4mw5jqza9qz9hr","time":1609852575,"event":{"mods":["AchievementEnabler","Always Whale","BaseMod","Colored Map","Minty Spire (QoL Compilation)","StSLib","SuperFastMode"],"gold_per_floor":[114,114,126,126,143,143,168,180,243,283,313,336,348,385,397,409,409],"floor_reached":16,"playtime":328,"items_purged":[],"score":192,"play_id":"34292a4f-b184-4ff7-8ec4-1dbcb615fc43","local_time":"20210105221615","is_ascension_mode":true,"campfire_choices":[{"data":"Flex","floor":6.0,"key":"SMITH"},{"data":"Heavy Blade","floor":8.0,"key":"SMITH"},{"data":"Heavy Blade","floor":15,"key":"SMITH"}],"circlet_count":0,"master_deck":["AscendersBane","Strike_R","Strike_R","Strike_R","Strike_R","Strike_R","Defend_R","Defend_R","Defend_R","Bash","Twin Strike","Perfected Strike+1","Heavy Blade+1","Flex+1","Heavy Blade+1","Shrug It Off","Carnage"],"relics":["Burning Blood","MawBank","Bag of Preparation","White Beast Statue","PreservedInsect"],"acts_visited":["Exordium"],"potions_floor_usage":[14,16,16],"damage_taken":[{"damage":11.0,"enemies":"2 Louse","floor":1.0,"turns":4.0},{"damage":1.0,"enemies":"Cultist","floor":3.0,"turns":3.0},{"damage":7.0,"enemies":"Jaw Worm","floor":5.0,"turns":3.0},{"damage":35.0,"enemies":"Lagavulin","floor":7.0,"turns":6.0},{"damage":16.0,"enemies":"Gremlin Nob","floor":10.0,"turns":3.0},{"damage":26.0,"enemies":"Lots of Slimes","floor":11.0,"turns":4.0},{"damage":0.0,"enemies":"3 Louse","floor":12.0,"turns":3.0},{"damage":17,"enemies":"Lagavulin","floor":14,"turns":5},{"damage":17,"enemies":"Hexaghost","floor":16,"turns":5}],"seed_played":"-1167136706049406650","potions_obtained":[{"floor":1.0,"key":"Fire Potion"},{"floor":7.0,"key":"PowerPotion"},{"floor":11.0,"key":"Swift Potion"},{"floor":14,"key":"AttackPotion"}],"is_trial":false,"path_per_floor":["M","?","M","?","M","R","E","R","T","E","M","M","?","E","R","B"],"character_chosen":"IRONCLAD","items_purchased":[],"campfire_rested":0,"item_purchase_floors":[],"current_hp_per_floor":[67,67,72,72,71,71,42,42,42,32,12,18,23,12,12,0,0],"gold":409,"neow_bonus":"THREE_CARDS","is_daily":false,"chose_seed":false,"campfire_upgraded":3,"win_rate":0.0,"timestamp":1609852575,"path_taken":["M","?","?","?","M","R","E","R","T","E","?","M","?","E","R","BOSS"],"items_purchased_type":[],"build_version":"2020-12-22","purchased_purges":0,"victory":false,"max_hp_per_floor":[80,80,80,80,80,80,80,80,80,80,80,80,85,85,85,85,85],"card_choices":[{"not_picked":["Headbutt","Burning Pact"],"picked":"Twin Strike","floor":0.0},{"not_picked":["Rupture","Twin Strike"],"picked":"Perfected Strike","floor":1.0},{"not_picked":["Headbutt","Clothesline"],"picked":"Heavy Blade","floor":3.0},{"not_picked":["True Grit","Power Through"],"picked":"Flex","floor":5.0},{"not_picked":["Combust","Bloodletting","Searing Blow"],"picked":"SKIP","floor":7.0},{"not_picked":["Dropkick","Twin Strike"],"picked":"Heavy Blade","floor":10.0},{"not_picked":["Anger","Twin Strike"],"picked":"Shrug It Off","floor":11.0},{"not_picked":["Sword Boomerang","Body Slam"],"picked":"Carnage","floor":12.0},{"not_picked":["Sentinel","Dark Embrace","Feel No Pain"],"picked":"SKIP","floor":14}],"player_experience":175973,"relics_obtained":[{"floor":7.0,"key":"MawBank"},{"floor":9.0,"key":"Bag of Preparation"},{"floor":10.0,"key":"White Beast Statue"},{"floor":14,"key":"PreservedInsect"}],"event_choices":[{"cards_removed":["Defend_R"],"damage_healed":0.0,"max_hp_gain":0.0,"max_hp_loss":0.0,"gold_gain":0.0,"event_name":"Bonfire Elementals","player_choice":"Offered Basic","floor":2.0,"gold_loss":0.0,"damage_taken":0.0},{"damage_healed":0.0,"max_hp_gain":0.0,"max_hp_loss":0.0,"gold_gain":0.0,"event_name":"Upgrade Shrine","player_choice":"Upgraded","floor":4.0,"gold_loss":0.0,"damage_taken":0.0,"cards_upgraded":["Perfected Strike"]},{"damage_healed":0.0,"max_hp_gain":5.0,"max_hp_loss":0.0,"gold_gain":0.0,"event_name":"Big Fish","player_choice":"Donut","floor":13.0,"gold_loss":0.0,"damage_taken":0.0}],"is_beta":false,"boss_relics":[],"items_purged_floors":[],"is_endless":false,"potions_floor_spawned":[1,7,11,12,14],"killed_by":"Hexaghost","ascension_level":12}}