{"host":"q79spna8ofw6hj3r","time":1609813044,"event":{"mods":["Aspiration","BaseMod","Bestiary","Better Altar","Better Match","Better Note","Better Sensory Stone","Better Skull","Better Third Choice","Better Vampires","BetterRewards","Block Reminder","Card Filter","Challenge The Spire","Colored Map","Colored Powertips","Conspire","Custom Start","Energized Spire","Halation","Hubris","Infinite Spire","Jedi Mod","Mimic Mod","Minty Spire (QoL Compilation)","Permanent Neow","Quick Restart","Relic Filter","Relic Sorter","Replay The Spire","Shop Mod","StSLib","SuperFastMode","Synergy Search","The Servant 0.9.4","vexMod"],"gold_per_floor":[112,3,14,34,34,34,61,61,61,61,124,124,24,35,35,138,188,198,198,123,138,138,138,157,157,180,180,131,131],"floor_reached":28,"playtime":1138,"items_purged":["Pain","Strike_S","Strike_S","Delirium"],"score":314,"play_id":"5d4bb55b-fcdf-47b4-8168-efebfce924a5","local_time":"20210105041724","is_ascension_mode":false,"campfire_choices":[{"data":"Luminosity","floor":6,"key":"SMITH"},{"data":"Contraction","floor":8,"key":"SMITH"},{"data":"SurpressingFire","floor":15,"key":"SMITH"},{"data":"infinitespire:NeuralNetwork","floor":23,"key":"SMITH"},{"data":"Sunlight","floor":25,"key":"SMITH"},{"data":"GearUp","floor":27,"key":"SMITH"}],"circlet_count":0,"master_deck":["Strike_S","Strike_S","Defend_S+1","Defend_S","Defend_S","Defend_S","KidneyShot","Exchange","SurpressingFire+1","GearUp+1","Luminosity+1","Rearm","Contraction+1","Rearm","Sunlight+1","infinitespire:NeuralNetwork+1","BottledTime+1","Desolation"],"relics":["Uniform","Pondfish Scales","Replay:Ringing Soul","aspiration:TrustyKnives","Turnip","halation:EternalFortune","Tiny House","jedi:paperlyon","BargainBundle","Potion Belt","ReplayTheSpireMod:CursedCoin"],"acts_visited":["Exordium","TheCity"],"potions_floor_usage":[7,16,18,28,28,28],"damage_taken":[{"damage":5,"enemies":"Cultist","floor":1,"turns":4},{"damage":1,"enemies":"Jaw Worm","floor":3,"turns":5},{"damage":0,"enemies":"2 Louse","floor":4,"turns":3},{"damage":7,"enemies":"3 Sentries","floor":7,"turns":19},{"damage":18,"enemies":"3 Sentries","floor":11,"turns":17},{"damage":0,"enemies":"2 Fungi Beasts","floor":14,"turns":6},{"damage":0,"enemies":"Slime Boss","floor":16,"turns":11},{"damage":0,"enemies":"2 Thieves","floor":18,"turns":1},{"damage":0,"enemies":"Spheric Guardian","floor":21,"turns":8},{"damage":7,"enemies":"Cultist and Chosen","floor":24,"turns":5},{"damage":103,"enemies":"hubris:Merchant","floor":28,"turns":10}],"seed_played":"-3723315437526913408","potions_obtained":[{"floor":3,"key":"Elixir"},{"floor":11,"key":"Doom Potion"},{"floor":17,"key":"infinitespire:BlackPotion"},{"floor":21,"key":"Regen Potion"},{"floor":22,"key":"DuplicationPotion"},{"floor":22,"key":"GamblersBrew"}],"is_trial":false,"path_per_floor":["M","$","M","M","$","R","E","R","T","?","?","?","$","M","R","B",null,"M","AVR","?","M","?","R","M","R","T","R","$"],"character_chosen":"THE_SERVANT","items_purchased":["GearUp","ReplayTheSpireMod:CursedCoin","Desolation"],"campfire_rested":0,"item_purchase_floors":[2,28,28],"current_hp_per_floor":[60,60,59,59,59,59,55,55,55,62,44,47,47,50,50,53,82,82,85,88,88,88,88,81,81,81,81,0,0],"gold":131,"neow_bonus":"ONE_RARE_RELIC","is_daily":false,"chose_seed":false,"campfire_upgraded":6,"win_rate":0.0,"timestamp":1609813044,"path_taken":["M","$","?","M","$","R","E","R","T","?","?","?","?","M","R","BOSS","M","AVR","?","M","?","R","M","R","T","R","$"],"items_purchased_type":["Card","Relic","Card"],"build_version":"2020-12-22","purchased_purges":4,"victory":false,"max_hp_per_floor":[65,65,65,65,65,65,68,68,68,68,68,71,71,74,74,77,82,82,85,88,88,88,88,88,88,88,88,91,91],"card_choices":[{"not_picked":["Luminosity","Alleviate"],"picked":"SurpressingFire","floor":1},{"not_picked":["Ricochet","ShatteredReality"],"picked":"Luminosity","floor":3},{"not_picked":["InstantArmor","RealityMarble"],"picked":"Rearm","floor":4},{"not_picked":["Shuttle","Gouge"],"picked":"Contraction","floor":7},{"not_picked":["ShatteredReality","Replace"],"picked":"Rearm","floor":14},{"not_picked":["LightFlow","Solidify"],"picked":"Sunlight","floor":16},{"not_picked":["Reset+1","Advance","StarChef"],"picked":"SKIP","floor":18},{"not_picked":["Potential+1","Alleviate+1"],"picked":"BottledTime+1","floor":20},{"not_picked":["Defy+1","Moondial","Initiator"],"picked":"SKIP","floor":21},{"not_picked":["Starlight","Defy","Read"],"picked":"SKIP","floor":24}],"player_experience":203644,"relics_obtained":[{"floor":7,"key":"Replay:Ringing Soul"},{"floor":9,"key":"aspiration:TrustyKnives"},{"floor":11,"key":"Turnip"},{"floor":26,"key":"Potion Belt"}],"event_choices":[{"damage_healed":0,"gold_gain":0,"player_choice":"Searched \u00272\u0027 times","damage_taken":0,"max_hp_gain":0,"max_hp_loss":0,"event_name":"Dead Adventurer","floor":11,"gold_loss":0},{"damage_healed":0,"gold_gain":0,"player_choice":"2","damage_taken":0,"max_hp_gain":0,"max_hp_loss":0,"event_name":"betterMatch:BetterMatch","floor":20,"gold_loss":0,"cards_obtained":["betterMatch:CommonCard"]},{"damage_healed":0,"gold_gain":0,"player_choice":"Got Potions","damage_taken":0,"max_hp_gain":0,"max_hp_loss":0,"event_name":"Lab","floor":22,"gold_loss":0}],"is_beta":false,"boss_relics":[{"not_picked":["Ring of Chaos","vexMod:CursedCompass"],"picked":"Tiny House"}],"items_purged_floors":[2,13,19,28],"is_endless":false,"potions_floor_spawned":[3,11,21],"killed_by":"hubris:Merchant","ascension_level":0}}