{"host":"aaqofma31c3gm2hj","time":1609814858,"event":{"mods":["BaseMod","Minty Spire (QoL Compilation)","Replay The Spire","Spicy Shops","StSLib"],"gold_per_floor":[117,97,116,131,150,150,181,181],"floor_reached":7,"playtime":169,"items_purged":[],"score":106,"play_id":"ce3a5299-bdf8-4377-9741-83e63fc37e73","local_time":"20210105104738","is_ascension_mode":true,"campfire_choices":[{"data":"Eruption","floor":6,"key":"SMITH"}],"circlet_count":0,"master_deck":["AscendersBane","Strike_P","Strike_P","Strike_P","Strike_P","Defend_P","Defend_P","Defend_P","Defend_P","Eruption+1","Vigilance","ForeignInfluence","BowlingBash","DeusExMachina"],"relics":["Philosopher\u0027s Stone","ReplayFunnel"],"acts_visited":["Exordium"],"potions_floor_usage":[7,7],"damage_taken":[{"damage":0.0,"enemies":"Cultist","floor":1.0,"turns":2.0},{"damage":8.0,"enemies":"Jaw Worm","floor":3.0,"turns":5.0},{"damage":1,"enemies":"2 Louse","floor":4,"turns":3},{"damage":2,"enemies":"Red Slaver","floor":5,"turns":2},{"damage":27,"enemies":"Lagavulin","floor":7,"turns":5}],"seed_played":"-6355446182960042754","potions_obtained":[{"floor":1.0,"key":"PowerPotion"},{"floor":2.0,"key":"AttackPotion"},{"floor":4,"key":"Fire Potion"},{"floor":7,"key":"Toxic Potion"}],"is_trial":false,"path_per_floor":["M","?","M","M","M","R","E"],"character_chosen":"WATCHER","items_purchased":[],"campfire_rested":0,"item_purchase_floors":[],"current_hp_per_floor":[61,61,53,52,50,50,23,23],"gold":181,"neow_bonus":"BOSS_RELIC","is_daily":false,"chose_seed":false,"campfire_upgraded":1,"win_rate":0.0,"timestamp":1609814858,"path_taken":["M","?","M","M","M","R","E"],"items_purchased_type":[],"build_version":"2020-12-22","purchased_purges":0,"victory":false,"max_hp_per_floor":[68,68,68,68,68,68,68,68],"card_choices":[{"not_picked":["CarveReality","CrushJoints","FlyingSleeves"],"picked":"SKIP","floor":1.0},{"not_picked":["Protect","ClearTheMind"],"picked":"ForeignInfluence","floor":3.0},{"not_picked":["PathToVictory","Adaptation"],"picked":"BowlingBash","floor":4},{"not_picked":["Evaluate","SandsOfTime"],"picked":"DeusExMachina","floor":5}],"player_experience":553790,"relics_obtained":[{"floor":7,"key":"ReplayFunnel"}],"event_choices":[{"damage_healed":0.0,"max_hp_gain":0.0,"max_hp_loss":0.0,"gold_gain":0.0,"event_name":"The Woman in Blue","player_choice":"Bought 1 Potion","floor":2.0,"gold_loss":0.0,"damage_taken":0.0}],"is_beta":false,"boss_relics":[],"items_purged_floors":[],"is_endless":false,"potions_floor_spawned":[1,4,5,7],"killed_by":"Lagavulin","ascension_level":20}}