{"host":"2he95iptrbxkejc1","time":1609811695,"event":{"mods":["AchievementEnabler","BaseMod","Colored Powertips","Hermit","Infinite Spire","Marisa????????","Minty Spire (QoL Compilation)","Random Character Mod","Replay The Spire","StSLib","The Cursed","The Hierophant","The Marked","The Mystic","The Poker Player","The Runesmith","The Servant 0.9.4"],"gold_per_floor":[119,134,144,156,3,3,38,66,103,16,16,48,63,82,82,182,182,200,200,200,200,200,219,234,266,266,292,292,311,343,343,353,373,373,473,473,487,505,516,529,542,542,542,542],"floor_reached":42,"playtime":3279,"items_purged":[],"score":526,"play_id":"e3caab73-d6dd-4be0-b8d9-adb6d08093f5","local_time":"20210105015455","is_ascension_mode":false,"metric_token":1106,"campfire_choices":[{"data":"PokerPlayerMod:ClubShade","floor":6,"key":"SMITH"},{"floor":11,"key":"REST"},{"floor":15,"key":"REST"},{"data":"PokerPlayerMod:GamblerForm","floor":26,"key":"SMITH"},{"floor":34,"key":"REST"}],"circlet_count":0,"master_deck":["PokerPlayerMod:Diamond1","PokerPlayerMod:Diamond2","PokerPlayerMod:Diamond3","PokerPlayerMod:Diamond4","PokerPlayerMod:Diamond5","PokerPlayerMod:Spade1","PokerPlayerMod:Spade2","PokerPlayerMod:Spade3","PokerPlayerMod:Spade4","PokerPlayerMod:Club1","PokerPlayerMod:Club2","PokerPlayerMod:Heart2","PokerPlayerMod:TrumpStrike","PokerPlayerMod:BadJoker","PokerPlayerMod:Mulligan","PokerPlayerMod:Trickery","PokerPlayerMod:ClubDance","PokerPlayerMod:SpadeStrike","PokerPlayerMod:ClubShade+1","PokerPlayerMod:ClubShade","PokerPlayerMod:CloakAndDiamond","PokerPlayerMod:DartThrow","PokerPlayerMod:SecretDealer","PokerPlayerMod:Diamond5","PokerPlayerMod:Diamond4","PokerPlayerMod:Diamond4","PokerPlayerMod:Harden","PokerPlayerMod:Heart8","PokerPlayerMod:Club4","PokerPlayerMod:Club4","PokerPlayerMod:Diamond6","PokerPlayerMod:GamblerForm+1","PokerPlayerMod:Spade5","PokerPlayerMod:Diamond10+","PokerPlayerMod:Sharpen+1","PokerPlayerMod:JackOfSpades+1","PokerPlayerMod:Raise+1","PokerPlayerMod:HeartStrike","PokerPlayerMod:Heart1","PokerPlayerMod:SpadeStrike","PokerPlayerMod:DartThrow","PokerPlayerMod:Harden","PokerPlayerMod:ChangeRules+1","PokerPlayerMod:ClubStrike","PokerPlayerMod:DartThrow+1","PokerPlayerMod:Harden","PokerPlayerMod:ItsShowtime+1","PokerPlayerMod:RiskyBet"],"relics":["PokerPlayerMod:DeckCase","MawBank","Happy Flower","Dream Catcher","PokerPlayerMod:AceCard","MutagenicStrength","Replay:Accelerometer","Golden Egg","infinitespire:PuzzleCube","Pear","infinitespire:Golems Mask"],"acts_visited":["Exordium","TheCity","TheBeyond"],"potions_floor_usage":[8,8,12,13,30,33,40,40,41,42,42,42,42],"damage_taken":[{"damage":1,"enemies":"Cultist","floor":1,"turns":3},{"damage":8,"enemies":"infinitespire:Voidling","floor":2,"turns":3},{"damage":2,"enemies":"Jaw Worm","floor":3,"turns":3},{"damage":9,"enemies":"2 Fungi Beasts","floor":4,"turns":3},{"damage":19,"enemies":"Lagavulin","floor":7,"turns":5},{"damage":6,"enemies":"Exordium Wildlife","floor":8,"turns":3},{"damage":5,"enemies":"3 Sentries","floor":12,"turns":4},{"damage":10,"enemies":"Lots of Slimes","floor":13,"turns":2},{"damage":14,"enemies":"Looter","floor":14,"turns":3},{"damage":28,"enemies":"Fading Forest","floor":16,"turns":11},{"damage":0,"enemies":"Spheric Guardian","floor":18,"turns":3},{"damage":0,"enemies":"3 Byrds","floor":23,"turns":3},{"damage":3,"enemies":"Centurion and Healer","floor":24,"turns":5},{"damage":23,"enemies":"Gremlin Leader","floor":25,"turns":5},{"damage":39,"enemies":"Slavers","floor":27,"turns":4},{"damage":3,"enemies":"Snake Plant","floor":29,"turns":4},{"damage":18,"enemies":"Gremlin Leader","floor":30,"turns":4},{"damage":0,"enemies":"Cultist and Chosen","floor":32,"turns":6},{"damage":0,"enemies":"3 Cultists","floor":33,"turns":3},{"damage":26,"enemies":"Champ","floor":35,"turns":10},{"damage":27,"enemies":"3 Darklings","floor":37,"turns":7},{"damage":0,"enemies":"3 Shapes","floor":38,"turns":2},{"damage":41,"enemies":"Sphere and 2 Shapes","floor":39,"turns":5},{"damage":0,"enemies":"Jaw Worm Horde","floor":40,"turns":4},{"damage":24,"enemies":"4 Shapes","floor":41,"turns":6},{"damage":59,"enemies":"Nemesis","floor":42,"turns":4}],"seed_played":"4718481740640829477","potions_obtained":[{"floor":3,"key":"Fire Potion"},{"floor":4,"key":"Explosive Potion"},{"floor":7,"key":"DuplicationPotion"},{"floor":12,"key":"ColorlessPotion"},{"floor":27,"key":"Elixir"},{"floor":29,"key":"SkillPotion"},{"floor":30,"key":"Fire Potion"},{"floor":32,"key":"Adrenaline Potion"},{"floor":33,"key":"Ancient Potion"},{"floor":35,"key":"SkillPotion"},{"floor":40,"key":"AttackPotion"},{"floor":41,"key":"EntropicBrew"}],"is_trial":false,"path_per_floor":["M","M","M","M","$","R","E","M","T","$","R","E","M","M","R","B",null,"M","?","AVR","PTL","PTL","M","M","E","R","E","T","M","E","?","M","M","R","B",null,"M","M","M","M","M","E"],"character_chosen":"THE_POKER_PLAYER","items_purchased":["PokerPlayerMod:ClubShade","PokerPlayerMod:CloakAndDiamond","PokerPlayerMod:DartThrow","PokerPlayerMod:Diamond4","PokerPlayerMod:Harden"],"campfire_rested":3,"item_purchase_floors":[5,5,5,10,10],"current_hp_per_floor":[56,48,48,42,42,42,29,25,25,25,42,37,27,25,42,46,57,57,57,57,57,57,57,54,47,47,16,26,23,15,15,32,38,58,52,67,52,52,22,38,26,0,0,0],"gold":542,"neow_bonus":"TEN_PERCENT_HP_BONUS","is_daily":false,"chose_seed":false,"campfire_upgraded":2,"win_rate":0.0,"timestamp":1609811695,"path_taken":["M","M","M","?","$","R","E","?","T","?","R","E","M","M","R","BOSS","M","?","AVR","PTL","PTL","M","M","E","R","E","T","M","E","?","M","M","R","BOSS","M","M","M","M","M","E"],"items_purchased_type":["Card","Card","Card","Card","Card"],"build_version":"2020-12-22","purchased_purges":0,"victory":false,"max_hp_per_floor":[57,57,57,57,57,57,57,57,57,57,57,57,57,57,57,57,57,57,57,57,57,57,57,57,57,57,57,67,67,67,67,67,67,67,67,67,67,67,67,67,67,67,67,67],"card_choices":[{"not_picked":["PokerPlayerMod:Club1","PokerPlayerMod:Diamond4"],"picked":"PokerPlayerMod:Trickery","floor":1},{"not_picked":["PokerPlayerMod:CardBurn","PokerPlayerMod:FakeSymbols"],"picked":"PokerPlayerMod:ClubDance","floor":2},{"not_picked":["PokerPlayerMod:Diamond1","PokerPlayerMod:Diamond2","PokerPlayerMod:Spade2"],"picked":"SKIP","floor":3},{"not_picked":["PokerPlayerMod:Diamond5","PokerPlayerMod:Club1"],"picked":"PokerPlayerMod:SpadeStrike","floor":4},{"not_picked":["PokerPlayerMod:MagicTrick","PokerPlayerMod:Diamond7"],"picked":"PokerPlayerMod:SecretDealer","floor":7},{"not_picked":["PokerPlayerMod:HiddenCard","PokerPlayerMod:Diamond2"],"picked":"PokerPlayerMod:Diamond5","floor":8},{"not_picked":["PokerPlayerMod:SpadeStrike","PokerPlayerMod:Diamond3"],"picked":"PokerPlayerMod:Heart8","floor":12},{"not_picked":["PokerPlayerMod:Diamond2","PokerPlayerMod:Spade4"],"picked":"PokerPlayerMod:Club4","floor":13},{"not_picked":["PokerPlayerMod:HotShotCut","PokerPlayerMod:SpadeStrike"],"picked":"PokerPlayerMod:Club4","floor":14},{"not_picked":["PokerPlayerMod:Spade5","PokerPlayerMod:Club1"],"picked":"PokerPlayerMod:Diamond6","floor":15},{"not_picked":["PokerPlayerMod:FakeSymbols","PokerPlayerMod:Spade7"],"picked":"PokerPlayerMod:GamblerForm","floor":16},{"not_picked":["PokerPlayerMod:Diamond1","PokerPlayerMod:DartThrow"],"picked":"PokerPlayerMod:Spade5","floor":18},{"not_picked":["PokerPlayerMod:Manipulation+1","PokerPlayerMod:CardBurn"],"picked":"PokerPlayerMod:Diamond10+","floor":23},{"not_picked":["PokerPlayerMod:Spade4","PokerPlayerMod:Diamond1"],"picked":"PokerPlayerMod:Sharpen+1","floor":24},{"not_picked":["PokerPlayerMod:ClubStrike","PokerPlayerMod:Spade4"],"picked":"PokerPlayerMod:JackOfSpades+1","floor":25},{"not_picked":["PokerPlayerMod:ChangeRules","PokerPlayerMod:Diamond10+"],"picked":"PokerPlayerMod:Raise+1","floor":27},{"not_picked":["PokerPlayerMod:Fold","PokerPlayerMod:Spade3"],"picked":"PokerPlayerMod:HeartStrike","floor":29},{"not_picked":["PokerPlayerMod:PoorCopy","PokerPlayerMod:Diamond2"],"picked":"PokerPlayerMod:Heart1","floor":30},{"not_picked":["PokerPlayerMod:Diamond1","PokerPlayerMod:Spade3"],"picked":"PokerPlayerMod:SpadeStrike","floor":32},{"not_picked":["PokerPlayerMod:Spade1","PokerPlayerMod:PoorCopy"],"picked":"PokerPlayerMod:DartThrow","floor":33},{"not_picked":["PokerPlayerMod:Spade1","PokerPlayerMod:Diamond3"],"picked":"PokerPlayerMod:Harden","floor":34},{"not_picked":["PokerPlayerMod:Diamond7","PokerPlayerMod:ItsShowtime"],"picked":"PokerPlayerMod:ChangeRules","floor":35},{"not_picked":["PokerPlayerMod:Diamond2","PokerPlayerMod:Diamond1"],"picked":"PokerPlayerMod:ClubStrike","floor":37},{"not_picked":["PokerPlayerMod:Heart6","PokerPlayerMod:CloakAndDiamond+1"],"picked":"PokerPlayerMod:DartThrow+1","floor":38},{"not_picked":["PokerPlayerMod:SecondChance","PokerPlayerMod:Trickery+1"],"picked":"PokerPlayerMod:Harden","floor":39},{"not_picked":["PokerPlayerMod:Spade2","PokerPlayerMod:Diamond3"],"picked":"PokerPlayerMod:ItsShowtime","floor":40},{"not_picked":["PokerPlayerMod:Trickery+1","PokerPlayerMod:Club2"],"picked":"PokerPlayerMod:RiskyBet","floor":41}],"player_experience":64848,"relics_obtained":[{"floor":7,"key":"MawBank"},{"floor":9,"key":"Happy Flower"},{"floor":12,"key":"Dream Catcher"},{"floor":25,"key":"Golden Egg"},{"floor":27,"key":"infinitespire:PuzzleCube"},{"floor":28,"key":"Pear"},{"floor":30,"key":"infinitespire:Golems Mask"}],"event_choices":[{"damage_healed":0,"gold_gain":0,"player_choice":"Inject Mutagens","damage_taken":0,"relics_obtained":["MutagenicStrength"],"max_hp_gain":0,"max_hp_loss":0,"event_name":"Drug Dealer","floor":19,"gold_loss":0},{"damage_healed":0,"gold_gain":0,"player_choice":"Ignored","damage_taken":0,"max_hp_gain":0,"max_hp_loss":0,"event_name":"Ghosts","floor":31,"gold_loss":0}],"is_beta":false,"boss_relics":[{"not_picked":["SacredBark","Replay:Drink Me"],"picked":"PokerPlayerMod:AceCard"},{"not_picked":["Fusion Hammer","Painkiller Herb","ChewingGum"]}],"items_purged_floors":[],"is_endless":false,"potions_floor_spawned":[3,4,7,12,27,29,30,32,33,35,38,40,41],"killed_by":"Nemesis","ascension_level":0}}