{"host":"d9m9v0h6vo0edadb","time":1609833875,"event":{"mods":["BaseMod","Hermit","Keyboard Shortcuts","Minty Spire (QoL Compilation)","StSLib","SuperFastMode","The Cursed"],"gold_per_floor":[216,228,153,166,166,166,180,215,239,258,270,270,299,171,171,256,256,279,259,98,118,130,130,130,163,163,190,190,190],"floor_reached":28,"playtime":596,"items_purged":["Strike_G","Strike_G","Strike_G"],"score":620,"play_id":"ed8c5c46-3542-416b-a647-19dfc7c38289","local_time":"20210105170435","is_ascension_mode":true,"campfire_choices":[{"data":"Blade Dance","floor":6.0,"key":"SMITH"},{"floor":15.0,"key":"REST"},{"data":"After Image","floor":23.0,"key":"SMITH"}],"circlet_count":0,"master_deck":["AscendersBane","Strike_G","Defend_G","Defend_G","Defend_G","Defend_G","Defend_G","Survivor","Neutralize","Blade Dance","Blade Dance+1","PiercingWail","Accuracy","Backflip","Venomology","Footwork","After Image+1","Cloak And Dagger","Accuracy"],"relics":["Ring of the Snake","Juzu Bracelet","CeramicFish","HoveringKite","Omamori","Tingsha","Lantern"],"acts_visited":["Exordium","TheCity"],"potions_floor_usage":[],"damage_taken":[{"damage":7.0,"enemies":"Jaw Worm","floor":1.0,"turns":8.0},{"damage":0.0,"enemies":"2 Louse","floor":2.0,"turns":3.0},{"damage":1.0,"enemies":"Cultist","floor":4.0,"turns":4.0},{"damage":7.0,"enemies":"2 Fungi Beasts","floor":7.0,"turns":6.0},{"damage":17.0,"enemies":"3 Sentries","floor":8.0,"turns":7.0},{"damage":0.0,"enemies":"Gremlin Gang","floor":10.0,"turns":4.0},{"damage":3.0,"enemies":"Exordium Wildlife","floor":11.0,"turns":3.0},{"damage":8.0,"enemies":"Exordium Thugs","floor":13.0,"turns":5.0},{"damage":0.0,"enemies":"The Guardian","floor":16.0,"turns":13.0},{"damage":0.0,"enemies":"3 Byrds","floor":18.0,"turns":6.0},{"damage":0.0,"enemies":"Chosen","floor":21.0,"turns":5.0},{"damage":0.0,"enemies":"Centurion and Healer","floor":22.0,"turns":6.0},{"damage":7.0,"enemies":"Gremlin Leader","floor":25.0,"turns":8.0},{"damage":35.0,"enemies":"Slavers","floor":27.0,"turns":9.0},{"damage":15,"enemies":"Snake Plant","floor":28,"turns":4}],"seed_played":"8143052226879501969","potions_obtained":[{"floor":1.0,"key":"Block Potion"},{"floor":2.0,"key":"Swift Potion"},{"floor":11.0,"key":"ColorlessPotion"},{"floor":13.0,"key":"BlessingOfTheForge"},{"floor":16.0,"key":"SkillPotion"},{"floor":22.0,"key":"LiquidMemories"}],"is_trial":false,"path_per_floor":["M","M","$","M","?","R","M","E","T","M","M","?","M","$","R","B",null,"M","?","$","M","M","R","$","E","T","E","M"],"character_chosen":"THE_SILENT","items_purchased":["Footwork","Accuracy"],"campfire_rested":1,"item_purchase_floors":[14,20],"current_hp_per_floor":[52,52,52,51,44,44,37,20,20,20,17,17,9,9,28,28,57,57,57,57,57,57,57,57,50,50,15,0,0],"gold":190,"neow_bonus":"HUNDRED_GOLD","is_daily":false,"chose_seed":false,"campfire_upgraded":2,"win_rate":0.0,"timestamp":1609833875,"path_taken":["M","M","$","M","?","R","M","E","T","M","M","?","M","$","R","BOSS","M","?","$","M","M","R","?","E","T","E","M"],"items_purchased_type":["Card","Card"],"build_version":"2020-12-22","purchased_purges":3,"victory":false,"max_hp_per_floor":[66,66,66,66,66,66,66,66,66,66,66,66,66,66,66,66,66,66,66,66,66,66,66,66,66,66,66,66,66],"card_choices":[{"not_picked":["All Out Attack","Bouncing Flask"],"picked":"Blade Dance","floor":1.0},{"not_picked":["Masterful Stab","Deflect"],"picked":"Blade Dance","floor":2.0},{"not_picked":["Concentrate","Deflect"],"picked":"PiercingWail","floor":4.0},{"not_picked":["Dagger Throw","Quick Slash"],"picked":"Accuracy","floor":7.0},{"not_picked":["Dagger Throw","Outmaneuver"],"picked":"Backflip","floor":8.0},{"not_picked":["Prepared","Quick Slash","Bouncing Flask"],"picked":"SKIP","floor":10.0},{"not_picked":["Crippling Poison","Expertise","Dash"],"picked":"SKIP","floor":11.0},{"not_picked":["Acrobatics","Sucker Punch"],"picked":"Venomology","floor":13.0},{"not_picked":["Adrenaline","Night Terror"],"picked":"After Image","floor":16.0},{"not_picked":["Backflip+1","Dagger Throw"],"picked":"Cloak And Dagger","floor":18.0},{"not_picked":["Sucker Punch","Heel Hook","Backflip"],"picked":"SKIP","floor":21.0},{"not_picked":["Sucker Punch+1","Backflip","Setup"],"picked":"SKIP","floor":22.0},{"not_picked":["Prepared","Sucker Punch","Grand Finale"],"picked":"SKIP","floor":25.0},{"not_picked":["Dodge and Roll+1","Bane","Deflect+1"],"picked":"SKIP","floor":27.0}],"player_experience":952362,"relics_obtained":[{"floor":8.0,"key":"Juzu Bracelet"},{"floor":9.0,"key":"CeramicFish"},{"floor":25.0,"key":"Omamori"},{"floor":26.0,"key":"Tingsha"},{"floor":27.0,"key":"Lantern"}],"event_choices":[{"cards_removed":["Strike_G"],"damage_healed":0.0,"max_hp_gain":0.0,"max_hp_loss":0.0,"gold_gain":0.0,"event_name":"Golden Wing","player_choice":"Card Removal","floor":5.0,"gold_loss":0.0,"damage_taken":7.0},{"damage_healed":0.0,"max_hp_gain":0.0,"max_hp_loss":0.0,"gold_gain":0.0,"event_name":"Scrap Ooze","player_choice":"Fled","floor":12.0,"gold_loss":0.0,"damage_taken":0.0},{"damage_healed":0.0,"max_hp_gain":0.0,"max_hp_loss":0.0,"gold_gain":0.0,"event_name":"The Woman in Blue","player_choice":"Bought 1 Potion","floor":19.0,"gold_loss":0.0,"damage_taken":0.0}],"is_beta":false,"boss_relics":[{"not_picked":["Ectoplasm","Fusion Hammer"],"picked":"HoveringKite"}],"items_purged_floors":[3,14,20],"is_endless":false,"potions_floor_spawned":[1,2,11,13,16,22],"killed_by":"Snake Plant","ascension_level":20}}