{"host":"a5lz0e76zb3fcwkm","time":1609832742,"event":{"mods":["AchievementEnabler","BaseMod","Colored Map","Colored Powertips","Minty Spire (QoL Compilation)","StSLib","SuperFastMode"],"gold_per_floor":[111,130,130,149,161,161,188,206,255,272,272,292,292,321,321,398,398,418,418,418,343,243,272,272,283,283,158,178,178,204,218,218,218,218],"floor_reached":33,"playtime":693,"items_purged":["Strike_R","Strike_R","Strike_R"],"score":574,"play_id":"d4162d3e-1885-49ad-ba9b-8046141b8f48","local_time":"20210105164542","is_ascension_mode":true,"campfire_choices":[{"data":"Shockwave","floor":6,"key":"SMITH"},{"data":"Sword Boomerang","floor":11,"key":"SMITH"},{"data":"Cleave","floor":13,"key":"SMITH"},{"data":"Spot Weakness","floor":15,"key":"SMITH"},{"floor":24,"key":"REST"},{"floor":29,"key":"REST"},{"data":"Heavy Blade","floor":32,"key":"SMITH"}],"circlet_count":0,"master_deck":["AscendersBane","Strike_R","Strike_R","Defend_R","Defend_R","Defend_R","Defend_R","Bash","Spot Weakness+1","Thunderclap","Heavy Blade+1","Sword Boomerang+1","Shockwave+1","Flex","Fiend Fire","Cleave+1","Impervious","Disarm"],"relics":["Burning Blood","Magic Flower","Kunai","Omamori","Odd Mushroom","Sozu","Boot","Eternal Feather","Meat on the Bone"],"acts_visited":["TheCity"],"potions_floor_usage":[14,16],"damage_taken":[{"damage":10.0,"enemies":"Small Slimes","floor":1.0,"turns":4.0},{"damage":7.0,"enemies":"Jaw Worm","floor":2.0,"turns":4.0},{"damage":1.0,"enemies":"Cultist","floor":4.0,"turns":3.0},{"damage":16,"enemies":"Blue Slaver","floor":5,"turns":4},{"damage":22,"enemies":"Lagavulin","floor":7,"turns":7},{"damage":8,"enemies":"2 Fungi Beasts","floor":8,"turns":3},{"damage":14,"enemies":"3 Louse","floor":10,"turns":3},{"damage":16,"enemies":"Exordium Wildlife","floor":12,"turns":3},{"damage":0,"enemies":"The Mushroom Lair","floor":14,"turns":2},{"damage":5,"enemies":"Slime Boss","floor":16,"turns":7},{"damage":16,"enemies":"3 Byrds","floor":18,"turns":5},{"damage":57,"enemies":"Slavers","floor":23,"turns":6},{"damage":17,"enemies":"Chosen","floor":25,"turns":4},{"damage":23,"enemies":"Shelled Parasite and Fungi","floor":28,"turns":5},{"damage":27,"enemies":"Book of Stabbing","floor":30,"turns":5},{"damage":16,"enemies":"3 Cultists","floor":31,"turns":4},{"damage":48,"enemies":"Champ","floor":33,"turns":6}],"seed_played":"6268144681889638542","potions_obtained":[{"floor":1.0,"key":"Strength Potion"},{"floor":4.0,"key":"LiquidBronze"},{"floor":7,"key":"LiquidMemories"},{"floor":16,"key":"ElixirPotion"}],"is_trial":false,"path_per_floor":["M","M","?","M","M","R","E","M","T","M","R","M","R","?","R","B",null,"M","?","?","$","$","E","R","M","T","$","M","R","E","M","R","B"],"character_chosen":"IRONCLAD","items_purchased":[],"campfire_rested":2,"item_purchase_floors":[],"current_hp_per_floor":[64,63,52,60,53,53,40,41,41,36,36,29,29,38,38,42,67,60,60,60,60,60,12,34,26,26,26,12,43,25,36,45,0,0],"gold":218,"neow_bonus":"THREE_CARDS","is_daily":false,"chose_seed":false,"campfire_upgraded":5,"win_rate":0.0,"timestamp":1609832742,"path_taken":["M","M","?","M","M","R","E","M","T","M","R","M","R","?","R","BOSS","M","?","?","?","$","E","R","M","T","$","M","R","E","M","R","BOSS"],"items_purchased_type":[],"build_version":"2020-12-22","purchased_purges":3,"victory":false,"max_hp_per_floor":[75,75,75,75,75,75,75,75,75,75,75,75,75,75,75,75,75,75,75,75,75,75,75,75,75,75,75,75,75,75,75,75,75,75],"card_choices":[{"not_picked":["Perfected Strike","Havoc"],"picked":"Spot Weakness","floor":0.0},{"not_picked":["Rupture","Clash"],"picked":"Thunderclap","floor":1.0},{"not_picked":["Havoc","Anger"],"picked":"Heavy Blade","floor":2.0},{"not_picked":["True Grit","Heavy Blade"],"picked":"Sword Boomerang","floor":4.0},{"not_picked":["Cleave","Iron Wave"],"picked":"Shockwave","floor":5},{"not_picked":["Heavy Blade","Iron Wave"],"picked":"Flex","floor":7},{"not_picked":["Twin Strike","Thunderclap"],"picked":"Fiend Fire","floor":8},{"not_picked":["Wild Strike","Clash"],"picked":"Cleave","floor":10},{"not_picked":["Hemokinesis","Thunderclap","Sword Boomerang"],"picked":"SKIP","floor":12},{"not_picked":["Corruption","Feed"],"picked":"Impervious","floor":16},{"not_picked":["Heavy Blade","Searing Blow","Twin Strike"],"picked":"SKIP","floor":18},{"not_picked":["Sever Soul","Headbutt","Wild Strike"],"picked":"SKIP","floor":23},{"not_picked":["Uppercut","Infernal Blade","Headbutt"],"picked":"SKIP","floor":25},{"not_picked":["Perfected Strike","Flex","Dark Embrace"],"picked":"SKIP","floor":28},{"not_picked":["Clothesline","Body Slam","Flame Barrier"],"picked":"SKIP","floor":30},{"not_picked":["Exhume","Fire Breathing","Armaments"],"picked":"SKIP","floor":31}],"player_experience":1670725,"relics_obtained":[{"floor":7,"key":"Kunai"},{"floor":9,"key":"Omamori"},{"floor":14,"key":"Odd Mushroom"},{"floor":23,"key":"Boot"},{"floor":26,"key":"Eternal Feather"},{"floor":30,"key":"Meat on the Bone"}],"event_choices":[{"damage_healed":0.0,"max_hp_gain":0.0,"max_hp_loss":0.0,"gold_gain":0.0,"event_name":"Scrap Ooze","player_choice":"Success","floor":3.0,"gold_loss":0.0,"damage_taken":11.0,"relics_obtained":["Magic Flower"]},{"damage_healed":0,"gold_gain":0,"player_choice":"Fought Mushrooms","damage_taken":0,"max_hp_gain":0,"max_hp_loss":0,"event_name":"Mushrooms","floor":14,"gold_loss":0},{"damage_healed":0,"gold_gain":0,"player_choice":"Ignored","damage_taken":0,"max_hp_gain":0,"max_hp_loss":0,"event_name":"Ghosts","floor":19,"gold_loss":0},{"damage_healed":0,"gold_gain":0,"player_choice":"Read","damage_taken":0,"max_hp_gain":0,"max_hp_loss":0,"event_name":"The Library","floor":20,"gold_loss":0,"cards_obtained":["Disarm"]}],"is_beta":false,"boss_relics":[{"not_picked":["Runic Cube","Black Star"],"picked":"Sozu"}],"items_purged_floors":[21,22,27],"is_endless":false,"potions_floor_spawned":[1,4,7,10,16,28,30,31],"killed_by":"Champ","ascension_level":20}}