{"host":"1hv1kueuvc4r3rdp","time":1609867965,"event":{"mods":["AchievementEnabler","BaseMod","DeckTracker","Highlight Path","Minty Spire (QoL Compilation)","Permanent Neow","StSLib"],"gold_per_floor":[109,125,138,149,1,35,35,60,60,60,60,78,52,70,70,171,171,187,87,104,118,131,131,230,246,246,281,281,298,298,298],"floor_reached":30,"playtime":2870,"items_purged":["Writhe","All For One+1"],"score":370,"play_id":"0a3e25a1-b542-4b94-96a5-7d08d85f5053","local_time":"20210105113245","is_ascension_mode":true,"campfire_choices":[{"data":"Zap","floor":7,"key":"SMITH"},{"floor":10,"key":"REST"},{"floor":15,"key":"REST"},{"floor":23,"key":"REST"},{"floor":28,"key":"REST"}],"circlet_count":0,"master_deck":["Strike_B","Strike_B","Defend_B","Defend_B","Defend_B","Zap+1","Dualcast","Buffer","Chill","Melter","Compile Driver","Glacier","Loop","Defragment","Leap","Genetic Algorithm","Biased Cognition","Electrodynamics+1","Multi-Cast+1","Turbo","Capacitor+1"],"relics":["Cracked Core","Question Card","Bag of Preparation","Bronze Scales","Astrolabe","HornCleat","Ornamental Fan"],"acts_visited":["Exordium","TheCity"],"potions_floor_usage":[30],"damage_taken":[{"damage":0,"enemies":"2 Louse","floor":1,"turns":4},{"damage":2,"enemies":"Jaw Worm","floor":2,"turns":3},{"damage":0,"enemies":"Small Slimes","floor":3,"turns":3},{"damage":3,"enemies":"Blue Slaver","floor":4,"turns":5},{"damage":24,"enemies":"Gremlin Nob","floor":6,"turns":6},{"damage":23,"enemies":"Lagavulin","floor":8,"turns":9},{"damage":0,"enemies":"2 Fungi Beasts","floor":12,"turns":4},{"damage":20,"enemies":"Exordium Thugs","floor":14,"turns":5},{"damage":23,"enemies":"The Guardian","floor":16,"turns":12},{"damage":0,"enemies":"3 Byrds","floor":18,"turns":3},{"damage":0,"enemies":"Chosen","floor":20,"turns":4},{"damage":16,"enemies":"Snake Plant","floor":21,"turns":3},{"damage":30,"enemies":"Shelled Parasite and Fungi","floor":22,"turns":5},{"damage":0,"enemies":"Cultist and Chosen","floor":25,"turns":5},{"damage":18,"enemies":"Book of Stabbing","floor":27,"turns":5},{"damage":6,"enemies":"Snake Plant","floor":29,"turns":3},{"damage":36,"enemies":"Gremlin Leader","floor":30,"turns":6}],"seed_played":"-2128369133718724292","potions_obtained":[{"floor":1,"key":"PowerPotion"},{"floor":2,"key":"EssenceOfSteel"},{"floor":8,"key":"PotionOfCapacity"}],"is_trial":false,"path_per_floor":["M","M","M","M","$","E","R","E","T","R","?","M","$","M","R","B",null,"M","$","M","M","M","R","?","M","T","E","R","M","E"],"character_chosen":"DEFECT","items_purchased":["Glacier","Leap"],"campfire_rested":4,"item_purchase_floors":[5,13],"current_hp_per_floor":[68,66,66,63,63,39,39,16,16,38,38,38,38,18,40,17,61,61,61,61,45,15,37,37,37,37,19,41,35,0,0],"gold":298,"neow_bonus":"THREE_RARE_CARDS","is_daily":false,"chose_seed":false,"campfire_upgraded":1,"win_rate":0.0,"timestamp":1609867965,"path_taken":["M","M","M","M","$","E","R","E","T","R","?","M","$","M","R","BOSS","M","$","M","M","M","R","?","M","T","E","R","M","E"],"items_purchased_type":["Card","Card"],"build_version":"2020-12-22","purchased_purges":2,"victory":false,"max_hp_per_floor":[75,75,75,75,75,75,75,75,75,75,75,75,75,75,75,75,75,75,75,75,75,75,75,75,75,75,75,75,75,75,75],"card_choices":[{"not_picked":["Thunder Strike","Fission"],"picked":"Buffer","floor":0},{"not_picked":["Scrape","Barrage"],"picked":"Chill","floor":1},{"not_picked":["Hologram","Consume"],"picked":"Melter","floor":2},{"not_picked":["Redo","Turbo","Rebound"],"picked":"SKIP","floor":3},{"not_picked":["Streamline","Self Repair"],"picked":"Compile Driver","floor":4},{"not_picked":["Scrape","Stack","Fusion"],"picked":"SKIP","floor":6},{"not_picked":["Self Repair","Sunder","Steam Power"],"picked":"Loop","floor":8},{"not_picked":["Leap","Amplify","Double Energy"],"picked":"Defragment","floor":12},{"not_picked":["Redo","Cold Snap","Conserve Battery"],"picked":"Genetic Algorithm","floor":14},{"not_picked":["Meteor Strike","All For One","Rainbow"],"picked":"Biased Cognition","floor":16},{"not_picked":["Sweeping Beam","Compile Driver","Stack+1","Storm"],"picked":"SKIP","floor":18},{"not_picked":["Conserve Battery","Auto Shields","Rebound"],"picked":"Turbo","floor":20},{"not_picked":["BootSequence","Hologram","Sweeping Beam","Redo"],"picked":"SKIP","floor":21},{"not_picked":["Steam","Leap","Redo+1","Force Field+1"],"picked":"SKIP","floor":22},{"not_picked":["Stack","Self Repair","Undo+1"],"picked":"Capacitor+1","floor":25},{"not_picked":["Thunder Strike","Streamline","Leap","Rebound"],"picked":"SKIP","floor":27},{"not_picked":["Beam Cell","Leap","Skim+1","Rebound+1"],"picked":"SKIP","floor":29}],"player_experience":1138869,"relics_obtained":[{"floor":6,"key":"Question Card"},{"floor":8,"key":"Bag of Preparation"},{"floor":9,"key":"Bronze Scales"},{"floor":26,"key":"HornCleat"},{"floor":27,"key":"Ornamental Fan"}],"event_choices":[{"damage_healed":0,"gold_gain":0,"player_choice":"Ignored","damage_taken":0,"max_hp_gain":0,"max_hp_loss":0,"event_name":"Golden Idol","floor":11,"gold_loss":0},{"damage_healed":0,"gold_gain":99,"player_choice":"Stole From Cult","damage_taken":0,"max_hp_gain":0,"max_hp_loss":0,"event_name":"Nest","floor":24,"gold_loss":0}],"is_beta":false,"boss_relics":[{"not_picked":["Snecko Eye","Cursed Key"],"picked":"Astrolabe"}],"items_purged_floors":[5,19],"is_endless":false,"potions_floor_spawned":[1,2,8,20,21,22,29],"killed_by":"Gremlin Leader","ascension_level":8}}