{"host":"q1yq0ibtlljsjzm9","time":1609812873,"event":{"mods":["BaseMod","DeckTracker","Hermit","Minty Spire (QoL Compilation)","StSLib"],"gold_per_floor":[109,1,1,74,3,3,3,36,36,61,13,13,31,50,50,181,181,202,226,226,245,245,245,245,245,295,295,305,305,317,336,336,336,336],"floor_reached":33,"playtime":2234,"items_purged":[],"score":270,"play_id":"e8303bff-794c-4d3b-bc7f-3d91cc57de91","local_time":"20210104181433","is_ascension_mode":false,"campfire_choices":[{"floor":6,"key":"RECALL"},{"data":"Catalyst","floor":12,"key":"SMITH"},{"floor":15,"key":"REST"},{"floor":23,"key":"REST"},{"floor":25,"key":"REST"},{"floor":27,"key":"REST"},{"floor":29,"key":"REST"},{"floor":32,"key":"REST"}],"circlet_count":0,"master_deck":["Strike_G","Strike_G","Strike_G","Strike_G","Defend_G","Defend_G","Defend_G","Defend_G","Defend_G","Survivor","Neutralize","Deadly Poison","Backstab","Distraction","Injury","Blade Dance","Sucker Punch","Infinite Blades","Catalyst+1","Dodge and Roll","Backflip","A Thousand Cuts","Die Die Die","Poisoned Stab","Backflip","Noxious Fumes","Writhe","Outmaneuver","Flying Knee","Catalyst"],"relics":["Ring of the Snake","NeowsBlessing","Bloody Idol","Orichalcum","Gremlin Horn","SlaversCollar","Nunchaku","FaceOfCleric"],"acts_visited":["Exordium","TheCity"],"potions_floor_usage":[18,18,21,28,33],"damage_taken":[{"damage":0,"enemies":"2 Louse","floor":1,"turns":1},{"damage":0,"enemies":"3 Sentries","floor":8,"turns":1},{"damage":0,"enemies":"Jaw Worm","floor":10,"turns":1},{"damage":0,"enemies":"Cultist","floor":13,"turns":4},{"damage":7,"enemies":"Exordium Thugs","floor":14,"turns":5},{"damage":25,"enemies":"Slime Boss","floor":16,"turns":11},{"damage":11,"enemies":"Chosen","floor":18,"turns":6},{"damage":24,"enemies":"2 Thieves","floor":19,"turns":4},{"damage":21,"enemies":"Snake Plant","floor":21,"turns":5},{"damage":39,"enemies":"Shelled Parasite and Fungi","floor":28,"turns":4},{"damage":24,"enemies":"Centurion and Healer","floor":30,"turns":9},{"damage":28,"enemies":"Snecko","floor":31,"turns":6},{"damage":91,"enemies":"Automaton","floor":33,"turns":10}],"seed_played":"-589760659670328518","potions_obtained":[{"floor":8,"key":"EssenceOfSteel"},{"floor":13,"key":"Fire Potion"},{"floor":14,"key":"FearPotion"},{"floor":16,"key":"Weak Potion"},{"floor":18,"key":"FairyPotion"},{"floor":21,"key":"Poison Potion"},{"floor":31,"key":"Regen Potion"}],"is_trial":false,"path_per_floor":["M","$","?","?","$","R","?","E","T","M","$","R","M","M","R","B",null,"M","M","?","M","?","R","?","R","T","R","M","R","M","M","R","B"],"character_chosen":"THE_SILENT","items_purchased":["Backstab","Distraction","Blade Dance","Sucker Punch","Dodge and Roll"],"campfire_rested":6,"item_purchase_floors":[2,2,5,5,11],"current_hp_per_floor":[70,70,70,70,70,70,70,70,70,70,70,70,70,63,70,45,70,59,35,35,19,19,40,40,61,66,70,37,58,40,18,39,0,0],"gold":336,"neow_bonus":"THREE_ENEMY_KILL","is_daily":false,"chose_seed":false,"campfire_upgraded":1,"win_rate":0.0,"timestamp":1609812873,"path_taken":["M","$","?","?","$","R","?","E","T","?","?","R","M","M","R","BOSS","M","M","?","M","?","R","?","R","T","R","?","R","M","M","R","BOSS"],"items_purchased_type":["Card","Card","Card","Card","Card"],"build_version":"2020-12-22","purchased_purges":0,"victory":false,"max_hp_per_floor":[70,70,70,70,70,70,70,70,70,70,70,70,70,70,70,70,70,70,70,70,70,70,70,70,70,70,70,71,71,72,73,73,73,73],"card_choices":[{"not_picked":["Skewer","Flying Knee"],"picked":"Deadly Poison","floor":1},{"not_picked":["Quick Slash","Tools of the Trade"],"picked":"Infinite Blades","floor":8},{"not_picked":["Blade Dance","Terror"],"picked":"Catalyst","floor":10},{"not_picked":["Underhanded Strike","Infinite Blades"],"picked":"Backflip","floor":13},{"not_picked":["Quick Slash","Blade Dance"],"picked":"A Thousand Cuts","floor":14},{"not_picked":["Wraith Form v2","Bullet Time"],"picked":"Die Die Die","floor":16},{"not_picked":["Quick Slash","Deflect"],"picked":"Poisoned Stab","floor":18},{"not_picked":["Deflect","Underhanded Strike"],"picked":"Backflip","floor":19},{"not_picked":["Venomology","Underhanded Strike+1"],"picked":"Noxious Fumes","floor":21},{"not_picked":["Sucker Punch","Prepared"],"picked":"Outmaneuver","floor":28},{"not_picked":["Calculated Gamble+1","Masterful Stab"],"picked":"Flying Knee","floor":30},{"not_picked":["Distraction+1","Bane+1"],"picked":"Catalyst","floor":31}],"player_experience":53582,"relics_obtained":[{"floor":8,"key":"Orichalcum"},{"floor":9,"key":"Gremlin Horn"}],"event_choices":[{"damage_healed":0,"gold_gain":0,"player_choice":"Take Wound","damage_taken":0,"relics_obtained":["Golden Idol"],"max_hp_gain":0,"max_hp_loss":0,"event_name":"Golden Idol","floor":3,"gold_loss":0,"cards_obtained":["Injury"]},{"damage_healed":0,"gold_gain":73,"player_choice":"Gained Gold","damage_taken":0,"max_hp_gain":0,"max_hp_loss":0,"event_name":"Golden Wing","floor":4,"gold_loss":0},{"cards_removed":["Strike_G"],"damage_healed":0,"gold_gain":0,"player_choice":"Purged","damage_taken":0,"max_hp_gain":0,"max_hp_loss":0,"event_name":"Purifier","floor":7,"gold_loss":0},{"damage_healed":0,"gold_gain":0,"player_choice":"Gave Idol","damage_taken":0,"relics_obtained":["Bloody Idol"],"max_hp_gain":0,"max_hp_loss":0,"event_name":"Forgotten Altar","floor":20,"relics_lost":["Golden Idol"],"gold_loss":0},{"damage_healed":0,"gold_gain":0,"player_choice":"Opened","damage_taken":0,"relics_obtained":["Nunchaku"],"max_hp_gain":0,"max_hp_loss":0,"event_name":"The Mausoleum","floor":22,"gold_loss":0,"cards_obtained":["Writhe"]},{"damage_healed":0,"gold_gain":0,"player_choice":"Trade","damage_taken":0,"relics_obtained":["FaceOfCleric"],"max_hp_gain":0,"max_hp_loss":0,"event_name":"FaceTrader","floor":24,"gold_loss":0}],"is_beta":false,"boss_relics":[{"not_picked":["Ectoplasm","Astrolabe"],"picked":"SlaversCollar"}],"items_purged_floors":[],"is_endless":false,"potions_floor_spawned":[8,13,14,16,18,21,31],"killed_by":"Automaton","ascension_level":0}}