{"host":"bpkhhmvsfrvlto2l","time":1609878268,"event":{"mods":["2.2 Compatiblity","Act Like it!","AlwaysNeverKeys","BaseMod","Better Silent Start","Challenge The Spire","Colored Map","Colored Powertips","Custom Start","Downfall","Energized Spire","Friendly Minions","GifTheSpireLib","Halation","Hubris","Infinite Spire","Ironclad Rager","Mimic Mod","Minty Spire (QoL Compilation)","Permanent Neow","Quick Restart","Random Character Button","Relic Sorter","Replay The Spire","Spikes Relics","StSLib","Stuff the Spire","Swap Starting Deck Mod","Trackpad"],"gold_per_floor":[113,129,129,129,129,159,159,159,182,182,197,227,82,94,94,193,193,213,226,242,262,277,277,277,277],"floor_reached":24,"playtime":616,"items_purged":[],"score":297,"play_id":"ce97fb5e-980e-4373-88e8-2f2c9cbcacec","local_time":"20210105152428","is_ascension_mode":true,"campfire_choices":[{"data":"Whirlwind","floor":7,"key":"SMITH"},{"data":"Defend_R","floor":10,"key":"SMITH"},{"data":"Defend_R","floor":15,"key":"SMITH"},{"data":"Limit Break","floor":23,"key":"SMITH"}],"circlet_count":0,"master_deck":["Strike_R","Strike_R","Strike_R","Strike_R","Strike_R","Defend_R","Defend_R+1","Defend_R+1","Defend_R+1","Bash+1","Whirlwind+1","Cleave+1","Limit Break+1","Inflame"],"relics":["Burning Blood","hubris:Icosahedron","Strawberry","Mercury Hourglass","StuffTheSpire:GrapeVine","trackpad:DisasterInABottle","trackpad:DemonHeart"],"acts_visited":["Exordium","TheCity"],"potions_floor_usage":[16,22,22],"damage_taken":[{"damage":12,"enemies":"Small Slimes","floor":1,"turns":5},{"damage":15,"enemies":"Cultist","floor":2,"turns":4},{"damage":45,"enemies":"3 Sentries","floor":6,"turns":6},{"damage":6,"enemies":"Jaw Worm","floor":11,"turns":3},{"damage":0,"enemies":"Replay:BlueRogue","floor":12,"turns":4},{"damage":0,"enemies":"Lots of Slimes","floor":14,"turns":1},{"damage":0,"enemies":"Fading Forest","floor":16,"turns":11},{"damage":28,"enemies":"Shell Parasite","floor":18,"turns":3},{"damage":10,"enemies":"Chosen","floor":19,"turns":3},{"damage":21,"enemies":"Snake Plant","floor":20,"turns":3},{"damage":0,"enemies":"Centurion and Healer","floor":21,"turns":4},{"damage":16,"enemies":"Shelled Parasite and Fungi","floor":22,"turns":5},{"damage":42,"enemies":"Slavers","floor":24,"turns":2}],"seed_played":"-3264569195974996753","potions_obtained":[{"floor":1,"key":"BlessingOfTheForge"},{"floor":11,"key":"Explosive Potion"},{"floor":12,"key":"SkillPotion"},{"floor":20,"key":"champ:CounterPotion"},{"floor":21,"key":"EssenceOfSteel"}],"is_trial":false,"path_per_floor":["M","M","?","$","?","E","R","?","T","R","M","E","$","M","R_BF","B",null,"M","M","M","M","M","R","E"],"character_chosen":"IRONCLAD","items_purchased":["Strawberry"],"campfire_rested":0,"item_purchase_floors":[13],"current_hp_per_floor":[74,65,65,65,65,50,50,50,50,50,50,56,63,69,69,85,87,65,61,46,52,42,42,0,0],"gold":277,"neow_bonus":"UPGRADE_CARD","is_daily":false,"chose_seed":false,"campfire_upgraded":4,"win_rate":0.0,"timestamp":1609878268,"path_taken":["M","M","?","$","?","E","R","?","T","R","M","E","$","M","R_BF","BOSS","M","M","M","M","M","R","E"],"items_purchased_type":["Relic"],"build_version":"2020-12-22","purchased_purges":0,"victory":false,"max_hp_per_floor":[80,80,80,80,80,80,80,80,80,80,80,80,87,87,87,87,87,87,87,87,87,87,87,87,87],"card_choices":[{"not_picked":["StuffTheSpire:Slingshot","StuffTheSpire:RockThrow"],"picked":"Whirlwind","floor":1},{"not_picked":["StuffTheSpire:Resist","Sever Soul","Thunderclap"],"picked":"SKIP","floor":2},{"not_picked":["Flex","StuffTheSpire:Incineration"],"picked":"Cleave","floor":6},{"not_picked":["Brutality","Demon Form"],"picked":"Limit Break","floor":16},{"not_picked":["Limit Break","Rampage"],"picked":"Inflame","floor":20}],"player_experience":29841,"relics_obtained":[{"floor":6,"key":"Mercury Hourglass"},{"floor":9,"key":"StuffTheSpire:GrapeVine"},{"floor":12,"key":"trackpad:DisasterInABottle"}],"event_choices":[{"damage_healed":0,"gold_gain":0,"player_choice":"Upgraded","damage_taken":0,"max_hp_gain":0,"max_hp_loss":0,"event_name":"Upgrade Shrine","floor":8,"gold_loss":0,"cards_upgraded":["Cleave"]}],"is_beta":false,"boss_relics":[{"not_picked":["Ooze Armor","CosmicIsotope"],"picked":"trackpad:DemonHeart"}],"items_purged_floors":[],"is_endless":false,"potions_floor_spawned":[1,11,12,20,21],"killed_by":"Slavers","ascension_level":1}}