{"host":"tzyzz5n7hg2ni9q2","time":1609828501,"event":{"mods":["BaseMod","Minty Spire (QoL Compilation)","Quick Restart"],"gold_per_floor":[197,111,128,128,128,141,141,166,166,189,203,238,238,248,273,273,369,369,382,394,394,394],"floor_reached":20,"playtime":581,"items_purged":[],"score":310,"play_id":"90468b9d-b02c-4bd9-8ab5-88cbc695d65a","local_time":"20210105073501","is_ascension_mode":true,"campfire_choices":[{"data":"Bash","floor":6.0,"key":"SMITH"},{"data":"True Grit","floor":8.0,"key":"SMITH"},{"floor":15.0,"key":"REST"}],"circlet_count":0,"master_deck":["AscendersBane","Strike_R+1","Strike_R","Strike_R+1","Strike_R","Defend_R","Defend_R","Defend_R","Defend_R","Bash+1","Whirlwind+1","Disarm","True Grit+1","Battle Trance","Juggernaut","Berserk","Impervious","Seeing Red"],"relics":["Burning Blood","NeowsBlessing","Art of War","Pen Nib","MealTicket","Whetstone","Dream Catcher","Black Star"],"acts_visited":["Exordium","TheCity"],"potions_floor_usage":[16],"damage_taken":[{"damage":0.0,"enemies":"2 Louse","floor":1.0,"turns":1.0},{"damage":0.0,"enemies":"Jaw Worm","floor":2.0,"turns":1.0},{"damage":0.0,"enemies":"Cultist","floor":5.0,"turns":1.0},{"damage":14.0,"enemies":"3 Sentries","floor":7.0,"turns":4.0},{"damage":16.0,"enemies":"3 Louse","floor":10.0,"turns":3.0},{"damage":31.0,"enemies":"Lagavulin","floor":11.0,"turns":6.0},{"damage":11.0,"enemies":"Exordium Thugs","floor":13.0,"turns":4.0},{"damage":20.0,"enemies":"Gremlin Nob","floor":14.0,"turns":4.0},{"damage":9,"enemies":"Slime Boss","floor":16,"turns":8},{"damage":26,"enemies":"Chosen","floor":18,"turns":8},{"damage":27,"enemies":"Shell Parasite","floor":19,"turns":8},{"damage":30,"enemies":"Snake Plant","floor":20,"turns":5}],"seed_played":"-3791199647184870620","potions_obtained":[{"floor":2.0,"key":"AttackPotion"},{"floor":7.0,"key":"FearPotion"},{"floor":14.0,"key":"FearPotion"},{"floor":16,"key":"Fire Potion"}],"is_trial":false,"path_per_floor":["M","M","?","?","M","R","E","R","T","M","E","?","M","E","R","B",null,"M","M","M"],"character_chosen":"IRONCLAD","items_purchased":[],"campfire_rested":1,"item_purchase_floors":[],"current_hp_per_floor":[32,78,80,77,77,80,80,72,72,72,62,37,37,32,18,42,39,70,50,29,0,0],"gold":394,"neow_bonus":"THREE_ENEMY_KILL","is_daily":false,"chose_seed":false,"campfire_upgraded":2,"win_rate":0.0,"timestamp":1609828501,"path_taken":["M","M","?","?","M","R","E","R","T","?","E","?","M","E","R","BOSS","M","M","M"],"items_purchased_type":[],"build_version":"2020-12-22","purchased_purges":0,"victory":false,"max_hp_per_floor":[80,80,80,80,80,80,80,80,80,80,80,80,80,80,80,80,80,80,80,80,80,80],"card_choices":[{"not_picked":["Flex","Anger","Sever Soul"],"picked":"SKIP","floor":1.0},{"not_picked":["Clothesline","Pommel Strike"],"picked":"Whirlwind","floor":2.0},{"not_picked":["Searing Blow","Anger"],"picked":"Disarm","floor":5.0},{"not_picked":["Warcry","Anger"],"picked":"True Grit","floor":7.0},{"not_picked":["Dark Embrace","Perfected Strike"],"picked":"Battle Trance","floor":10.0},{"not_picked":["Corruption","Fire Breathing"],"picked":"Juggernaut","floor":11.0},{"not_picked":["Pommel Strike","Clothesline","Armaments"],"picked":"SKIP","floor":13.0},{"not_picked":["Warcry","Sentinel"],"picked":"Berserk","floor":14.0},{"not_picked":["Brutality","Immolate"],"picked":"Impervious","floor":16},{"not_picked":["Reckless Charge","Twin Strike","Armaments"],"picked":"SKIP","floor":18},{"not_picked":["Blood for Blood","Flex"],"picked":"Seeing Red","floor":19}],"player_experience":239720,"relics_obtained":[{"floor":7.0,"key":"Pen Nib"},{"floor":9.0,"key":"MealTicket"},{"floor":11.0,"key":"Whetstone"},{"floor":14.0,"key":"Dream Catcher"}],"event_choices":[{"damage_healed":0.0,"max_hp_gain":0.0,"max_hp_loss":0.0,"gold_gain":0.0,"event_name":"Scrap Ooze","player_choice":"Success","floor":3.0,"gold_loss":0.0,"damage_taken":3.0,"relics_obtained":["Art of War"]},{"damage_healed":0.0,"max_hp_gain":0.0,"max_hp_loss":0.0,"gold_gain":0.0,"event_name":"Upgrade Shrine","player_choice":"Upgraded","floor":4.0,"gold_loss":0.0,"damage_taken":0.0,"cards_upgraded":["Whirlwind"]},{"cards_removed":["Strike_R"],"damage_healed":0.0,"max_hp_gain":0.0,"max_hp_loss":0.0,"gold_gain":0.0,"event_name":"Purifier","player_choice":"Purged","floor":12.0,"gold_loss":0.0,"damage_taken":0.0}],"is_beta":false,"boss_relics":[{"not_picked":["Runic Pyramid","Pandora\u0027s Box"],"picked":"Black Star"}],"items_purged_floors":[],"is_endless":false,"potions_floor_spawned":[2,7,14,16],"killed_by":"Snake Plant","ascension_level":12}}