{"host":"709gjpjg43u3i5a8","time":1609837133,"event":{"mods":["Act Like it!","BaseMod","Colored Map","Colored Powertips","Downfall","Duelist Mod","Gensokyo","GifTheSpireLib","Hallownest","Hermit","Hubris","Infinite Spire","Koishi","Marisa????????","Minty Spire (QoL Compilation)","Remilia??????","Shop Mod","StSLib","Td1madao Mod","The Administrix","The Animator","The Bug Knight","The Construct","The Cursed","The Disciple","The Hierophant","The Jungle","The Necromancer","The Poker Player","The Runesmith","The Servant 0.9.4"],"gold_per_floor":[115,115,142,89,89,117,117,147,147,166,200,217,217,235,235,332,332,351,363,421,421,431,463,476,476,476,503,517,546,572,572,572,675,675,694,694,694],"floor_reached":36,"playtime":4082,"items_purged":[],"score":575,"play_id":"c0eef274-f9cf-49d0-ad06-1918d20f1d33","local_time":"20210105015853","is_ascension_mode":true,"campfire_choices":[{"data":"HollowMod:RecoilStrike","floor":7,"key":"SMITH"},{"data":"HollowMod:SoulStrike","floor":13,"key":"SMITH"},{"data":"HollowMod:DreamGate","floor":15,"key":"SMITH"},{"floor":32,"key":"REST"},{"data":"HollowMod:ChannelNail","floor":32,"key":"SMITH"}],"circlet_count":0,"master_deck":["HollowMod:NailStrikeStart","HollowMod:NailStrikeStart+1","HollowMod:NailStrikeStart","HollowMod:NailStrikeStart","HollowMod:QuickDashStart","HollowMod:QuickDashStart","HollowMod:QuickDashStart","HollowMod:QuickDashStart","HollowMod:FocusHealStart","HollowMod:PogoStrike+1","HollowMod:RecoilStrike+1","infinitespire:FutureSight","HollowMod:DreamGate+1","HollowMod:CornifersMapStart","HollowMod:SoulVessel","HollowMod:LifebloodCocoon","HollowMod:BaldurShell","HollowMod:SoulStrike+1","HollowMod:CoiledNail","HollowMod:SlysStrikes+1","CurseOfTheBell","HollowMod:ChannelNail+1","HollowMod:CycloneSlash","HollowMod:MantisMark","Hallownest:curseDreamersLament","HollowMod:MantisMark","HollowMod:SoulVessel","HollowMod:GoodIntentions","HollowMod:PureNailStrike+1","HollowMod:BaldurShell","HollowMod:ChannelNail+1","HollowMod:PureVessel","HollowMod:CornifersMapStart+1"],"relics":["HollowMod:VesselMask","NeowsBlessing","HornCleat","hubris:Towel","infinitespire:PuzzleCube","infinitespire:BottledMercury","Tiny Chest","Whetstone","Calling Bell","HollowMod:PaleOreRelic","infinitespire:Magic Flask","hubris:DisguiseKit","Hallownest:WatcherSealRelic","Regal Pillow","Mango","TungstenRod","Pantograph","Ancient Tea Set","hubris:EvacipatedBox","infinitespire:Lychee Nut","hubris:VirtuousBlindfold"],"acts_visited":["Exordium","Hallownest:Greenpath","Hallownest:CityofTears"],"potions_floor_usage":[8,16,20,23,28,36,36],"damage_taken":[{"damage":0,"enemies":"Hallownest:2_Baldur","floor":1,"turns":1},{"damage":0,"enemies":"Hallownest:eliteMossKnight","floor":3,"turns":1},{"damage":0,"enemies":"Hallownest:eliteVengeflyKing","floor":6,"turns":1},{"damage":33,"enemies":"Hallownest:eliteCrystalGuardian","floor":8,"turns":7},{"damage":5,"enemies":"Hallownest:monsterHuskGuard","floor":10,"turns":4},{"damage":11,"enemies":"Hallownest:eliteVengeflyKing","floor":11,"turns":8},{"damage":0,"enemies":"Hallownest:monsterHuskWarrior","floor":12,"turns":4},{"damage":0,"enemies":"Hallownest:1_Ooma_and_2_Uuma","floor":14,"turns":6},{"damage":27,"enemies":"Hallownest:BossHornet","floor":16,"turns":11},{"damage":29,"enemies":"Hallownest:Guard_and_Sentry","floor":18,"turns":7},{"damage":8,"enemies":"Hallownest:2_Mistakes","floor":19,"turns":7},{"damage":11,"enemies":"Hallownest:Glutton_and_Coward","floor":20,"turns":4},{"damage":17,"enemies":"Hallownest:Master_and_Novice","floor":22,"turns":6},{"damage":5,"enemies":"Nightmare","floor":23,"turns":9},{"damage":13,"enemies":"Hallownest:monsterShrumalOgre","floor":24,"turns":7},{"damage":0,"enemies":"Hallownest:eliteSoulWarrior","floor":27,"turns":8},{"damage":18,"enemies":"Hallownest:2_Flukemon","floor":28,"turns":8},{"damage":0,"enemies":"Hallownest:Nosk","floor":29,"turns":8},{"damage":17,"enemies":"Hallownest:BossSoulMaster","floor":33,"turns":13},{"damage":15,"enemies":"Hallownest:Shield_Heavy","floor":35,"turns":6},{"damage":62,"enemies":"Hallownest:3_Siblings","floor":36,"turns":6}],"seed_played":"2680118064465673775","potions_obtained":[{"floor":3,"key":"SkillPotion"},{"floor":6,"key":"sneckomod:MuddlingPotion"},{"floor":11,"key":"Dexterity Potion"},{"floor":14,"key":"hexamod:EctoCoolerPotion"},{"floor":19,"key":"construct:ShiftPotion"},{"floor":24,"key":"Ancient Potion"},{"floor":28,"key":"Dexterity Potion"},{"floor":33,"key":"Strength Potion"}],"is_trial":false,"path_per_floor":["M","?","?","$","?","E","R","E","T","M","E","M","R","M","R","B",null,"M","M","M","?","M","NM","M","?","T","E","M","E","T","$","R","B",null,"M","M"],"character_chosen":"THE_BUGKNIGHT","items_purchased":["HollowMod:CornifersMapStart","hubris:EvacipatedBox","infinitespire:Lychee Nut"],"campfire_rested":1,"item_purchase_floors":[4,31,31],"current_hp_per_floor":[75,56,56,56,56,56,56,33,33,28,29,35,35,45,45,30,75,56,54,43,43,32,37,34,34,48,54,42,52,52,13,47,49,66,54,0,0],"gold":694,"neow_bonus":"THREE_ENEMY_KILL","is_daily":false,"chose_seed":false,"campfire_upgraded":4,"win_rate":0.0,"timestamp":1609837133,"path_taken":["M","?","?","?","?","E","R","E","T","M","E","M","R","M","R","BOSS","M","M","M","?","M","NM","M","?","T","E","?","E","?","?","R","BOSS","M","M"],"items_purchased_type":["Card","Relic","Relic"],"build_version":"2020-12-22","purchased_purges":0,"victory":false,"max_hp_per_floor":[75,75,75,75,75,75,75,75,75,75,75,75,75,75,75,75,75,75,75,75,75,75,75,75,75,89,89,89,89,89,66,66,66,66,66,66,66],"card_choices":[{"not_picked":["HollowMod:NewLittleFool","HollowMod:DreamGate"],"picked":"HollowMod:RecoilStrike","floor":1},{"not_picked":["hubris:Rewind","infinitespire:SealOfDarkness+"],"picked":"infinitespire:FutureSight","floor":2},{"not_picked":["HollowMod:InfectedCysts","HollowMod:DescendingDark"],"picked":"HollowMod:DreamGate","floor":3},{"not_picked":["HollowMod:NewJinnsSoul","HollowMod:DashSlash"],"picked":"HollowMod:SoulVessel","floor":6},{"not_picked":["HollowMod:NewLittleFool","HollowMod:CycloneSlash"],"picked":"HollowMod:LifebloodCocoon","floor":8},{"not_picked":["HollowMod:SoulShaman","HollowMod:CrystalDash"],"picked":"HollowMod:BaldurShell","floor":10},{"not_picked":["HollowMod:LifebloodCore","HollowMod:SiblingsSouls"],"picked":"HollowMod:SoulStrike","floor":11},{"not_picked":["HollowMod:NewLittleFool","HollowMod:WraithStrike","HollowMod:InfectedCysts"],"picked":"SKIP","floor":12},{"not_picked":["HollowMod:HeavyBlow","HollowMod:InfectedCysts"],"picked":"HollowMod:CoiledNail","floor":14},{"not_picked":["HollowMod:PureVessel","HollowMod:MidwifesHunger"],"picked":"HollowMod:SlysStrikes","floor":16},{"not_picked":["HollowMod:NewJinnsSoul","HollowMod:HuntersJournal","Recovery Mechanism"],"picked":"HollowMod:ChannelNail+1","floor":18},{"not_picked":["HollowMod:BlackTendrils+1","HollowMod:ShapeofUnn","Recovery Mechanism"],"picked":"HollowMod:CycloneSlash","floor":19},{"not_picked":["HollowMod:PureNailStrike","HollowMod:SoulStrike+1","Paralysis"],"picked":"HollowMod:MantisMark","floor":20},{"not_picked":["HollowMod:InfectedCysts+1","HollowMod:SharpenedNail+1","Sub Weapons"],"picked":"HollowMod:MantisMark","floor":22},{"not_picked":["HollowMod:CloakDash","HollowMod:WraithStrike+1","Lore"],"picked":"HollowMod:SoulVessel","floor":23},{"not_picked":["HollowMod:VengefulVoid","HollowMod:HeavyBlow","Machining"],"picked":"HollowMod:GoodIntentions","floor":24},{"not_picked":["HollowMod:MawleksShell","HollowMod:VengefulVoid","Rupture"],"picked":"HollowMod:PureNailStrike+1","floor":27},{"not_picked":["HollowMod:ChannelNail","HollowMod:VengefulVoid+1","Afterwards"],"picked":"HollowMod:BaldurShell","floor":28},{"not_picked":["HollowMod:InfectedAttack","HollowMod:HowlingWraiths+1","Three Hit"],"picked":"HollowMod:ChannelNail","floor":29},{"not_picked":["HollowMod:ElderbugsWisdom","HollowMod:Hiveblood","Optimization"],"picked":"HollowMod:PureVessel","floor":33},{"not_picked":["HollowMod:GreatSlash+1","HollowMod:Grubsong+1","Black Spear"],"picked":"HollowMod:CornifersMapStart+1","floor":35}],"player_experience":455395,"relics_obtained":[{"floor":3,"key":"HornCleat"},{"floor":6,"key":"infinitespire:PuzzleCube"},{"floor":8,"key":"infinitespire:BottledMercury"},{"floor":9,"key":"Tiny Chest"},{"floor":11,"key":"Whetstone"},{"floor":17,"key":"HollowMod:PaleOreRelic"},{"floor":17,"key":"infinitespire:Magic Flask"},{"floor":17,"key":"hubris:DisguiseKit"},{"floor":23,"key":"Regal Pillow"},{"floor":26,"key":"Mango"},{"floor":27,"key":"TungstenRod"},{"floor":29,"key":"Pantograph"},{"floor":30,"key":"Ancient Tea Set"}],"event_choices":[],"is_beta":false,"boss_relics":[{"not_picked":["Fusion Hammer","Empty Cage"],"picked":"Calling Bell"},{"not_picked":["Runesmith:UraniumAnvil","hubris:BlackHole","HollowMod:VoidIdolRelic"],"picked":"hubris:VirtuousBlindfold"}],"items_purged_floors":[],"is_endless":true,"potions_floor_spawned":[3,6,11,14,19,24,28,33],"killed_by":"Hallownest:3_Siblings","ascension_level":1}}