{"host":"ig7tc0uedzltt2sr","time":1609823618,"event":{"mods":["BaseMod","Better Twitch Integration","Block Reminder","Colored Map","Colored Powertips","Communication Mod","Current Relic Mod","GifTheSpireLib","HexUI Lib","Minty Spire (QoL Compilation)","Quick Restart","Random Character Button","Rare Cards Sparkle","Relic Sorter","Relic Stats","Slay the Relics Exporter","StSLib","SuperFastMode","Synergy Search","Twitch Decklist","Twitch Utils","everything is the same but u backflip on backflip","slay the spire mod where everything is the same but ironclad has a cowboy hat"],"gold_per_floor":[111,127,139,153,173,173,191,209,209,220,220,220,220],"floor_reached":12,"playtime":96,"items_purged":[],"score":76,"play_id":"7701c1c9-48df-4025-b1fa-f1b244a22291","local_time":"20210104211338","is_ascension_mode":false,"campfire_choices":[{"data":"Bash","floor":6,"key":"SMITH"},{"floor":11,"key":"REST"}],"circlet_count":0,"master_deck":["Strike_R","Strike_R","Strike_R","Strike_R","Strike_R","Defend_R","Defend_R","Defend_R","Defend_R","Bash+1","Anger","Dual Wield","Inflame","Demon Form","Sword Boomerang","Clothesline","Hemokinesis","Thunderclap"],"relics":["Burning Blood","NeowsBlessing","Sundial"],"acts_visited":["Exordium"],"potions_floor_usage":[],"damage_taken":[{"damage":0,"enemies":"Cultist","floor":1,"turns":1},{"damage":0,"enemies":"Jaw Worm","floor":2,"turns":1},{"damage":0,"enemies":"2 Louse","floor":3,"turns":2},{"damage":37,"enemies":"Exordium Thugs","floor":4,"turns":8},{"damage":11,"enemies":"3 Louse","floor":5,"turns":7},{"damage":15,"enemies":"Looter","floor":7,"turns":4},{"damage":14,"enemies":"Blue Slaver","floor":8,"turns":4},{"damage":4,"enemies":"Exordium Wildlife","floor":10,"turns":4},{"damage":60,"enemies":"3 Sentries","floor":12,"turns":7}],"seed_played":"6554472445759306829","potions_obtained":[{"floor":1,"key":"LiquidMemories"},{"floor":8,"key":"Swift Potion"},{"floor":10,"key":"Energy Potion"}],"is_trial":false,"path_per_floor":["M","M","M","M","M","R","M","M","T","M","R","E"],"character_chosen":"IRONCLAD","items_purchased":[],"campfire_rested":1,"item_purchase_floors":[],"current_hp_per_floor":[80,80,80,49,44,44,35,27,27,29,53,0,0],"gold":220,"neow_bonus":"THREE_ENEMY_KILL","is_daily":false,"chose_seed":false,"campfire_upgraded":1,"win_rate":0.0,"timestamp":1609823618,"path_taken":["M","M","?","M","M","R","M","M","T","M","R","E"],"items_purchased_type":[],"build_version":"2020-12-22","purchased_purges":0,"victory":false,"max_hp_per_floor":[80,80,80,80,80,80,80,80,80,80,80,80,80],"relic_stats":{"counters":[9,38],"Sundial":[0],"obtain_stats":[{"NeowsBlessing":0,"Sundial":9,"Burning Blood":0},{"NeowsBlessing":0,"Sundial":7,"Burning Blood":0},{"NeowsBlessing":0,"Sundial":27,"Burning Blood":0}],"Burning Blood":30},"card_choices":[{"not_picked":["Perfected Strike","Clash"],"picked":"Anger","floor":1},{"not_picked":["Pummel","Dark Embrace"],"picked":"Dual Wield","floor":2},{"not_picked":["Bloodletting","Body Slam"],"picked":"Inflame","floor":3},{"not_picked":["Iron Wave","Battle Trance"],"picked":"Demon Form","floor":4},{"not_picked":["Warcry","True Grit"],"picked":"Sword Boomerang","floor":5},{"not_picked":["Headbutt","Wild Strike"],"picked":"Clothesline","floor":7},{"not_picked":["Spot Weakness","Warcry"],"picked":"Hemokinesis","floor":8},{"not_picked":["Cleave","Havoc"],"picked":"Thunderclap","floor":10}],"player_experience":1424440,"relics_obtained":[{"floor":9,"key":"Sundial"}],"event_choices":[],"is_beta":false,"boss_relics":[],"items_purged_floors":[],"is_endless":false,"potions_floor_spawned":[1,8,10],"killed_by":"3 Sentries","ascension_level":0}}