{"host":"bydnmyvf669xu6ab","time":1609830104,"event":{"mods":["Aspiration","BaseMod","Better Note","BetterRewards","Colored Map","Colored Powertips","Minty Spire (QoL Compilation)","Rare Cards Sparkle","Relic Stats","Shop Mod","StSLib","SuperFastMode","Virulent Crown"],"gold_per_floor":[114,124,200,55,230,230,230,230,230,247,282,295,322,94,94,191,191,205,223,223,234,246,246,258,286,331,366,382,399,410,108,108,203,203,219,219,219,68,84,84,96,96,96,114,114,133,133,145,145,145,145,145,2,2,2],"floor_reached":54,"playtime":3910,"items_purged":["Decay"],"score":952,"play_id":"c2165b0a-0bde-4020-aa7b-0518e2acdfc6","local_time":"20210104230144","is_ascension_mode":true,"campfire_choices":[{"data":"Jack Of All Trades","floor":6,"key":"SMITH"},{"data":"Bash","floor":8,"key":"SMITH"},{"floor":15,"key":"RECALL"},{"data":"Limit Break","floor":23,"key":"SMITH"},{"data":"Flex","floor":32,"key":"SMITH"},{"data":"Berserk","floor":40,"key":"SMITH"},{"data":"Magnetism","floor":42,"key":"SMITH"},{"floor":47,"key":"REST"},{"data":"Rupture","floor":49,"key":"SMITH"},{"data":"Evolve","floor":52,"key":"SMITH"}],"circlet_count":0,"master_deck":["Strike_R","Defend_R","Defend_R","Defend_R","Defend_R","Bash+1","Body Slam+1","Whirlwind+1","Pommel Strike+1","Jack Of All Trades+1","Pommel Strike+1","Heavy Blade+1","Flex+1","Headbutt+1","Exhume","Limit Break+1","CurseOfTheBell","Iron Wave+1","Battle Trance+1","Iron Wave+1","Warcry+1","Iron Wave+1","Feel No Pain+1","Berserk+1","Pommel Strike+1","Entrench+1","Exhume+1","Shrug It Off+1","Magnetism+1","Rupture+1","Warcry+1","Inflame+1","Parasite","Evolve+1","Heavy Blade+1","Limit Break+1"],"relics":["Burning Blood","FossilizedHelix","Molten Egg 2","Toy Ornithopter","Oddly Smooth Stone","aspiration:DSix","MealTicket","Calling Bell","Smiling Mask","Gremlin Horn","Charon\u0027s Ashes","Blood Vial","aspiration:Lifesprig","Regal Pillow","Bag of Preparation","Medical Kit","Astrolabe","Red Skull","Paper Frog","DollysMirror"],"acts_visited":["Exordium","TheCity","TheBeyond","TheEnding"],"potions_floor_usage":[13,24,24,25,33,33,41,50,50],"damage_taken":[{"damage":0,"enemies":"Small Slimes","floor":1,"turns":2},{"damage":0,"enemies":"2 Louse","floor":2,"turns":2},{"damage":0,"enemies":"Cultist","floor":10,"turns":3},{"damage":12,"enemies":"Blue Slaver","floor":11,"turns":2},{"damage":7,"enemies":"Lots of Slimes","floor":12,"turns":3},{"damage":0,"enemies":"Gremlin Nob","floor":13,"turns":3},{"damage":23,"enemies":"Slime Boss","floor":16,"turns":8},{"damage":0,"enemies":"3 Byrds","floor":18,"turns":3},{"damage":35,"enemies":"Shell Parasite","floor":19,"turns":6},{"damage":21,"enemies":"Chosen and Byrds","floor":21,"turns":5},{"damage":16,"enemies":"Sentry and Sphere","floor":22,"turns":4},{"damage":14,"enemies":"Snake Plant","floor":24,"turns":4},{"damage":31,"enemies":"Book of Stabbing","floor":25,"turns":4},{"damage":20,"enemies":"Slavers","floor":27,"turns":3},{"damage":0,"enemies":"Centurion and Healer","floor":28,"turns":5},{"damage":0,"enemies":"Sentry and Sphere","floor":29,"turns":3},{"damage":0,"enemies":"Cultist and Chosen","floor":30,"turns":4},{"damage":36,"enemies":"Automaton","floor":33,"turns":9},{"damage":0,"enemies":"Orb Walker","floor":35,"turns":3},{"damage":8,"enemies":"3 Darklings","floor":39,"turns":3},{"damage":45,"enemies":"4 Shapes","floor":41,"turns":3},{"damage":6,"enemies":"Maw","floor":44,"turns":7},{"damage":20,"enemies":"Writhing Mass","floor":46,"turns":3},{"damage":16,"enemies":"3 Darklings","floor":48,"turns":3},{"damage":92,"enemies":"Awakened One","floor":50,"turns":12},{"damage":83,"enemies":"Shield and Spear","floor":54,"turns":5}],"seed_played":"633295003155643284","potions_obtained":[{"floor":2,"key":"Regen Potion"},{"floor":11,"key":"FearPotion"},{"floor":16,"key":"BloodPotion"},{"floor":18,"key":"Strength Potion"},{"floor":27,"key":"AttackPotion"},{"floor":29,"key":"Swift Potion"},{"floor":33,"key":"Dexterity Potion"},{"floor":35,"key":"HeartOfIron"},{"floor":39,"key":"FairyPotion"},{"floor":41,"key":"GamblersBrew"}],"is_trial":false,"path_per_floor":["M","M","?","$","?","R","?","R","T","M","M","M","E","$","R","B",null,"M","M","?","M","M","R","M","E","T","E","M","M","M","$","R","B",null,"M","?","?","$","M","R","M","R","T","M","?","M","R","M","R","B",null,"R","$","E"],"character_chosen":"IRONCLAD","items_purchased":["FossilizedHelix","Molten Egg 2","Body Slam+1","Toy Ornithopter","Whirlwind+1","Pommel Strike+1","Jack Of All Trades","Oddly Smooth Stone","MealTicket","Bag of Preparation","Medical Kit","Red Skull","DollysMirror"],"campfire_rested":1,"item_purchase_floors":[0,0,0,0,0,0,0,4,14,31,31,38,53],"current_hp_per_floor":[48,54,54,54,54,54,54,54,54,60,54,53,64,64,64,47,80,80,51,51,36,26,26,53,33,33,21,29,37,45,60,60,42,80,80,80,80,80,78,78,46,46,46,48,48,36,75,67,67,27,80,80,80,0,0],"gold":2,"neow_bonus":"","is_daily":false,"chose_seed":false,"campfire_upgraded":8,"win_rate":0.0,"timestamp":1609830104,"path_taken":["M","M","?","$","?","R","?","R","T","M","M","M","E","$","R","BOSS","M","M","?","M","M","R","M","E","T","E","M","M","?","$","R","BOSS","M","?","?","?","M","R","M","R","T","M","?","?","R","M","R","BOSS","R","$","E"],"items_purchased_type":["Relic","Relic","Card","Relic","Card","Card","Card","Relic","Relic","Relic","Relic","Relic","Relic"],"build_version":"2020-12-22","purchased_purges":1,"victory":false,"max_hp_per_floor":[80,80,80,80,80,80,80,80,80,80,80,80,80,80,80,80,80,80,80,80,80,80,80,80,80,80,80,80,80,80,80,80,80,80,80,80,80,80,80,80,80,80,80,80,80,80,80,80,80,80,80,80,80,80,80],"relic_stats":{"Regal Pillow":15,"Gremlin Horn":[17,19],"counters":[105,520],"Astrolabe":["Pommel Strike","Entrench","Exhume"],"Charon\u0027s Ashes":[465],"Bag of Preparation":[18],"Smiling Mask":0,"Medical Kit":[1],"Burning Blood":546,"Blood Vial":20,"MealTicket":15,"obtain_stats":[{"Ice Cream":19,"Calipers":12,"Gremlin Horn":17,"Vajra":42,"Whetstone":43,"Blood Vial":25,"Centennial Puzzle":41,"Sundial":24,"DollysMirror":0,"Strawberry":10,"Philosopher\u0027s Stone":17,"MealTicket":14,"Kunai":0,"Toxic Egg 2":3,"aspiration:DSix":13,"Astrolabe":17,"Dead Branch":42,"Oddly Smooth Stone":25,"Pen Nib":42,"Charon\u0027s Ashes":17,"aspiration:HiddenCompartment":21,"Shuriken":31,"Bronze Scales":19,"Molten Egg 2":26,"Mark of Pain":34,"aspiration:Lifesprig":54,"Regal Pillow":27,"Torii":46,"SacredBark":17,"Juzu Bracelet":22,"Bag of Preparation":31,"Ancient Tea Set":7,"Cursed Key":34,"Smiling Mask":23,"PrismaticShard":22,"Burning Blood":0,"aspiration:StickyExplosives_weak":27,"ClockworkSouvenir":30,"Matryoshka":0,"aspiration:DefectSkillbook":17,"aspiration:AnachronicSnailShell":23,"Red Skull":38,"aspiration:ChemicalBlood":9,"Paper Frog":43,"Potion Belt":0,"Self Forming Clay":25,"The Courier":9,"Frozen Egg 2":26,"Medical Kit":31,"Calling Bell":17,"Anchor":9,"CaptainsWheel":54,"Art of War":26,"Membership Card":19,"FossilizedHelix":0,"Toy Ornithopter":0},{"Ice Cream":23,"Calipers":45,"Gremlin Horn":86,"Vajra":33,"Whetstone":33,"Blood Vial":92,"Centennial Puzzle":33,"Sundial":25,"DollysMirror":39,"Strawberry":20,"Philosopher\u0027s Stone":22,"MealTicket":85,"Kunai":39,"Toxic Egg 2":41,"aspiration:DSix":85,"Astrolabe":7,"Dead Branch":33,"Oddly Smooth Stone":11,"Pen Nib":73,"Charon\u0027s Ashes":86,"aspiration:HiddenCompartment":63,"Shuriken":27,"Bronze Scales":23,"Molten Egg 2":11,"Mark of Pain":67,"aspiration:Lifesprig":78,"Regal Pillow":93,"Torii":74,"SacredBark":47,"Juzu Bracelet":9,"Bag of Preparation":96,"Ancient Tea Set":3,"Cursed Key":28,"Smiling Mask":53,"PrismaticShard":63,"Burning Blood":0,"aspiration:StickyExplosives_weak":64,"ClockworkSouvenir":66,"Matryoshka":56,"aspiration:DefectSkillbook":62,"aspiration:AnachronicSnailShell":10,"Red Skull":98,"aspiration:ChemicalBlood":43,"Paper Frog":100,"Potion Belt":15,"Self Forming Clay":54,"The Courier":59,"Frozen Egg 2":63,"Medical Kit":96,"Calling Bell":86,"Anchor":20,"CaptainsWheel":38,"Art of War":63,"Membership Card":23,"FossilizedHelix":79,"Toy Ornithopter":79},{"Ice Cream":101,"Calipers":229,"Gremlin Horn":431,"Vajra":157,"Whetstone":157,"Blood Vial":457,"Centennial Puzzle":157,"Sundial":109,"DollysMirror":198,"Strawberry":78,"Philosopher\u0027s Stone":94,"MealTicket":423,"Kunai":198,"Toxic Egg 2":205,"aspiration:DSix":423,"Astrolabe":24,"Dead Branch":157,"Oddly Smooth Stone":43,"Pen Nib":382,"Charon\u0027s Ashes":431,"aspiration:HiddenCompartment":334,"Shuriken":117,"Bronze Scales":101,"Molten Egg 2":43,"Mark of Pain":358,"aspiration:Lifesprig":406,"Regal Pillow":460,"Torii":385,"SacredBark":239,"Juzu Bracelet":31,"Bag of Preparation":472,"Ancient Tea Set":11,"Cursed Key":129,"Smiling Mask":280,"PrismaticShard":334,"Burning Blood":0,"aspiration:StickyExplosives_weak":340,"ClockworkSouvenir":350,"Matryoshka":307,"aspiration:DefectSkillbook":330,"aspiration:AnachronicSnailShell":38,"Red Skull":484,"aspiration:ChemicalBlood":212,"Paper Frog":490,"Potion Belt":64,"Self Forming Clay":287,"The Courier":319,"Frozen Egg 2":334,"Medical Kit":472,"Calling Bell":431,"Anchor":78,"CaptainsWheel":189,"Art of War":334,"Membership Card":101,"FossilizedHelix":408,"Toy Ornithopter":408}],"Toy Ornithopter":45},"card_choices":[{"not_picked":["Clash+1","Anger+1"],"picked":"Pommel Strike+1","floor":1},{"not_picked":["Wild Strike+1","Hemokinesis+1"],"picked":"Heavy Blade+1","floor":2},{"not_picked":["Cleave+1","Thunderclap+1"],"picked":"Flex","floor":10},{"not_picked":["Havoc","Seeing Red","Heavy Blade+1"],"picked":"SKIP","floor":11},{"not_picked":["Pommel Strike+1","Clothesline+1"],"picked":"Headbutt+1","floor":12},{"not_picked":["Dark Embrace","Uppercut+1"],"picked":"Exhume","floor":13},{"not_picked":["Bludgeon+1","Juggernaut"],"picked":"Limit Break","floor":16},{"not_picked":["Warcry","Sword Boomerang+1","Shrug It Off"],"picked":"SKIP","floor":18},{"not_picked":["Combust","Clash+1"],"picked":"Iron Wave+1","floor":19},{"not_picked":["Clash+1","Burning Pact"],"picked":"Battle Trance+1","floor":21},{"not_picked":["Sword Boomerang+1","Thunderclap+1","Warcry"],"picked":"SKIP","floor":22},{"not_picked":["Hemokinesis+1","Intimidate"],"picked":"Iron Wave+1","floor":24},{"not_picked":["Hemokinesis+1","Dark Embrace"],"picked":"Warcry+1","floor":25},{"not_picked":["Dark Embrace","Immolate+1"],"picked":"Iron Wave+1","floor":27},{"not_picked":["Sentinel","Carnage+1","Cleave+1"],"picked":"SKIP","floor":28},{"not_picked":["Disarm","Pommel Strike+1","Thunderclap+1"],"picked":"SKIP","floor":29},{"not_picked":["Dark Embrace+1","Twin Strike+1"],"picked":"Feel No Pain+1","floor":30},{"not_picked":["Juggernaut","Reaper+1"],"picked":"Berserk","floor":33},{"not_picked":["Pommel Strike+1","Cleave+1"],"picked":"Shrug It Off+1","floor":35},{"not_picked":["Deep Breath","Swift Strike+1"],"picked":"Magnetism","floor":36},{"not_picked":["Thunderclap+1","Perfected Strike+1"],"picked":"Rupture","floor":39},{"not_picked":["Anger+1","Shrug It Off"],"picked":"Warcry+1","floor":41},{"not_picked":["Clash+1","Pummel+1"],"picked":"Inflame+1","floor":44},{"not_picked":["Dark Embrace","Shrug It Off"],"picked":"Evolve","floor":46},{"not_picked":["Combust+1","Fiend Fire+1"],"picked":"Heavy Blade+1","floor":48}],"player_experience":2145353,"relics_obtained":[{"floor":13,"key":"aspiration:DSix"},{"floor":17,"key":"Smiling Mask"},{"floor":17,"key":"Gremlin Horn"},{"floor":17,"key":"Charon\u0027s Ashes"},{"floor":25,"key":"Blood Vial"},{"floor":26,"key":"aspiration:Lifesprig"},{"floor":27,"key":"Regal Pillow"},{"floor":43,"key":"Paper Frog"}],"event_choices":[{"damage_healed":0,"gold_gain":76,"player_choice":"Gained Gold","damage_taken":0,"max_hp_gain":0,"max_hp_loss":0,"event_name":"Golden Wing","floor":3,"gold_loss":0},{"damage_healed":0,"gold_gain":175,"player_choice":"AGREE","damage_taken":0,"max_hp_gain":0,"max_hp_loss":0,"event_name":"Liars Game","floor":5,"gold_loss":0,"cards_obtained":["Doubt"]},{"damage_healed":0,"gold_gain":0,"cards_transformed":["Doubt"],"player_choice":"Transformed","damage_taken":0,"max_hp_gain":0,"max_hp_loss":0,"event_name":"Transmorgrifier","floor":7,"gold_loss":0,"cards_obtained":["Decay"]},{"cards_removed":["Strike_R"],"damage_healed":0,"gold_gain":0,"player_choice":"Purged","damage_taken":0,"max_hp_gain":0,"max_hp_loss":0,"event_name":"Purifier","floor":20,"gold_loss":0},{"damage_healed":0,"gold_gain":0,"player_choice":"Memory 1","damage_taken":0,"max_hp_gain":0,"max_hp_loss":0,"event_name":"SensoryStone","floor":36,"gold_loss":0},{"damage_healed":0,"gold_gain":0,"player_choice":"Ignored","damage_taken":0,"max_hp_gain":0,"max_hp_loss":0,"event_name":"Tomb of Lord Red Mask","floor":37,"gold_loss":0},{"damage_healed":0,"gold_gain":0,"player_choice":"Ignored","damage_taken":0,"max_hp_gain":0,"max_hp_loss":0,"event_name":"Mysterious Sphere","floor":45,"gold_loss":0}],"is_beta":false,"boss_relics":[{"not_picked":["aspiration:RunicSpoon","Black Star"],"picked":"Calling Bell"},{"not_picked":["Empty Cage","Pandora\u0027s Box"],"picked":"Astrolabe"}],"items_purged_floors":[14],"is_endless":false,"potions_floor_spawned":[2,11,16,18,21,27,29,33,35,39,41],"killed_by":"Shield and Spear","ascension_level":1}}