{"host":"gkp57zoegrd3f2ij","time":1609863592,"event":{"mods":["BaseMod","Colored Map","Colored Powertips","Minty Spire (QoL Compilation)","StSLib"],"gold_per_floor":[110,110,2,2,19,52,52,52,52,52,68,82,82,92,92,189,189,203,9,27,27,38,38,52,68,94,94,112,141,8,25,25,123,123,140,153,153,67,67,67,67,67],"floor_reached":41,"playtime":4329,"items_purged":["Strike_G","Strike_G"],"score":475,"play_id":"9e55b668-1b47-4c41-bfc9-a6dc4655cd1e","local_time":"20210105171952","is_ascension_mode":true,"campfire_choices":[{"floor":10,"key":"REST"},{"data":"Quick Slash","floor":13,"key":"SMITH"},{"floor":15,"key":"REST"},{"floor":23,"key":"REST"},{"floor":27,"key":"REST"},{"data":"Accuracy","floor":32,"key":"SMITH"},{"data":"Accuracy","floor":40,"key":"SMITH"}],"circlet_count":0,"master_deck":["Strike_G","Strike_G+1","Defend_G","Defend_G","Defend_G","Defend_G","Survivor","Neutralize+1","Dagger Spray+1","Blur","Backflip","Dagger Throw","Quick Slash+1","Flying Knee","Corpse Explosion","PiercingWail","Footwork","Choke+1","Predator","Footwork","Accuracy+1","Blade Dance","Venomology","Blade Dance+1","PiercingWail+1","Accuracy+1","Writhe"],"relics":["Ring of the Snake","Vajra","CultistMask","Sundial","Velvet Choker","Membership Card","Peace Pipe","Boot","Letter Opener","Lee\u0027s Waffle","WristBlade"],"acts_visited":["Exordium","TheCity","TheBeyond"],"potions_floor_usage":[16,22,24,31,33,41,41],"damage_taken":[{"damage":1,"enemies":"Jaw Worm","floor":1,"turns":3},{"damage":0,"enemies":"Small Slimes","floor":5,"turns":3},{"damage":23,"enemies":"Lagavulin","floor":6,"turns":8},{"damage":0,"enemies":"Cultist","floor":11,"turns":3},{"damage":0,"enemies":"Lots of Slimes","floor":12,"turns":1},{"damage":1,"enemies":"Blue Slaver","floor":14,"turns":4},{"damage":28,"enemies":"Hexaghost","floor":16,"turns":11},{"damage":0,"enemies":"Chosen","floor":18,"turns":4},{"damage":22,"enemies":"Spheric Guardian","floor":20,"turns":4},{"damage":26,"enemies":"Snecko","floor":22,"turns":5},{"damage":12,"enemies":"Snake Plant","floor":24,"turns":6},{"damage":0,"enemies":"3 Cultists","floor":25,"turns":3},{"damage":5,"enemies":"Cultist and Chosen","floor":28,"turns":4},{"damage":21,"enemies":"Slavers","floor":29,"turns":4},{"damage":11,"enemies":"Shelled Parasite and Fungi","floor":31,"turns":7},{"damage":63,"enemies":"Collector","floor":33,"turns":11},{"damage":8,"enemies":"Orb Walker","floor":35,"turns":5},{"damage":27,"enemies":"3 Darklings","floor":36,"turns":4},{"damage":102,"enemies":"Giant Head","floor":41,"turns":8}],"seed_played":"6319162968424922078","potions_obtained":[{"floor":6,"key":"Swift Potion"},{"floor":14,"key":"BlessingOfTheForge"},{"floor":16,"key":"SpeedPotion"},{"floor":18,"key":"Regen Potion"},{"floor":28,"key":"FearPotion"},{"floor":29,"key":"Block Potion"},{"floor":33,"key":"Energy Potion"}],"is_trial":false,"path_per_floor":["M","?","$","?","M","E","?","?","T","R","M","M","R","M","R","B",null,"M","$","M","?","M","R","M","M","T","R","M","E","$","M","R","B",null,"M","M","?","$","?","R","E"],"character_chosen":"THE_SILENT","items_purchased":["Blur","Backflip","Membership Card","Footwork","Lee\u0027s Waffle","Accuracy","Accuracy"],"campfire_rested":4,"item_purchase_floors":[3,3,19,19,30,30,38],"current_hp_per_floor":[69,62,62,48,48,25,25,25,25,46,46,46,46,45,66,38,70,70,70,48,48,22,43,31,31,31,52,47,26,77,66,66,3,77,69,42,42,42,61,61,0,0],"gold":67,"neow_bonus":"UPGRADE_CARD","is_daily":false,"chose_seed":false,"campfire_upgraded":3,"win_rate":0.0,"timestamp":1609863592,"path_taken":["M","?","$","?","M","E","?","?","T","R","?","M","R","M","R","BOSS","M","$","?","?","M","R","M","M","T","R","?","E","$","M","R","BOSS","M","?","?","?","?","R","E"],"items_purchased_type":["Card","Card","Relic","Card","Relic","Card","Card"],"build_version":"2020-12-22","purchased_purges":2,"victory":false,"max_hp_per_floor":[70,70,70,70,70,70,70,70,70,70,70,70,70,70,70,70,70,70,70,70,70,70,70,70,70,70,70,70,70,77,77,77,77,77,77,77,77,77,77,77,77,77],"card_choices":[{"not_picked":["Dodge and Roll","Endless Agony"],"picked":"Dagger Spray","floor":1},{"not_picked":["Heel Hook","Finisher"],"picked":"Dagger Throw","floor":5},{"not_picked":["Choke","Bane"],"picked":"Quick Slash","floor":6},{"not_picked":["Dagger Throw","Backflip","Storm of Steel"],"picked":"SKIP","floor":11},{"not_picked":["Outmaneuver","Dagger Throw"],"picked":"Flying Knee","floor":12},{"not_picked":["Concentrate","Quick Slash","Acrobatics"],"picked":"SKIP","floor":14},{"not_picked":["Die Die Die","Wraith Form v2"],"picked":"Corpse Explosion","floor":16},{"not_picked":["Distraction","Dodge and Roll"],"picked":"PiercingWail","floor":18},{"not_picked":["Finisher","Calculated Gamble","Outmaneuver+1"],"picked":"SKIP","floor":20},{"not_picked":["Blade Dance","Bane","Poisoned Stab"],"picked":"SKIP","floor":22},{"not_picked":["Concentrate","Acrobatics+1"],"picked":"Choke+1","floor":24},{"not_picked":["Acrobatics","Dodge and Roll"],"picked":"Predator","floor":25},{"not_picked":["Prepared","Outmaneuver"],"picked":"Footwork","floor":28},{"not_picked":["Poisoned Stab","Endless Agony","Expertise+1"],"picked":"SKIP","floor":29},{"not_picked":["Acrobatics","Choke"],"picked":"Blade Dance","floor":31},{"not_picked":["Grand Finale","Malaise"],"picked":"Venomology","floor":33},{"not_picked":["Deflect","Dash"],"picked":"Blade Dance+1","floor":35},{"not_picked":["Choke+1","Endless Agony"],"picked":"PiercingWail+1","floor":36}],"player_experience":283533,"relics_obtained":[{"floor":6,"key":"Vajra"},{"floor":9,"key":"Sundial"},{"floor":26,"key":"Boot"},{"floor":29,"key":"Letter Opener"}],"event_choices":[{"cards_removed":["Strike_G"],"damage_healed":0,"gold_gain":0,"player_choice":"Card Removal","damage_taken":7,"max_hp_gain":0,"max_hp_loss":0,"event_name":"Golden Wing","floor":2,"gold_loss":0},{"damage_healed":0,"gold_gain":0,"player_choice":"Entered Light","damage_taken":14,"max_hp_gain":0,"max_hp_loss":0,"event_name":"Shining Light","floor":4,"gold_loss":0,"cards_upgraded":["Dagger Spray","Strike_G"]},{"damage_healed":0,"gold_gain":0,"player_choice":"Ignored","damage_taken":0,"max_hp_gain":0,"max_hp_loss":0,"event_name":"Liars Game","floor":7,"gold_loss":0},{"damage_healed":0,"gold_gain":0,"player_choice":"Trade","damage_taken":0,"relics_obtained":["CultistMask"],"max_hp_gain":0,"max_hp_loss":0,"event_name":"FaceTrader","floor":8,"gold_loss":0},{"damage_healed":0,"gold_gain":0,"player_choice":"Gave Potion","damage_taken":0,"relics_obtained":["Peace Pipe"],"max_hp_gain":0,"max_hp_loss":0,"event_name":"WeMeetAgain","floor":21,"gold_loss":0},{"cards_removed":["Defend_G"],"damage_healed":0,"gold_gain":0,"player_choice":"Removed Skill","damage_taken":0,"max_hp_gain":0,"max_hp_loss":0,"event_name":"Falling","floor":37,"gold_loss":0},{"damage_healed":19,"gold_gain":0,"player_choice":"Writhe","damage_taken":0,"max_hp_gain":0,"max_hp_loss":0,"event_name":"Winding Halls","floor":39,"gold_loss":0,"cards_obtained":["Writhe"]}],"is_beta":false,"boss_relics":[{"not_picked":["Coffee Dripper","Fusion Hammer"],"picked":"Velvet Choker"},{"not_picked":["Philosopher\u0027s Stone","Calling Bell"],"picked":"WristBlade"}],"items_purged_floors":[30,38],"is_endless":false,"potions_floor_spawned":[6,14,16,18,28,29,33],"killed_by":"Giant Head","ascension_level":3}}