{"host":"llpusn9usp8rznkj","time":1609806290,"event":{"mods":["2.2 Compatiblity","Aspiration","BaseMod","Colored Map","Colored Powertips","Conspire","Hubris","Minty Spire (QoL Compilation)","Quick Restart","Rare Cards Sparkle","Replay The Spire","StSLib","The Cursed"],"gold_per_floor":[114,114,39,39,39,39,66,66,66,46,58,91,91,108,108,108,108],"floor_reached":16,"playtime":570,"items_purged":["Strike_G"],"score":262,"play_id":"09147a6d-fa5d-4a5b-8043-fcd2f6f78a97","local_time":"20210104192450","is_ascension_mode":true,"campfire_choices":[{"data":"Replay:Poison Smokescreen","floor":6,"key":"SMITH"},{"data":"Neutralize","floor":8,"key":"SMITH"},{"data":"Well Laid Plans","floor":13,"key":"SMITH"}],"circlet_count":0,"master_deck":["AscendersBane","Strike_G","Strike_G","Strike_G","Strike_G","Defend_G","Defend_G","Defend_G","Defend_G","Defend_G","Survivor","Neutralize+1","Replay:Poison Smokescreen+1","Injury","Reflex+1","Well Laid Plans+1"],"relics":["Ring of the Snake","NeowsBlessing","hubris:Towel","Toxic Egg 2","hubris:Icosahedron","MealTicket","Boot","Replay:WaspNest"],"acts_visited":["Exordium"],"potions_floor_usage":[12,12],"damage_taken":[{"damage":0,"enemies":"Small Slimes","floor":1,"turns":1},{"damage":0,"enemies":"Lagavulin","floor":7,"turns":1},{"damage":0,"enemies":"Jaw Worm","floor":11,"turns":1},{"damage":48,"enemies":"3 Sentries","floor":12,"turns":18},{"damage":3,"enemies":"2 Louse","floor":14,"turns":4},{"damage":27,"enemies":"Hexaghost","floor":16,"turns":9}],"seed_played":"9089673399881404960","potions_obtained":[{"floor":7,"key":"BlessingOfTheForge"},{"floor":10,"key":"CunningPotion"}],"is_trial":false,"path_per_floor":["M","?","$","?","?","R","E","R","T","?","M","E","R","M","R_BF","B"],"character_chosen":"THE_SILENT","items_purchased":[],"campfire_rested":0,"item_purchase_floors":[],"current_hp_per_floor":[59,59,59,59,59,59,59,59,59,59,59,11,11,8,27,0,0],"gold":108,"neow_bonus":"THREE_ENEMY_KILL","is_daily":false,"chose_seed":false,"campfire_upgraded":3,"win_rate":0.0,"timestamp":1609806290,"path_taken":["M","?","$","?","?","R","E","R","T","?","?","E","R","M","R_BF","BOSS"],"items_purchased_type":[],"build_version":"2020-12-22","purchased_purges":1,"victory":false,"max_hp_per_floor":[66,66,66,66,66,66,66,66,66,66,66,66,66,66,66,66,66],"card_choices":[{"not_picked":["Acrobatics","Crippling Poison"],"picked":"Replay:Poison Smokescreen","floor":1},{"not_picked":["conspire:DoublingDagger+1","ReplayTheSpireMod:Scrap Shanks"],"picked":"Reflex+1","floor":7},{"not_picked":["Sneak Up+1","conspire:PoisonWeapons+1","Dagger Spray"],"picked":"SKIP","floor":11},{"not_picked":["Deflect+1","Cloak And Dagger+1"],"picked":"Well Laid Plans","floor":12},{"not_picked":["Heel Hook","Well Laid Plans","Sucker Punch"],"picked":"SKIP","floor":14}],"player_experience":1124222,"relics_obtained":[{"floor":7,"key":"MealTicket"},{"floor":9,"key":"Boot"},{"floor":12,"key":"Replay:WaspNest"}],"event_choices":[{"damage_healed":0,"gold_gain":0,"player_choice":"Bought 1 Potion","damage_taken":0,"max_hp_gain":0,"max_hp_loss":0,"event_name":"The Woman in Blue","floor":10,"gold_loss":0}],"is_beta":false,"boss_relics":[],"items_purged_floors":[3],"is_endless":false,"potions_floor_spawned":[7],"killed_by":"Hexaghost","ascension_level":20}}