{"host":"2yqfi47fogfu1ic4","time":1609812687,"event":{"mods":["AchievementEnabler","BaseMod","Colored Map","Colored Powertips","Highlight Path","Minty Spire (QoL Compilation)","Permanent Neow","Relic Stats","StSLib"],"gold_per_floor":[119,5,25,25,25,25,39,68,141,141,160,235,235,261,261,336,336,353,77,77,152,152,152,183,202,202,258,289,289,301,136,136,213,213,228,78,96,96,96,96,129,129,129,144,175,211,266,292,292,292,292,292,292,5,39,39],"floor_reached":57,"playtime":7397,"items_purged":["Defend_G","Outmaneuver","Slice"],"score":3143,"play_id":"252344d4-da57-4620-a9e7-4688d13b2bf0","local_time":"20210105031127","is_ascension_mode":true,"campfire_choices":[{"data":"Neutralize","floor":6,"key":"SMITH"},{"data":"Masterful Stab","floor":10,"key":"SMITH"},{"data":"Malaise","floor":15,"key":"SMITH"},{"data":"Ghostly","floor":23,"key":"SMITH"},{"data":"Ghostly","floor":29,"key":"SMITH"},{"data":"Ghostly","floor":32,"key":"SMITH"},{"data":"Concentrate","floor":40,"key":"SMITH"},{"data":"Night Terror","floor":42,"key":"SMITH"},{"floor":49,"key":"RECALL"},{"data":"After Image","floor":53,"key":"SMITH"}],"circlet_count":0,"master_deck":["AscendersBane","Survivor","Neutralize+1","Slice+1","Terror+1","Acrobatics","Masterful Stab+1","Underhanded Strike","Malaise+1","Die Die Die+1","Slice+1","Concentrate+1","Blur","Dagger Throw+1","Venomology","Endless Agony+1","After Image+1","Underhanded Strike+1","Backflip","Eviscerate+1","Ghostly+1","Ghostly+1","Ghostly+1","Acrobatics","Leg Sweep","Underhanded Strike+1","Night Terror+1","PiercingWail","Prepared+1","Acrobatics","Reflex","Malaise","Reflex","A Thousand Cuts","Backflip"],"relics":["Runic Pyramid","Potion Belt","Molten Egg 2","Art of War","Pandora\u0027s Box","Toolbox","HornCleat","Incense Burner","Mummified Hand","Orichalcum","Bag of Preparation","Coffee Dripper","White Beast Statue","Thread and Needle","Lizard Tail","MealTicket","Orrery","Blood Vial"],"acts_visited":["Exordium","TheCity","TheBeyond","TheEnding"],"potions_floor_usage":[18,25,28,30,33,35,56],"damage_taken":[{"damage":0,"enemies":"Cultist","floor":1,"turns":4},{"damage":3,"enemies":"2 Louse","floor":3,"turns":3},{"damage":0,"enemies":"Jaw Worm","floor":7,"turns":3},{"damage":0,"enemies":"Lagavulin","floor":8,"turns":4},{"damage":0,"enemies":"2 Fungi Beasts","floor":11,"turns":2},{"damage":10,"enemies":"3 Sentries","floor":14,"turns":7},{"damage":0,"enemies":"Hexaghost","floor":16,"turns":8},{"damage":1,"enemies":"Spheric Guardian","floor":18,"turns":3},{"damage":4,"enemies":"Gremlin Leader","floor":24,"turns":4},{"damage":0,"enemies":"2 Thieves","floor":25,"turns":4},{"damage":0,"enemies":"3 Cultists","floor":27,"turns":7},{"damage":3,"enemies":"Slavers","floor":28,"turns":6},{"damage":0,"enemies":"Centurion and Healer","floor":30,"turns":11},{"damage":0,"enemies":"Collector","floor":33,"turns":13},{"damage":0,"enemies":"Orb Walker","floor":35,"turns":6},{"damage":0,"enemies":"3 Darklings","floor":37,"turns":5},{"damage":0,"enemies":"Giant Head","floor":41,"turns":7},{"damage":0,"enemies":"Maw","floor":44,"turns":11},{"damage":0,"enemies":"Nemesis","floor":45,"turns":7},{"damage":0,"enemies":"Writhing Mass","floor":46,"turns":6},{"damage":0,"enemies":"2 Orb Walkers","floor":47,"turns":5},{"damage":0,"enemies":"Reptomancer","floor":48,"turns":6},{"damage":6,"enemies":"Awakened One","floor":50,"turns":19},{"damage":5,"enemies":"Time Eater","floor":51,"turns":17},{"damage":0,"enemies":"Shield and Spear","floor":55,"turns":12},{"damage":3,"enemies":"The Heart","floor":56,"turns":9}],"seed_played":"-7720516739054354037","potions_obtained":[{"floor":3,"key":"SpeedPotion"},{"floor":8,"key":"GhostInAJar"},{"floor":16,"key":"Energy Potion"},{"floor":35,"key":"LiquidMemories"}],"is_trial":false,"path_per_floor":["M","$","M","?","?","R","M","E","T","R","M","?","?","E","R","B",null,"M","$","?","T","?","R","E","M","T","M","E","R","M","$","R","B",null,"M","$","M","?","$","R","E","R","T","M","E","M","?","E","R","B","B",null,"R","$","E","B",null],"character_chosen":"THE_SILENT","items_purchased":["Terror","Toolbox","Backflip","Eviscerate+1","Bag of Preparation","PiercingWail","Orrery"],"campfire_rested":0,"item_purchase_floors":[2,19,19,19,31,36,54],"current_hp_per_floor":[59,59,56,36,36,36,36,36,36,36,36,25,30,20,20,20,58,57,57,35,35,35,35,31,31,31,31,28,28,28,28,28,28,33,33,33,33,35,35,35,35,35,35,35,35,35,35,35,35,29,24,32,32,35,35,32],"gold":39,"neow_bonus":"BOSS_RELIC","is_daily":false,"chose_seed":false,"campfire_upgraded":9,"win_rate":0.0,"timestamp":1609812687,"path_taken":["M","?","M","?","?","R","M","E","T","R","?","?","?","E","R","BOSS","M","$","?","?","?","R","E","M","T","M","E","R","M","$","R","BOSS","M","$","M","?","?","R","E","R","T","M","E","M","?","E","R","BOSS","BOSS","R","$","E","BOSS"],"items_purchased_type":["Card","Relic","Card","Card","Relic","Card","Relic"],"build_version":"2020-12-22","purchased_purges":3,"victory":true,"max_hp_per_floor":[66,66,66,66,66,66,66,66,66,66,66,66,71,71,71,71,71,71,71,35,35,35,35,35,35,35,35,35,35,35,35,35,35,35,35,35,35,35,35,35,35,35,35,35,35,35,35,35,35,35,35,35,35,35,35,35],"relic_stats":{"Blood Vial":0,"Lizard Tail":0,"counters":[26,189],"Mummified Hand":[25],"Pandora\u0027s Box":["Slice","Outmaneuver","Concentrate","Blur","Dagger Throw","Venomology","Endless Agony","After Image"],"MealTicket":3,"Art of War":[40],"Bag of Preparation":[27],"Orichalcum":[108],"obtain_stats":[{"Potion Belt":8,"Thread and Needle":45,"Incense Burner":24,"Bag of Preparation":31,"Orichalcum":28,"White Beast Statue":41,"Blood Vial":55,"Lizard Tail":47,"HornCleat":21,"Mummified Hand":26,"Toolbox":19,"Orrery":54,"Molten Egg 2":9,"Pandora\u0027s Box":17,"MealTicket":48,"Art of War":14,"Coffee Dripper":34,"Ring of the Snake":0,"Runic Pyramid":0},{"Potion Belt":4,"Thread and Needle":19,"Incense Burner":9,"Bag of Preparation":13,"Orichalcum":12,"White Beast Statue":17,"Blood Vial":25,"Lizard Tail":21,"HornCleat":8,"Mummified Hand":10,"Toolbox":8,"Orrery":24,"Molten Egg 2":4,"Pandora\u0027s Box":7,"MealTicket":22,"Art of War":6,"Coffee Dripper":14,"Ring of the Snake":0,"Runic Pyramid":0},{"Potion Belt":14,"Thread and Needle":115,"Incense Burner":38,"Bag of Preparation":66,"Orichalcum":55,"White Beast Statue":97,"Blood Vial":180,"Lizard Tail":126,"HornCleat":34,"Mummified Hand":42,"Toolbox":34,"Orrery":168,"Molten Egg 2":14,"Pandora\u0027s Box":31,"MealTicket":132,"Art of War":23,"Coffee Dripper":79,"Ring of the Snake":0,"Runic Pyramid":0}]},"card_choices":[{"not_picked":["Backflip","Prepared"],"picked":"Slice","floor":1},{"not_picked":["Concentrate","Caltrops"],"picked":"Slice","floor":3},{"not_picked":["Dagger Spray","Dodge and Roll"],"picked":"Masterful Stab","floor":7},{"not_picked":["Outmaneuver","Dagger Spray"],"picked":"Underhanded Strike","floor":8},{"not_picked":["Setup","Bane+1","Deadly Poison"],"picked":"SKIP","floor":11},{"not_picked":["PiercingWail","Skewer+1"],"picked":"Malaise","floor":14},{"not_picked":["Tools of the Trade","Envenom"],"picked":"Die Die Die+1","floor":16},{"not_picked":["Flying Knee+1","Deflect"],"picked":"Underhanded Strike+1","floor":18},{"not_picked":["Dodge and Roll","Deadly Poison","Crippling Poison"],"picked":"SKIP","floor":24},{"not_picked":["Flying Knee+1","Choke+1"],"picked":"Acrobatics","floor":25},{"not_picked":["Crippling Poison","Distraction","Dagger Spray+1"],"picked":"SKIP","floor":27},{"not_picked":["Unload+1","Finisher+1"],"picked":"Leg Sweep","floor":28},{"not_picked":["Blade Dance","Crippling Poison"],"picked":"Underhanded Strike+1","floor":30},{"not_picked":["After Image","Glass Knife+1"],"picked":"Night Terror","floor":33},{"not_picked":["Bane+1","Dagger Throw+1","Distraction"],"picked":"SKIP","floor":35},{"not_picked":["Deflect+1","Distraction","Glass Knife+1"],"picked":"SKIP","floor":37},{"not_picked":["Blur","Outmaneuver+1","Calculated Gamble"],"picked":"SKIP","floor":41},{"not_picked":["Riddle With Holes+1","Underhanded Strike+1","Dodge and Roll"],"picked":"SKIP","floor":44},{"not_picked":["Endless Agony+1","Crippling Poison+1","Prepared"],"picked":"SKIP","floor":45},{"not_picked":["Underhanded Strike+1","Deadly Poison"],"picked":"Prepared+1","floor":46},{"not_picked":["All Out Attack+1","Dagger Spray+1"],"picked":"Acrobatics","floor":47},{"not_picked":["Deflect","Acrobatics+1"],"picked":"Reflex","floor":48},{"not_picked":["Cloak And Dagger","Sucker Punch+1"],"picked":"Malaise","floor":54},{"not_picked":["Quick Slash+1","Underhanded Strike+1"],"picked":"Reflex","floor":54},{"not_picked":["Choke+1","Masterful Stab+1"],"picked":"A Thousand Cuts","floor":54},{"not_picked":["Bane+1","Blade Dance"],"picked":"Backflip","floor":54},{"not_picked":["Flechettes+1","Dagger Spray+1","Backstab+1"],"picked":"SKIP","floor":55}],"player_experience":2072270,"relics_obtained":[{"floor":8,"key":"Potion Belt"},{"floor":9,"key":"Molten Egg 2"},{"floor":14,"key":"Art of War"},{"floor":21,"key":"HornCleat"},{"floor":24,"key":"Incense Burner"},{"floor":26,"key":"Mummified Hand"},{"floor":28,"key":"Orichalcum"},{"floor":41,"key":"White Beast Statue"},{"floor":45,"key":"Thread and Needle"},{"floor":47,"key":"Lizard Tail"},{"floor":48,"key":"MealTicket"},{"floor":55,"key":"Blood Vial"}],"event_choices":[{"damage_healed":0,"gold_gain":0,"player_choice":"Entered Light","damage_taken":20,"max_hp_gain":0,"max_hp_loss":0,"event_name":"Shining Light","floor":4,"gold_loss":0,"cards_upgraded":["Slice","Terror"]},{"damage_healed":0,"gold_gain":0,"cards_transformed":["Strike_G"],"player_choice":"Transformed","damage_taken":0,"max_hp_gain":0,"max_hp_loss":0,"event_name":"Transmorgrifier","floor":5,"gold_loss":0,"cards_obtained":["Acrobatics"]},{"damage_healed":0,"gold_gain":75,"player_choice":"Gather Gold","damage_taken":11,"max_hp_gain":0,"max_hp_loss":0,"event_name":"World of Goop","floor":12,"gold_loss":0},{"damage_healed":0,"gold_gain":0,"player_choice":"Donut","damage_taken":0,"max_hp_gain":5,"max_hp_loss":0,"event_name":"Big Fish","floor":13,"gold_loss":0},{"damage_healed":0,"gold_gain":0,"player_choice":"Became a Ghost","damage_taken":0,"max_hp_gain":0,"max_hp_loss":36,"event_name":"Ghosts","floor":20,"gold_loss":0,"cards_obtained":["Ghostly","Ghostly","Ghostly"]},{"damage_healed":0,"gold_gain":0,"player_choice":"Ignored","damage_taken":0,"max_hp_gain":0,"max_hp_loss":0,"event_name":"Vampires","floor":22,"gold_loss":0},{"damage_healed":2,"gold_gain":0,"player_choice":"Full Heal","damage_taken":0,"max_hp_gain":0,"max_hp_loss":0,"event_name":"Wheel of Change","floor":38,"gold_loss":0},{"damage_healed":0,"gold_gain":0,"player_choice":"Fight","damage_taken":0,"max_hp_gain":0,"max_hp_loss":0,"event_name":"Mysterious Sphere","floor":47,"gold_loss":0}],"is_beta":false,"boss_relics":[{"not_picked":["Cursed Key","Tiny House"],"picked":"Pandora\u0027s Box"},{"not_picked":["Calling Bell","Velvet Choker"],"picked":"Coffee Dripper"}],"items_purged_floors":[2,36,54],"is_endless":false,"potions_floor_spawned":[3,8,16,30,35,44,45,46,47,48,55],"ascension_level":20}}