{"host":"1u4zr9vl8my47i07","time":1609816708,"event":{"mods":["AchievementEnabler","BaseMod","DeckTracker","Highlight Path","Keyboard Shortcuts","Minty Spire (QoL Compilation)","Relic Stats","StSLib","SuperFastMode","The Animator","Uncapped","Waifu the Spire","everything is the same but u backflip on backflip"],"gold_per_floor":[112,112,128,144,157,157,176,190,190,190,190,47,64,164,164,260,260,276,296,19,118,118,118],"floor_reached":22,"playtime":1278,"items_purged":["Strike_G","Strike_G"],"score":276,"play_id":"ba1e259a-7214-4ee4-90ab-670ef3e12172","local_time":"20210105121828","is_ascension_mode":true,"campfire_choices":[{"data":"Infinite Blades","floor":6.0,"key":"SMITH"},{"data":"Deadly Poison","floor":11.0,"key":"SMITH"},{"floor":15.0,"key":"REST"}],"circlet_count":0,"master_deck":["AscendersBane","Strike_G","Strike_G","Defend_G","Defend_G","Defend_G","Defend_G","Defend_G","Survivor","Neutralize","Terror","Blur","Infinite Blades+1","Tactician","Deadly Poison+1","Deadly Poison","Well Laid Plans","Night Terror","Escape Plan","Bouncing Flask","Backflip"],"relics":["Ring of the Snake","Art of War","Orichalcum","WingedGreaves","SlaversCollar"],"acts_visited":["TheCity"],"potions_floor_usage":[],"damage_taken":[{"damage":1.0,"enemies":"Jaw Worm","floor":1.0,"turns":6.0},{"damage":0.0,"enemies":"Cultist","floor":3.0,"turns":4.0},{"damage":2.0,"enemies":"2 Louse","floor":4.0,"turns":3.0},{"damage":3.0,"enemies":"Large Slime","floor":5.0,"turns":9.0},{"damage":2.0,"enemies":"Gremlin Gang","floor":7.0,"turns":7.0},{"damage":6.0,"enemies":"Red Slaver","floor":8.0,"turns":5.0},{"damage":7.0,"enemies":"3 Louse","floor":13.0,"turns":5.0},{"damage":13.0,"enemies":"The Guardian","floor":16.0,"turns":9.0},{"damage":18.0,"enemies":"Chosen","floor":18.0,"turns":6.0},{"damage":26.0,"enemies":"Spheric Guardian","floor":19.0,"turns":6.0},{"damage":12,"enemies":"Cultist and Chosen","floor":22,"turns":4}],"seed_played":"1129326236902916731","potions_obtained":[{"floor":4.0,"key":"AttackPotion"},{"floor":5.0,"key":"LiquidBronze"},{"floor":7.0,"key":"GhostInAJar"},{"floor":18.0,"key":"SpeedPotion"}],"is_trial":false,"path_per_floor":["M","?","M","M","M","R","M","M","T","?","R","$","M","?","R","B",null,"M","M","$","?","M"],"character_chosen":"THE_SILENT","items_purchased":["Well Laid Plans","Bouncing Flask","Backflip","FairyPotion"],"campfire_rested":1,"item_purchase_floors":[12,20,20,20],"current_hp_per_floor":[62,62,62,60,57,57,55,49,49,46,46,46,39,39,60,47,64,46,20,20,20,8,8],"gold":118,"neow_bonus":"RANDOM_COMMON_RELIC","is_daily":false,"chose_seed":false,"campfire_upgraded":2,"win_rate":0.0,"timestamp":1609816708,"path_taken":["M","?","?","M","M","R","M","M","T","?","R","$","M","?","R","BOSS","M","?","?","?","M"],"items_purchased_type":["Card","Card","Card","Potion"],"build_version":"2020-12-22","purchased_purges":2,"victory":false,"max_hp_per_floor":[70,70,70,70,70,70,70,70,70,70,70,70,70,70,70,70,70,70,70,70,70,70,70],"relic_stats":{"counters":[11,64],"Art of War":[7],"Orichalcum":[48],"obtain_stats":[{"SlaversCollar":17,"WingedGreaves":10,"Art of War":0,"Orichalcum":9,"Ring of the Snake":0},{"SlaversCollar":8,"WingedGreaves":6,"Art of War":0,"Orichalcum":6,"Ring of the Snake":0},{"SlaversCollar":48,"WingedGreaves":34,"Art of War":0,"Orichalcum":34,"Ring of the Snake":0}],"Ring of the Snake":[22]},"card_choices":[{"not_picked":["Slice","Endless Agony"],"picked":"Terror","floor":1.0},{"not_picked":["Slice","Reflex"],"picked":"Blur","floor":3.0},{"not_picked":["Flying Knee","Flechettes"],"picked":"Infinite Blades","floor":4.0},{"not_picked":["Bane","Acrobatics"],"picked":"Tactician","floor":5.0},{"not_picked":["Dagger Spray","Backstab"],"picked":"Deadly Poison","floor":7.0},{"not_picked":["PiercingWail","Sucker Punch"],"picked":"Deadly Poison","floor":8.0},{"not_picked":["Infinite Blades","Well Laid Plans","Caltrops"],"picked":"SKIP","floor":13.0},{"not_picked":["A Thousand Cuts","Glass Knife"],"picked":"Night Terror","floor":16.0},{"not_picked":["Quick Slash","Bane+1"],"picked":"Escape Plan","floor":18.0},{"not_picked":["Finisher","Dagger Spray","Dash"],"picked":"SKIP","floor":19.0}],"player_experience":285835,"relics_obtained":[{"floor":9.0,"key":"Orichalcum"}],"event_choices":[{"cards_removed":["Strike_G"],"damage_healed":0.0,"max_hp_gain":0.0,"max_hp_loss":0.0,"gold_gain":0.0,"event_name":"Purifier","player_choice":"Purged","floor":2.0,"gold_loss":0.0,"damage_taken":0.0},{"damage_healed":0.0,"max_hp_gain":0.0,"max_hp_loss":0.0,"gold_gain":0.0,"event_name":"Scrap Ooze","player_choice":"Success","floor":10.0,"gold_loss":0.0,"damage_taken":3.0,"relics_obtained":["WingedGreaves"]},{"damage_healed":0.0,"max_hp_gain":0.0,"max_hp_loss":0.0,"gold_gain":100.0,"event_name":"Wheel of Change","player_choice":"Gold","floor":14.0,"gold_loss":0.0,"damage_taken":0.0},{"damage_healed":0.0,"max_hp_gain":0.0,"max_hp_loss":0.0,"gold_gain":99.0,"event_name":"Nest","player_choice":"Stole From Cult","floor":21.0,"gold_loss":0.0,"damage_taken":0.0}],"is_beta":false,"boss_relics":[{"not_picked":["Tiny House","WristBlade"],"picked":"SlaversCollar"}],"items_purged_floors":[12,20],"is_endless":false,"potions_floor_spawned":[4,5,7,18],"killed_by":"Cultist and Chosen","ascension_level":11}}