{"host":"7qf1todfnxspvw7w","time":1609805869,"event":{"mods":["BaseMod","BetterRewards","Block Reminder","Colored Powertips","Disable Question Mark Monsters","Displayed Cursed Tome","Downfall","Gold Saver","Googly Eyes","Infinite Spire","Ironclad Rager","Lobotomy","Minty Spire (QoL Compilation)","Rare Cards Sparkle","Relic Stats","Reorder Act Four","Replay The Spire","SacredBarkPlus","Shop Mod","StSLib","Uncapped"],"gold_per_floor":[1365,1365,1365,1077,1077,1107,1107,1107,1121,1121,1121,1152,1077,1077,1092,1092,1092,1092],"floor_reached":16,"playtime":968,"items_purged":["champ:Defend"],"score":104,"play_id":"b2c9e719-50c0-43da-98a0-3dac57d42034","local_time":"20210105031749","is_ascension_mode":false,"campfire_choices":[{"data":"champ:Taunt","floor":1,"key":"SMITH"},{"data":"champ:DeathBlow","floor":8,"key":"SMITH"},{"data":"champ:FlashCut","floor":8,"key":"SMITH"},{"floor":11,"key":"REST"},{"floor":13,"key":"REST"}],"circlet_count":0,"master_deck":["champ:Strike","champ:Strike","champ:Strike","champ:Defend","champ:Defend","champ:Defend","champ:Execute","champ:Taunt+1","champ:DeathBlow+1","champ:FlashCut+1","champ:ViciousMockery","champ:Encircle"],"relics":["champ:ChampionCrown","downfall:HeartsMalice","ClockworkSouvenir","Replay:Arrowhead","Bronze Scales","downfall:ShatteredFragment","Torii","downfall:HeartBlessingGreen"],"acts_visited":["Exordium"],"potions_floor_usage":[16],"damage_taken":[{"damage":0,"enemies":"Small Slimes","floor":2,"turns":1},{"damage":0,"enemies":"downfall:FleeingMerchant","floor":4,"turns":1},{"damage":0,"enemies":"Jaw Worm","floor":5,"turns":1},{"damage":52,"enemies":"3 Sentries","floor":6,"turns":7},{"damage":6,"enemies":"Cultist","floor":9,"turns":3},{"damage":56,"enemies":"Lagavulin","floor":12,"turns":8},{"damage":7,"enemies":"Exordium Wildlife","floor":15,"turns":3},{"damage":67,"enemies":"downfall:Defect","floor":16,"turns":5}],"seed_played":"6097588069719763915","potions_obtained":[{"floor":12,"key":"champ:OpenerPotion"}],"is_trial":false,"path_per_floor":["R","M","?","$","M","E","T","R","M","?","R","E","R","T","M","B"],"character_chosen":"THE_CHAMP","items_purchased":["ClockworkSouvenir","champ:DeathBlow"],"campfire_rested":2,"item_purchase_floors":[4,4],"current_hp_per_floor":[90,90,90,90,90,58,58,58,57,30,57,40,67,67,67,0,0,0],"gold":1092,"neow_bonus":"THREE_ENEMY_KILL","is_daily":false,"chose_seed":false,"campfire_upgraded":3,"win_rate":0.0,"timestamp":1609805869,"path_taken":["R","M","?","$","M","E","T","R","M","?","R","E","R","?","M","BOSS"],"items_purchased_type":["Relic","Card"],"build_version":"2020-12-22","purchased_purges":1,"victory":false,"max_hp_per_floor":[90,90,90,90,90,90,90,90,90,90,90,90,90,90,90,90,90,90],"relic_stats":{"Torii":0,"counters":[8,26],"Bronze Scales":[30],"obtain_stats":[{"downfall:ShatteredFragment":10,"Torii":12,"Bronze Scales":7,"champ:ChampionCrown":0,"downfall:HeartsMalice":0,"downfall:HeartBlessingGreen":13,"Replay:Arrowhead":6,"ClockworkSouvenir":4},{"downfall:ShatteredFragment":5,"Torii":6,"Bronze Scales":4,"champ:ChampionCrown":0,"downfall:HeartsMalice":0,"downfall:HeartBlessingGreen":6,"Replay:Arrowhead":4,"ClockworkSouvenir":2},{"downfall:ShatteredFragment":10,"Torii":18,"Bronze Scales":7,"champ:ChampionCrown":0,"downfall:HeartsMalice":0,"downfall:HeartBlessingGreen":18,"Replay:Arrowhead":7,"ClockworkSouvenir":0}]},"card_choices":[{"not_picked":["champ:Lariat","champ:RisingSlash","champ:DefensiveShout"],"picked":"SKIP","floor":2},{"not_picked":["champ:FocusedBerserking","champ:FlashCut","champ:RisingSlash"],"picked":"SKIP","floor":4},{"not_picked":["champ:EnGarde","champ:FanOfKnives","champ:TornadoPunch"],"picked":"SKIP","floor":5},{"not_picked":["champ:FightOn","champ:BerserkersShout"],"picked":"champ:FlashCut","floor":6},{"not_picked":["champ:PerfectedStrike","champ:HeartStrike"],"picked":"champ:ViciousMockery","floor":9},{"not_picked":["champ:StanceDance","champ:GladiatorsShout"],"picked":"champ:Encircle","floor":12},{"not_picked":["champ:FightOn","champ:PerfectedStrike","champ:RisingSlash"],"picked":"SKIP","floor":15}],"player_experience":510270,"relics_obtained":[{"floor":6,"key":"Replay:Arrowhead"},{"floor":7,"key":"Bronze Scales"},{"floor":12,"key":"Torii"}],"event_choices":[],"is_beta":false,"boss_relics":[],"items_purged_floors":[4],"is_endless":false,"potions_floor_spawned":[12],"killed_by":"downfall:Defect","ascension_level":0}}