{"host":"2461dio7vetlq1z3","time":1609814084,"event":{"mods":["2.2 Compatiblity","AchievementEnabler","BaseMod","Better Third Choice","Friendly Minions","Minty Spire (QoL Compilation)","Relic Stats","Spicy Shops","StSLib","The Marked","Waifu the Spire"],"gold_per_floor":[113,63,73,85,10,10,30,57,81,81,116,130,130,165,165,269,269,279,297,26,36,36,63,63,92,118,43,69,69,95,113,113,212,212,223,238,92,106,116,116,142,158,158,8,23,23,40,56,56,56],"floor_reached":51,"playtime":4099,"items_purged":["theMarked:Strike","theMarked:Strike","theMarked:Strike","theMarked:Strike"],"score":894,"play_id":"5c0cddc6-044e-4581-801f-4b06754be762","local_time":"20210105033444","is_ascension_mode":true,"campfire_choices":[{"data":"theMarked:Challenge","floor":6,"key":"SMITH"},{"floor":10,"key":"REST"},{"data":"theMarked:AttractMetal","floor":15,"key":"SMITH"},{"floor":24,"key":"REST"},{"floor":32,"key":"REST"},{"data":"theMarked:HeritageOfTheMarked","floor":40,"key":"SMITH"},{"data":"theMarked:MagicAdept","floor":46,"key":"SMITH"},{"data":"theMarked:Electrocute","floor":49,"key":"SMITH"}],"circlet_count":0,"master_deck":["theMarked:Defend","theMarked:Defend","theMarked:Defend","theMarked:SoldierOfQuellstein","theMarked:Static","theMarked:HeightenedSenses","theMarked:StartUp","theMarked:Challenge+1","theMarked:StartUp","theMarked:AttractMetal+1","theMarked:Static","theMarked:BindingBlade","theMarked:Standoff","theMarked:Static","theMarked:Static","theMarked:FavorableWinds","theMarked:TwofoldDefense","theMarked:WardOff","theMarked:Aftermath","theMarked:HeritageOfTheMarked+1","theMarked:Electrocute+1","theMarked:RepellingDischarge+1","theMarked:HeritageOfTheMarked","theMarked:MysticalArsenal","theMarked:Generate+1","theMarked:BanishingWave+1","theMarked:Static+1","theMarked:MagicAdept+1","theMarked:Electrify+1","theMarked:Polarize","theMarked:Standoff+1","theMarked:BanishingStrike+1","theMarked:Indomitable+1","theMarked:Polarize+1","theMarked:TurnInvisible","theMarked:RepellingDischarge+1","theMarked:Static+1","theMarked:ComboAttacks+1","theMarked:RepellingDischarge+1"],"relics":["theMarked:ArtifactOfAir","Prayer Wheel","Lantern","Akabeko","Centennial Puzzle","theMarked:DemonDagger","Thread and Needle","Runic Pyramid","Potion Belt","theMarked:VonisonLock","Anchor","StrikeDummy","Girya","Cursed Key","Oddly Smooth Stone","Letter Opener"],"acts_visited":["Exordium","TheCity","TheBeyond"],"potions_floor_usage":[8,18,23,28,33],"damage_taken":[{"damage":1,"enemies":"Cultist","floor":1,"turns":4},{"damage":1,"enemies":"2 Louse","floor":3,"turns":3},{"damage":2,"enemies":"Jaw Worm","floor":4,"turns":4},{"damage":4,"enemies":"Looter","floor":7,"turns":3},{"damage":11,"enemies":"Lagavulin","floor":8,"turns":8},{"damage":21,"enemies":"Gremlin Nob","floor":11,"turns":5},{"damage":0,"enemies":"Blue Slaver","floor":12,"turns":3},{"damage":4,"enemies":"3 Sentries","floor":14,"turns":7},{"damage":1,"enemies":"The Guardian","floor":16,"turns":9},{"damage":0,"enemies":"Shell Parasite","floor":18,"turns":2},{"damage":18,"enemies":"3 Byrds","floor":19,"turns":8},{"damage":14,"enemies":"Shelled Parasite and Fungi","floor":21,"turns":6},{"damage":18,"enemies":"Gremlin Leader","floor":23,"turns":6},{"damage":12,"enemies":"Book of Stabbing","floor":25,"turns":5},{"damage":27,"enemies":"Slavers","floor":28,"turns":6},{"damage":0,"enemies":"Gremlin Leader","floor":30,"turns":7},{"damage":0,"enemies":"Sentry and Sphere","floor":31,"turns":3},{"damage":4,"enemies":"Champ","floor":33,"turns":11},{"damage":0,"enemies":"3 Darklings","floor":35,"turns":6},{"damage":0,"enemies":"3 Shapes","floor":36,"turns":4},{"damage":0,"enemies":"Spire Growth","floor":38,"turns":4},{"damage":0,"enemies":"Maw","floor":39,"turns":6},{"damage":0,"enemies":"Reptomancer","floor":41,"turns":5},{"damage":0,"enemies":"Jaw Worm Horde","floor":42,"turns":5},{"damage":0,"enemies":"Spire Growth","floor":45,"turns":4},{"damage":4,"enemies":"3 Darklings","floor":47,"turns":5},{"damage":0,"enemies":"4 Shapes","floor":48,"turns":4},{"damage":28,"enemies":"Time Eater","floor":50,"turns":8}],"seed_played":"4508855536239281497","potions_obtained":[{"floor":7,"key":"AttackPotion"},{"floor":8,"key":"Dexterity Potion"},{"floor":11,"key":"FearPotion"},{"floor":14,"key":"Fruit Juice"},{"floor":18,"key":"Dexterity Potion"},{"floor":23,"key":"SteroidPotion"},{"floor":28,"key":"Strength Potion"},{"floor":30,"key":"SteroidPotion"},{"floor":31,"key":"BlessingOfTheForge"},{"floor":33,"key":"Swift Potion"}],"is_trial":false,"path_per_floor":["M","?","M","M","$","R","M","E","T","R","E","M","?","E","R","B",null,"M","M","$","M","?","E","R","E","T","?","E","$","E","M","R","B",null,"M","M","$","M","M","R","E","M","T","$","M","R","M","M","R","B",null],"character_chosen":"THE_DEFAULT","items_purchased":["theMarked:HeritageOfTheMarked","Oddly Smooth Stone"],"campfire_rested":3,"item_purchase_floors":[20,37],"current_hp_per_floor":[48,48,47,45,45,45,41,30,30,51,30,30,30,26,26,25,70,75,57,57,43,43,25,47,35,35,35,8,8,8,8,30,26,75,75,75,75,75,75,75,75,75,75,75,75,75,71,71,71,43],"gold":56,"neow_bonus":"ONE_RARE_RELIC","is_daily":false,"chose_seed":false,"campfire_upgraded":5,"win_rate":0.0,"timestamp":1609814084,"path_taken":["M","?","M","M","$","R","M","E","T","R","E","M","?","E","R","BOSS","M","?","$","M","?","E","R","E","T","?","E","?","E","M","R","BOSS","M","M","$","M","M","R","E","M","T","$","M","R","M","M","R","BOSS"],"items_purchased_type":["Card","Relic"],"build_version":"2020-12-22","purchased_purges":4,"victory":true,"max_hp_per_floor":[70,70,70,70,70,70,70,70,70,70,70,70,70,70,70,70,70,75,75,75,75,75,75,75,75,75,75,75,75,75,75,75,75,75,75,75,75,75,75,75,75,75,75,75,75,75,75,75,75,75],"relic_stats":{"Centennial Puzzle":[30],"counters":[28,151],"Prayer Wheel":17,"Letter Opener":[50],"Cursed Key":0,"obtain_stats":[{"Potion Belt":23,"Girya":30,"Lantern":8,"theMarked:DemonDagger":13,"Oddly Smooth Stone":37,"Thread and Needle":14,"Letter Opener":41,"Cursed Key":34,"Akabeko":9,"theMarked:ArtifactOfAir":0,"Centennial Puzzle":11,"Anchor":26,"Prayer Wheel":0,"theMarked:VonisonLock":25,"StrikeDummy":28,"Runic Pyramid":17},{"Potion Belt":13,"Girya":16,"Lantern":5,"theMarked:DemonDagger":7,"Oddly Smooth Stone":20,"Thread and Needle":8,"Letter Opener":23,"Cursed Key":18,"Akabeko":5,"theMarked:ArtifactOfAir":0,"Centennial Puzzle":6,"Anchor":14,"Prayer Wheel":0,"theMarked:VonisonLock":14,"StrikeDummy":15,"Runic Pyramid":9},{"Potion Belt":68,"Girya":86,"Lantern":22,"theMarked:DemonDagger":30,"Oddly Smooth Stone":110,"Thread and Needle":37,"Letter Opener":125,"Cursed Key":100,"Akabeko":22,"theMarked:ArtifactOfAir":0,"Centennial Puzzle":27,"Anchor":73,"Prayer Wheel":0,"theMarked:VonisonLock":73,"StrikeDummy":79,"Runic Pyramid":46}]},"card_choices":[{"not_picked":["theMarked:LightningStrikesTwice","theMarked:ElectricStrings"],"picked":"theMarked:Static","floor":1},{"not_picked":["theMarked:Parkour","theMarked:MysticalArsenal"],"picked":"theMarked:HeightenedSenses","floor":1},{"not_picked":["theMarked:Parkour","theMarked:BanishingWave"],"picked":"theMarked:StartUp","floor":3},{"not_picked":["theMarked:Frustration","theMarked:Panic","theMarked:Parry"],"picked":"SKIP","floor":3},{"not_picked":["theMarked:Electrocute","theMarked:Aftermath"],"picked":"theMarked:Challenge","floor":4},{"not_picked":["theMarked:Improvise","theMarked:SwordAndMagic"],"picked":"theMarked:HeightenedSenses","floor":4},{"not_picked":["theMarked:RepellingDischarge","theMarked:SelfDefenseTraining"],"picked":"theMarked:StartUp","floor":7},{"not_picked":["theMarked:WastefulDefense","theMarked:WardOff"],"picked":"theMarked:AttractMetal","floor":7},{"not_picked":["theMarked:WastefulDefense","theMarked:RogueSparks"],"picked":"theMarked:Static","floor":8},{"not_picked":["theMarked:BanishingStrike","theMarked:Snap"],"picked":"theMarked:BindingBlade","floor":11},{"not_picked":["theMarked:Frustration","theMarked:KeepCalmAndFightOn"],"picked":"theMarked:Standoff","floor":12},{"not_picked":["theMarked:WastefulDefense","theMarked:ResourceFulStrike"],"picked":"theMarked:Static","floor":12},{"not_picked":["theMarked:TakeCover","theMarked:Frustration"],"picked":"theMarked:Static","floor":14},{"not_picked":["theMarked:SummonStrength","theMarked:TurnInvisible"],"picked":"theMarked:FavorableWinds","floor":16},{"not_picked":["theMarked:Parkour","theMarked:EmpowerWeapon"],"picked":"theMarked:TwofoldDefense","floor":18},{"not_picked":["theMarked:ContemptForTheProud+1","theMarked:WastefulAttack"],"picked":"theMarked:WardOff","floor":18},{"not_picked":["theMarked:Parkour+1","theMarked:GodGivenPower"],"picked":"theMarked:Aftermath","floor":19},{"not_picked":["theMarked:SwordAndMagic","theMarked:EnhanceMovement","theMarked:RepellingDischarge"],"picked":"SKIP","floor":19},{"not_picked":["theMarked:ElectricStrings","theMarked:DeterminationOfTheMarked"],"picked":"theMarked:Electrocute","floor":21},{"not_picked":["theMarked:TwofoldDefense+1","theMarked:Parkour+1"],"picked":"theMarked:RepellingDischarge+1","floor":21},{"not_picked":["theMarked:ParalyzingBlade","theMarked:Parkour+1"],"picked":"theMarked:HeritageOfTheMarked","floor":23},{"not_picked":["theMarked:EmpowerWeapon","theMarked:DispelDoubt"],"picked":"theMarked:MysticalArsenal","floor":25},{"not_picked":["theMarked:LightningStrikesTwice+1","theMarked:TwofoldDefense"],"picked":"theMarked:Generate+1","floor":28},{"not_picked":["theMarked:SwordAndMagic","theMarked:Frustration"],"picked":"theMarked:BanishingWave+1","floor":30},{"not_picked":["theMarked:ElectricStrings","theMarked:TwofoldDefense"],"picked":"theMarked:Static+1","floor":31},{"not_picked":["theMarked:Electrocute","theMarked:Indomitable","theMarked:SwordAndMagic"],"picked":"SKIP","floor":31},{"not_picked":["theMarked:SummonStrength","theMarked:Challenge"],"picked":"theMarked:MagicAdept","floor":33},{"not_picked":["theMarked:Static","theMarked:WastefulDefense"],"picked":"theMarked:Electrify+1","floor":35},{"not_picked":["theMarked:Static","theMarked:TunnelVision","theMarked:WastefulAttack+1"],"picked":"SKIP","floor":35},{"not_picked":["theMarked:TwofoldDefense","theMarked:ChainLightning+1"],"picked":"theMarked:Polarize","floor":36},{"not_picked":["theMarked:WastefulAttack","theMarked:TakeCover","theMarked:Static+1"],"picked":"SKIP","floor":36},{"not_picked":["theMarked:BanishingStrike+1","theMarked:RepellingDischarge"],"picked":"theMarked:Standoff+1","floor":38},{"not_picked":["theMarked:WardOff","theMarked:ContemptForTheProud+1"],"picked":"theMarked:BanishingStrike+1","floor":38},{"not_picked":["theMarked:WastefulAttack+1","theMarked:ParalyzingBlade"],"picked":"theMarked:Indomitable+1","floor":39},{"not_picked":["theMarked:WastefulAttack","theMarked:WardOff+1"],"picked":"theMarked:Polarize+1","floor":39},{"not_picked":["theMarked:ChainLightning+1","theMarked:MysticalArsenal+1"],"picked":"theMarked:TurnInvisible","floor":41},{"not_picked":["theMarked:ContemptForTheProud","theMarked:BanishingStrike"],"picked":"theMarked:RepellingDischarge+1","floor":42},{"not_picked":["theMarked:ResourceFulStrike+1","theMarked:EmpowerWeapon+1"],"picked":"theMarked:Static+1","floor":42},{"not_picked":["theMarked:Parkour","theMarked:StartUp+1"],"picked":"theMarked:ComboAttacks+1","floor":45},{"not_picked":["theMarked:BanishingStrike+1","theMarked:ShockingTouch+1","theMarked:TwofoldDefense"],"picked":"SKIP","floor":45},{"not_picked":["theMarked:TwofoldDefense","theMarked:SummonStrength"],"picked":"theMarked:RepellingDischarge+1","floor":47},{"not_picked":["theMarked:WastefulAttack","theMarked:RepellingDischarge+1","theMarked:HeightenedSenses+1"],"picked":"SKIP","floor":47},{"not_picked":["theMarked:AttractMetal","theMarked:ResourceFulStrike","theMarked:ShockingTouch"],"picked":"SKIP","floor":48},{"not_picked":["theMarked:SelfDefenseTraining","theMarked:Seal","theMarked:Improvise"],"picked":"SKIP","floor":48}],"player_experience":1059121,"relics_obtained":[{"floor":8,"key":"Lantern"},{"floor":9,"key":"Akabeko"},{"floor":11,"key":"Centennial Puzzle"},{"floor":14,"key":"Thread and Needle"},{"floor":23,"key":"Potion Belt"},{"floor":25,"key":"theMarked:VonisonLock"},{"floor":26,"key":"Anchor"},{"floor":28,"key":"StrikeDummy"},{"floor":30,"key":"Girya"},{"floor":41,"key":"Letter Opener"}],"event_choices":[{"cards_removed":["theMarked:Strike"],"damage_healed":0,"gold_gain":0,"player_choice":"Card Removal","damage_taken":0,"max_hp_gain":0,"max_hp_loss":0,"event_name":"The Cleric","floor":2,"gold_loss":50},{"cards_removed":["theMarked:HeightenedSenses"],"damage_healed":0,"gold_gain":0,"player_choice":"Gave Card","damage_taken":0,"relics_obtained":["theMarked:DemonDagger"],"max_hp_gain":0,"max_hp_loss":0,"event_name":"WeMeetAgain","floor":13,"gold_loss":0},{"damage_healed":0,"gold_gain":0,"player_choice":"Ignored","damage_taken":0,"max_hp_gain":0,"max_hp_loss":0,"event_name":"Vampires","floor":22,"gold_loss":0},{"cards_removed":["theMarked:Defend"],"damage_healed":0,"gold_gain":0,"player_choice":"Gave Gold","damage_taken":0,"max_hp_gain":0,"max_hp_loss":0,"event_name":"Beggar","floor":27,"gold_loss":75}],"is_beta":false,"boss_relics":[{"not_picked":["Black Star","SlaversCollar"],"picked":"Runic Pyramid"},{"not_picked":["Astrolabe","Busted Crown"],"picked":"Cursed Key"}],"items_purged_floors":[5,20,20,44],"is_endless":false,"potions_floor_spawned":[7,8,11,14,18,23,28,30,31,33,36,38],"ascension_level":1}}