{"host":"0nfdmr2b19ur4mbc","time":1609869194,"event":{"mods":["2.2 Compatiblity","AchievementEnabler","Aspiration","BaseMod","Better Match","Better Note","Better Third Choice","Better Vampires","Disable Question Mark Monsters","Googly Eyes","Hubris","Infinite Spire","Minty Spire (QoL Compilation)","Quick Restart","Rare Cards Sparkle","Replay The Spire","StSLib"],"gold_per_floor":[117,117,192,192,212,212,247,20,44,63,63,80,80,114,114,209,209,220,205,205,19,19,19,32,42,42,59,59,59],"floor_reached":28,"playtime":1292,"items_purged":["Strike_R","Strike_R"],"score":278,"play_id":"609a884e-198b-48a5-8894-fe80e574a469","local_time":"20210105185314","is_ascension_mode":false,"campfire_choices":[{"data":"Demon Form","floor":6.0,"key":"SMITH"},{"data":"Metallicize","floor":15,"key":"SMITH"},{"data":"Barricade","floor":23,"key":"SMITH"}],"circlet_count":0,"master_deck":["Strike_R","Strike_R","Strike_R","Defend_R","Defend_R","Defend_R","Defend_R","Bash","Ghostly Armor","Demon Form+1","Seeing Red","Shrug It Off","Metallicize+1","Armaments","Barricade+1","ReplayTheSpireMod:Stacked","Finesse","Armaments","Sentinel+1"],"relics":["Burning Blood","NeowsBlessing","Lantern","Incense Burner","Replay:Bottled Steam","TheAbacus","Regal Pillow","Omamori","aspiration:FutureDiary","Nloth\u0027s Gift","Replay:WaspNest"],"acts_visited":["Exordium","TheCity"],"potions_floor_usage":[18,18,25],"damage_taken":[{"damage":0.0,"enemies":"Small Slimes","floor":1.0,"turns":1.0},{"damage":0.0,"enemies":"Jaw Worm","floor":5.0,"turns":1.0},{"damage":0.0,"enemies":"Gremlin Nob","floor":7.0,"turns":1.0},{"damage":0.0,"enemies":"2 Louse","floor":10.0,"turns":3.0},{"damage":3.0,"enemies":"Blue Slaver","floor":12.0,"turns":3.0},{"damage":1,"enemies":"Lagavulin","floor":14,"turns":6},{"damage":10,"enemies":"Slime Boss","floor":16,"turns":10},{"damage":11,"enemies":"Spheric Guardian","floor":18,"turns":11},{"damage":10,"enemies":"2 Thieves","floor":19,"turns":4},{"damage":0,"enemies":"Snecko","floor":24,"turns":6},{"damage":4,"enemies":"Centurion and Healer","floor":25,"turns":40},{"damage":5,"enemies":"Snake Plant","floor":27,"turns":10},{"damage":0,"enemies":"Cultist and Chosen","floor":28,"turns":5}],"seed_played":"-1287732893457924094","potions_obtained":[{"floor":10.0,"key":"Reflective Coating"},{"floor":12.0,"key":"Reflective Coating"},{"floor":16,"key":"Reflective Coating"},{"floor":24,"key":"SkillPotion"},{"floor":25,"key":"Elixir"}],"is_trial":false,"path_per_floor":["M","?","?","T","M","R","E","$","T","M","$","M","$","E","R","B",null,"M","M","?","$","$","R","M","M","T","M","M"],"character_chosen":"IRONCLAD","items_purchased":["TheAbacus","Finesse"],"campfire_rested":0,"item_purchase_floors":[8,21],"current_hp_per_floor":[80,68,57,57,63,63,69,69,69,75,75,78,78,83,83,79,90,85,81,81,81,81,81,87,89,89,90,90,90],"gold":59,"neow_bonus":"THREE_ENEMY_KILL","is_daily":false,"chose_seed":false,"campfire_upgraded":3,"win_rate":0.0,"timestamp":1609869194,"path_taken":["M","?","?","?","M","R","E","$","T","M","?","M","$","E","R","BOSS","M","M","?","?","$","R","M","M","T","M","M"],"items_purchased_type":["Relic","Card"],"build_version":"2020-12-22","purchased_purges":2,"victory":false,"max_hp_per_floor":[80,90,90,90,90,90,90,90,90,90,90,90,90,90,90,90,90,90,90,90,90,90,90,90,90,90,90,90,90],"card_choices":[{"not_picked":["Havoc","Flex"],"picked":"Ghostly Armor","floor":1.0},{"not_picked":["Headbutt","Whirlwind"],"picked":"Demon Form","floor":5.0},{"not_picked":["Sever Soul","Disarm"],"picked":"Seeing Red","floor":7.0},{"not_picked":["Flex","Feel No Pain"],"picked":"Shrug It Off","floor":10.0},{"not_picked":["Heavy Blade","Thunderclap"],"picked":"Metallicize","floor":12.0},{"not_picked":["Heavy Blade","Abandon"],"picked":"Armaments","floor":14},{"not_picked":["Demon Form","Impervious"],"picked":"Barricade","floor":16},{"not_picked":["Combust","Shrug It Off"],"picked":"ReplayTheSpireMod:Stacked","floor":18},{"not_picked":["Flex","Thunderclap+1","Body Slam"],"picked":"SKIP","floor":19},{"not_picked":["Body Slam","Perfected Strike","Clothesline+1"],"picked":"SKIP","floor":24},{"not_picked":["Heavy Blade","Massacre"],"picked":"Armaments","floor":25},{"not_picked":["Clothesline","Armaments"],"picked":"Sentinel+1","floor":27}],"player_experience":151447,"relics_obtained":[{"floor":4.0,"key":"Incense Burner"},{"floor":7.0,"key":"Replay:Bottled Steam"},{"floor":9.0,"key":"Regal Pillow"},{"floor":14,"key":"Omamori"},{"floor":26,"key":"Replay:WaspNest"}],"event_choices":[{"damage_healed":0.0,"max_hp_gain":0.0,"max_hp_loss":0.0,"gold_gain":1.0,"event_name":"betterThird:BetterScrap","player_choice":"Relic Relic ","floor":2.0,"gold_loss":0.0,"damage_taken":22.0,"cards_obtained":["Collect"]},{"damage_healed":0.0,"max_hp_gain":0.0,"max_hp_loss":0.0,"gold_gain":75.0,"event_name":"betterThird:BetterGoop","player_choice":"Gold","floor":3.0,"gold_loss":0.0,"damage_taken":11.0},{"damage_healed":0,"gold_gain":0,"player_choice":"Traded Relic","damage_taken":0,"relics_obtained":["Nloth\u0027s Gift"],"max_hp_gain":0,"max_hp_loss":0,"event_name":"N\u0027loth","floor":20,"relics_lost":["Pear"],"gold_loss":0}],"is_beta":false,"boss_relics":[{"not_picked":["Runic Pyramid","Painkiller Herb"],"picked":"aspiration:FutureDiary"}],"items_purged_floors":[8,21],"is_endless":false,"potions_floor_spawned":[10,12,16,24,25],"killed_by":"Cultist and Chosen","ascension_level":0}}