{"host":"cr892wvdvh6p7gzy","time":1609807870,"event":{"mods":["A Magickal Journey","BaseMod","BetterRewards","Downfall","GifTheSpireLib","Hubris","Infinite Spire","Minty Spire (QoL Compilation)","READ ME - Guardian Mod","Replay The Spire","SOS???????","StSLib","The Bug Knight","The Dragon Tamer","The Necromancer","???Mod??????Boss"],"gold_per_floor":[109,122,122,122,140,140,151,151,176,203,203,203,223,147,147,252,252,265,21,41,16,36,36,68,81,81,81,81,101,16,29,29,125,125,142,142,142,142,142,142,142,142,154,154,167,167,167,167],"floor_reached":50,"playtime":3946,"items_purged":[],"score":669,"play_id":"d7ce3b01-4502-4e60-abcb-6a6f4f4633a3","local_time":"20210105015110","is_ascension_mode":true,"campfire_choices":[{"data":"Flex","floor":6,"key":"SMITH"},{"data":"Berserk","floor":11,"key":"SMITH"},{"data":"Bash","floor":15,"key":"SMITH"},{"floor":23,"key":"REST"},{"floor":27,"key":"REST"},{"floor":32,"key":"REST"},{"data":"Double Tap","floor":41,"key":"SMITH"},{"data":"Demon Form","floor":45,"key":"SMITH"},{"floor":49,"key":"REST"}],"circlet_count":0,"master_deck":["Strike_R","Strike_R","Strike_R","Strike_R","Strike_R","Defend_R","Defend_R","Defend_R","Bash+1","Flex+1","Berserk+1","Shrug It Off+1","Impervious+1","Demon Form+1","ReplayTheSpireMod:Muscle Training","Carnage+1","Shrug It Off+1","Clothesline","Inflame+1","Double Tap+1","Body Slam+1"],"relics":["Black Blood","hubris:Towel","infinitespire:WardingShard","hubris:ToyBattleship","Replay:Towering Pillar of Hats","Garlic","Replay:Accelerometer","Gremlin Food","hubris:Teleporter","hubris:Reverence"],"acts_visited":["Exordium","TheCity","TheBeyond"],"potions_floor_usage":[10,10,16,24,24,33,48,50],"damage_taken":[{"damage":6,"enemies":"Jaw Worm","floor":1,"turns":4},{"damage":4,"enemies":"Small Slimes","floor":2,"turns":3},{"damage":6,"enemies":"Cultist","floor":5,"turns":3},{"damage":2,"enemies":"Large Slime","floor":7,"turns":5},{"damage":27,"enemies":"Lagavulin","floor":10,"turns":8},{"damage":0,"enemies":"Looter","floor":13,"turns":4},{"damage":61,"enemies":"Hexaghost","floor":16,"turns":13},{"damage":14,"enemies":"Spheric Guardian","floor":18,"turns":6},{"damage":10,"enemies":"Chosen","floor":20,"turns":5},{"damage":32,"enemies":"Snecko","floor":22,"turns":11},{"damage":20,"enemies":"Book of Stabbing","floor":24,"turns":6},{"damage":12,"enemies":"Snake Plant","floor":25,"turns":5},{"damage":14,"enemies":"3 Cultists","floor":29,"turns":6},{"damage":16,"enemies":"Centurion and Healer","floor":31,"turns":8},{"damage":34,"enemies":"Pondfish","floor":33,"turns":14},{"damage":23,"enemies":"3 Shapes","floor":35,"turns":8},{"damage":4,"enemies":"Orb Walker","floor":46,"turns":5},{"damage":31,"enemies":"Sphere and 2 Shapes","floor":48,"turns":6},{"damage":88,"enemies":"Awakened One","floor":50,"turns":20}],"seed_played":"-7324833438649616802","potions_obtained":[{"floor":2,"key":"Fire Potion"},{"floor":7,"key":"DuplicationPotion"},{"floor":10,"key":"hexamod:EctoCoolerPotion"},{"floor":18,"key":"BlessingOfTheForge"},{"floor":22,"key":"Flashbang"},{"floor":31,"key":"BlessingOfTheForge"},{"floor":33,"key":"Adrenaline Potion"},{"floor":48,"key":"SneckoOil"}],"is_trial":false,"path_per_floor":["M","M","?","T","M","R","M","?","T","E","R","$","M","$","R","B",null,"M","$","M","$","M","R","E","M","T","R","?","M","?","M","R","B",null,"M","?","?","?","R","?","T","R","M","?","M","R","B"],"character_chosen":"IRONCLAD","items_purchased":["Impervious","Garlic","Shrug It Off"],"campfire_rested":4,"item_purchase_floors":[14,19,21],"current_hp_per_floor":[88,88,88,88,88,88,88,88,88,67,67,67,73,73,73,18,88,80,80,76,76,50,76,62,56,56,82,82,74,74,64,88,60,88,77,77,77,77,77,77,77,77,84,84,65,84,0,0],"gold":167,"neow_bonus":"TEN_PERCENT_HP_BONUS","is_daily":false,"chose_seed":false,"campfire_upgraded":5,"win_rate":0.0,"timestamp":1609807870,"path_taken":["M","M","?","?","M","R","M","?","T","E","R","$","M","$","R","BOSS","M","$","M","$","M","R","E","M","T","R","?","?","?","M","R","BOSS","M","?","?","?","R","?","T","R","M","?","M","R","BOSS"],"items_purchased_type":["Card","Relic","Card"],"build_version":"2020-12-22","purchased_purges":0,"victory":false,"max_hp_per_floor":[88,88,88,88,88,88,88,88,88,88,88,88,88,88,88,88,88,88,88,88,88,88,88,88,88,88,88,88,88,88,88,88,88,88,88,88,88,84,84,84,84,84,84,84,84,84,84,84],"card_choices":[{"not_picked":["Headbutt","Dual Wield","Ghostly Armor"],"picked":"SKIP","floor":1},{"not_picked":["hubris:ReadiedAction","Combust"],"picked":"Flex","floor":2},{"not_picked":["Disarm","Pommel Strike","ReplayTheSpireMod:Corrosion Curse"],"picked":"SKIP","floor":5},{"not_picked":["Fire Breathing","Clothesline"],"picked":"Berserk","floor":7},{"not_picked":["hubris:ReadiedAction","Body Slam"],"picked":"Shrug It Off","floor":10},{"not_picked":["Headbutt","hubris:ReadiedAction","Sever Soul"],"picked":"SKIP","floor":13},{"not_picked":["Replay:Many Hands","Exhume"],"picked":"Demon Form","floor":16},{"not_picked":["Replay:Undeath\u0027s Touch","Havoc+1"],"picked":"ReplayTheSpireMod:Muscle Training","floor":18},{"not_picked":["Replay:Undeath\u0027s Touch","Run Through"],"picked":"Carnage+1","floor":20},{"not_picked":["Rage","Carnage","Run Through"],"picked":"SKIP","floor":22},{"not_picked":["Iron Wave","Cleave","hubris:CleavingFinish"],"picked":"SKIP","floor":24},{"not_picked":["Run Through","ReplayTheSpireMod:Strike From Hell","ReplayTheSpireMod:LeadingStrike"],"picked":"SKIP","floor":25},{"not_picked":["hubris:ReadiedAction","Replay:Undeath\u0027s Touch"],"picked":"Inflame+1","floor":29},{"not_picked":["Rage","Burning Pact","Thunderclap"],"picked":"SKIP","floor":31},{"not_picked":["Corruption","Demon Form"],"picked":"Double Tap","floor":33},{"not_picked":["Havoc+1","Armaments","Clash"],"picked":"SKIP","floor":35},{"not_picked":["Sword Boomerang+1","ReplayTheSpireMod:Strike From Hell","Havoc+1"],"picked":"SKIP","floor":46},{"not_picked":["Warcry","Clothesline+1"],"picked":"Body Slam+1","floor":48}],"player_experience":452694,"relics_obtained":[{"floor":4,"key":"infinitespire:WardingShard"},{"floor":9,"key":"hubris:ToyBattleship"},{"floor":10,"key":"Replay:Towering Pillar of Hats"},{"floor":24,"key":"Replay:Accelerometer"},{"floor":26,"key":"Gremlin Food"},{"floor":43,"key":"hubris:Reverence"}],"event_choices":[{"damage_healed":0,"gold_gain":0,"player_choice":"Ignored","damage_taken":0,"max_hp_gain":0,"max_hp_loss":0,"event_name":"Golden Idol","floor":8,"gold_loss":0},{"damage_healed":0,"gold_gain":0,"player_choice":"Read","damage_taken":0,"max_hp_gain":0,"max_hp_loss":0,"event_name":"The Library","floor":28,"gold_loss":0,"cards_obtained":["Clothesline"]},{"damage_healed":0,"gold_gain":0,"player_choice":"Obtained Relic","damage_taken":0,"relics_obtained":["hubris:Teleporter"],"max_hp_gain":0,"max_hp_loss":0,"event_name":"Addict","floor":30,"gold_loss":85},{"damage_healed":0,"gold_gain":0,"player_choice":"Max HP","damage_taken":0,"max_hp_gain":0,"max_hp_loss":4,"event_name":"Winding Halls","floor":39,"gold_loss":0},{"damage_healed":0,"gold_gain":0,"player_choice":"Ignored","damage_taken":0,"max_hp_gain":0,"max_hp_loss":0,"event_name":"Mysterious Sphere","floor":42,"gold_loss":0},{"cards_removed":["Defend_R"],"damage_healed":0,"gold_gain":0,"player_choice":"Removed Skill","damage_taken":0,"max_hp_gain":0,"max_hp_loss":0,"event_name":"Falling","floor":47,"gold_loss":0}],"is_beta":false,"boss_relics":[{"not_picked":["Electric Blood","hubris:TerracottaHorce","hubris:RunicObelisk"]},{"not_picked":["Runic Cube","ChewingGum"],"picked":"Black Blood"}],"items_purged_floors":[],"is_endless":false,"potions_floor_spawned":[2,7,10,18,22,31,33,48],"killed_by":"Awakened One","ascension_level":2}}