{"host":"30p6vp5e6xgjixv6","time":1609827446,"event":{"mods":["AchievementEnabler","BaseMod","Better Match","Better Note","BetterRewards","Colored Map","Colored Powertips","Downfall","Gremlin Skip","Minty Spire (QoL Compilation)","Quick Restart","Rare Cards Sparkle","Relic Filter","StSLib","The IronCluck"],"gold_per_floor":[199,218,9,26,41,41,87,87,118,118,135,45,145,172,189,286,336,261,261,281,298,310,235,289,315,315,340,360,360,360,360,360],"floor_reached":30,"playtime":1652,"items_purged":["Guardian:Strike_Guardian"],"score":358,"play_id":"9f44721c-2d6a-4fe0-bd37-f055c298d515","local_time":"20210105011726","is_ascension_mode":true,"campfire_choices":[{"data":"Guardian:TwinSlam","floor":1,"key":"SMITH"},{"data":"Guardian:PiercingHide","floor":8,"key":"SMITH"},{"floor":18,"key":"RECALL"},{"floor":23,"key":"REST"}],"circlet_count":0,"master_deck":["Guardian:Strike_Guardian","Guardian:Strike_Guardian","Guardian:Strike_Guardian","Guardian:Defend_Guardian","Guardian:Defend_Guardian","Guardian:Defend_Guardian+1","Guardian:Defend_Guardian","Guardian:CurlUp","Guardian:TwinSlam+1","Guardian:BronzeArmor","Guardian:CrystalBeam","Guardian:PiercingHide+1","Guardian:Suspension","Guardian:Preprogram","Guardian:Planning","Guardian:DonusPower","Guardian:RollAttack","Guardian:Orbwalk+1","Guardian:Gem_Lightblue","Guardian:Gem_Fragmented"],"relics":["Guardian:ModeShifter","Toolbox","Lantern","Kunai","Du-Vu Doll","Tiny House","downfall:HeartBlessingBlue","downfall:HeartBlessingRed","Vajra","Pantograph","Eternal Feather","downfall:RedIOU"],"acts_visited":["Exordium","TheCity"],"potions_floor_usage":[14,21,21,25,25,27],"damage_taken":[{"damage":0,"enemies":"Cultist","floor":2,"turns":4},{"damage":0,"enemies":"downfall:FleeingMerchant","floor":3,"turns":4},{"damage":6,"enemies":"Jaw Worm","floor":4,"turns":4},{"damage":0,"enemies":"Small Slimes","floor":5,"turns":4},{"damage":15,"enemies":"3 Sentries","floor":9,"turns":5},{"damage":3,"enemies":"Exordium Wildlife","floor":11,"turns":3},{"damage":0,"enemies":"downfall:FleeingMerchant","floor":12,"turns":4},{"damage":0,"enemies":"Lagavulin","floor":14,"turns":8},{"damage":0,"enemies":"Red Slaver","floor":15,"turns":4},{"damage":13,"enemies":"downfall:Silent","floor":16,"turns":9},{"damage":0,"enemies":"Chosen","floor":19,"turns":1},{"damage":5,"enemies":"Spheric Guardian","floor":20,"turns":5},{"damage":43,"enemies":"Cultist and Chosen","floor":21,"turns":9},{"damage":24,"enemies":"Snake Plant","floor":22,"turns":4},{"damage":23,"enemies":"Gremlin Leader","floor":25,"turns":6},{"damage":15,"enemies":"Slavers","floor":27,"turns":4},{"damage":12,"enemies":"Centurion and Healer","floor":28,"turns":3},{"damage":1,"enemies":"downfall:FleeingMerchant","floor":30,"turns":2}],"seed_played":"-1155827690608018522","potions_obtained":[{"floor":4,"key":"Fire Potion"},{"floor":5,"key":"SpeedPotion"},{"floor":11,"key":"hexamod:EctoCoolerPotion"},{"floor":14,"key":"hexamod:EctoCoolerPotion"},{"floor":15,"key":"Explosive Potion"},{"floor":17,"key":"Strength Potion"},{"floor":21,"key":"Block Potion"},{"floor":22,"key":"Strength Potion"},{"floor":25,"key":"Explosive Potion"}],"is_trial":false,"path_per_floor":["R","M","$","M","M","?","T","R","E","T","M","$","?","E","M","B",null,"R","M","M","M","M","R","T","E","?","E","M","?","$"],"character_chosen":"GUARDIAN","items_purchased":["Toolbox","Guardian:PiercingHide"],"campfire_rested":1,"item_purchase_floors":[3,3],"current_hp_per_floor":[80,80,80,74,74,74,74,74,59,59,56,56,56,56,56,43,85,95,95,90,47,23,51,51,28,28,13,1,1,0,0,0],"gold":360,"neow_bonus":"HUNDRED_GOLD","is_daily":false,"chose_seed":false,"campfire_upgraded":2,"win_rate":0.0,"timestamp":1609827446,"path_taken":["R","M","?","?","M","?","T","R","E","?","M","$","?","E","M","BOSS","R","M","M","?","M","R","T","E","?","E","?","?","?"],"items_purchased_type":["Relic","Card"],"build_version":"2020-12-22","purchased_purges":1,"victory":false,"max_hp_per_floor":[80,80,80,80,80,80,80,80,80,80,80,80,80,80,80,80,85,95,95,95,95,95,95,95,95,95,95,95,95,95,95,95],"card_choices":[{"not_picked":["Guardian:Gem_Red","Guardian:Gem_Cyan"],"picked":"Guardian:BronzeArmor","floor":2},{"not_picked":["Guardian:Gem_Red","Guardian:Recover"],"picked":"Guardian:CrystalBeam","floor":3},{"not_picked":["Guardian:ShieldSpikes","Guardian:PrimingBeam"],"picked":"Guardian:Gem_Red","floor":4},{"not_picked":["Guardian:ChargeCore","Guardian:PiercingHide"],"picked":"Guardian:Suspension","floor":5},{"not_picked":["Guardian:Harden","Guardian:GemFire"],"picked":"Guardian:Preprogram","floor":9},{"not_picked":["Guardian:Gem_Fragmented","Guardian:RollAttack"],"picked":"Guardian:Gem_Cyan","floor":11},{"not_picked":["Guardian:FuturePlans","Guardian:Gem_Lightblue"],"picked":"Guardian:Gem_Purple","floor":12},{"not_picked":["Guardian:RefractedBeam","Guardian:TimeBomb"],"picked":"Guardian:Gem_Blue","floor":14},{"not_picked":["Guardian:Clone","Guardian:Incinerate","Guardian:Planning"],"picked":"SKIP","floor":15},{"not_picked":["Guardian:Clone","Guardian:Incinerate"],"picked":"Guardian:Planning","floor":15},{"not_picked":["Guardian:TimeSifter","Guardian:HyperBeam_Guardian"],"picked":"Guardian:Gem_Orange","floor":16},{"not_picked":["Guardian:Harden","Guardian:PrismaticBarrier"],"picked":"Guardian:DonusPower","floor":17},{"not_picked":["Guardian:Planning","Guardian:PrimingBeam","Guardian:VentSteam"],"picked":"SKIP","floor":19},{"not_picked":["Guardian:TimeCapacitor","Guardian:Gem_Blue"],"picked":"Guardian:Gem_Green","floor":20},{"not_picked":["Guardian:Gem_Green","Guardian:PiercingHide+1"],"picked":"Guardian:Gem_Blue","floor":21},{"not_picked":["Guardian:RefractedBeam","Guardian:TimeBomb+1"],"picked":"Guardian:RollAttack","floor":22},{"not_picked":["Guardian:FierceBash","Guardian:ChargeUp"],"picked":"Guardian:Orbwalk+1","floor":25},{"not_picked":["Guardian:CrystalBeam","Guardian:ShieldSpikes"],"picked":"Guardian:Gem_Lightblue","floor":27},{"not_picked":["Guardian:DonusPower","Guardian:Gem_Green"],"picked":"Guardian:Gem_Fragmented","floor":28}],"player_experience":191895,"relics_obtained":[{"floor":7,"key":"Lantern"},{"floor":9,"key":"Kunai"},{"floor":14,"key":"Du-Vu Doll"},{"floor":24,"key":"Bag of Preparation"},{"floor":25,"key":"Vajra"},{"floor":26,"key":"Pantograph"},{"floor":27,"key":"Eternal Feather"}],"event_choices":[{"damage_healed":0,"gold_gain":0,"player_choice":"Relic","damage_taken":0,"max_hp_gain":0,"max_hp_loss":0,"event_name":"Wheel of Change","floor":26,"gold_loss":0}],"is_beta":false,"boss_relics":[{"not_picked":["Busted Crown","Fusion Hammer"],"picked":"Tiny House"}],"items_purged_floors":[12],"is_endless":false,"potions_floor_spawned":[4,5,11,14,15,21,22,25],"killed_by":"downfall:FleeingMerchant","ascension_level":2}}