{"host":"ig7tc0uedzltt2sr","time":1609821791,"event":{"mods":["BaseMod","Better Twitch Integration","Block Reminder","Colored Map","Colored Powertips","Communication Mod","Current Relic Mod","GifTheSpireLib","HexUI Lib","Minty Spire (QoL Compilation)","Quick Restart","Random Character Button","Rare Cards Sparkle","Relic Sorter","Relic Stats","Slay the Relics Exporter","StSLib","SuperFastMode","Synergy Search","Twitch Decklist","Twitch Utils","everything is the same but u backflip on backflip","slay the spire mod where everything is the same but ironclad has a cowboy hat"],"gold_per_floor":[118,118,130,0,0,31,31,46,100,70,84,96,112,130,130,130,130],"floor_reached":16,"playtime":165,"items_purged":[],"score":104,"play_id":"0cb9e132-d9a8-488c-8e6c-81bc0f6fbc95","local_time":"20210104204311","is_ascension_mode":false,"campfire_choices":[{"floor":7,"key":"REST"},{"floor":15,"key":"REST"}],"circlet_count":0,"master_deck":["Strike_R+1","Strike_R","Strike_R","Strike_R","Strike_R","Defend_R","Defend_R","Defend_R+1","Defend_R","Bash","Pommel Strike","Wild Strike","Impatience","Headbutt","Shrug It Off","Flame Barrier","Carnage","Carnage","Feed","True Grit"],"relics":["Burning Blood","MealTicket"],"acts_visited":["Exordium"],"potions_floor_usage":[],"damage_taken":[{"damage":2,"enemies":"Small Slimes","floor":1,"turns":7},{"damage":2,"enemies":"Jaw Worm","floor":3,"turns":6},{"damage":72,"enemies":"3 Sentries","floor":6,"turns":12},{"damage":0,"enemies":"Cultist","floor":8,"turns":4},{"damage":2,"enemies":"Looter","floor":10,"turns":4},{"damage":26,"enemies":"Lots of Slimes","floor":11,"turns":7},{"damage":1,"enemies":"3 Louse","floor":12,"turns":5},{"damage":16,"enemies":"Large Slime","floor":13,"turns":13},{"damage":0,"enemies":"Blue Slaver","floor":14,"turns":4},{"damage":65,"enemies":"Slime Boss","floor":16,"turns":6}],"seed_played":"5651612900406606376","potions_obtained":[{"floor":11,"key":"DistilledChaos"},{"floor":12,"key":"SteroidPotion"},{"floor":13,"key":"Weak Potion"}],"is_trial":false,"path_per_floor":["M","?","M","$","?","E","R","M","T","M","M","M","M","M","R","B"],"character_chosen":"IRONCLAD","items_purchased":["Impatience","Headbutt"],"campfire_rested":2,"item_purchase_floors":[4,4],"current_hp_per_floor":[88,70,74,74,74,8,34,40,40,44,24,29,19,25,51,0,0],"gold":130,"neow_bonus":"TEN_PERCENT_HP_BONUS","is_daily":false,"chose_seed":false,"campfire_upgraded":0,"win_rate":0.0,"timestamp":1609821791,"path_taken":["M","?","M","$","?","E","R","M","T","M","M","M","M","M","R","BOSS"],"items_purchased_type":["Card","Card"],"build_version":"2020-12-22","purchased_purges":0,"victory":false,"max_hp_per_floor":[88,88,88,88,88,88,88,88,88,88,88,88,88,88,88,88,88],"relic_stats":{"counters":[10,68],"MealTicket":0,"obtain_stats":[{"MealTicket":6,"Burning Blood":0},{"MealTicket":3,"Burning Blood":0},{"MealTicket":25,"Burning Blood":0}],"Burning Blood":50},"card_choices":[{"not_picked":["Rampage","True Grit"],"picked":"Pommel Strike","floor":1},{"not_picked":["Cleave","True Grit"],"picked":"Wild Strike","floor":3},{"not_picked":["Flex","Headbutt"],"picked":"Shrug It Off","floor":6},{"not_picked":["Clash","Sword Boomerang"],"picked":"Flame Barrier","floor":8},{"not_picked":["Warcry","Second Wind","Inflame"],"picked":"SKIP","floor":10},{"not_picked":["Anger","Body Slam"],"picked":"Carnage","floor":11},{"not_picked":["Wild Strike","Havoc"],"picked":"Carnage","floor":12},{"not_picked":["Inflame","Warcry"],"picked":"Feed","floor":13},{"not_picked":["Clothesline","Shrug It Off"],"picked":"True Grit","floor":14}],"player_experience":1422788,"relics_obtained":[{"floor":6,"key":"MealTicket"}],"event_choices":[{"damage_healed":0,"gold_gain":0,"player_choice":"Entered Light","damage_taken":18,"max_hp_gain":0,"max_hp_loss":0,"event_name":"Shining Light","floor":2,"gold_loss":0,"cards_upgraded":["Strike_R","Defend_R"]},{"damage_healed":0,"gold_gain":0,"player_choice":"Ignored","damage_taken":0,"max_hp_gain":0,"max_hp_loss":0,"event_name":"Golden Idol","floor":5,"gold_loss":0}],"is_beta":false,"boss_relics":[],"items_purged_floors":[],"is_endless":false,"potions_floor_spawned":[11,12,13],"killed_by":"Slime Boss","ascension_level":0}}