{"host":"1a3cjta80tad0aqj","time":1609854270,"event":{"mods":["2.2 Compatiblity","AchievementEnabler","BaseMod","Colored Map","DeckTracker","KOR Keyword Fix","Keyboard Shortcuts","Minty Spire (QoL Compilation)","Permanent Neow","Quick Restart","Random Character Button","StSLib","SuperFastMode","everything is the same but u backflip on backflip"],"gold_per_floor":[112,187,187,201,215,215,46,46,46,71,71,96,46,59,59,183,183,202,202,217,139,154,189,189,208,254,254,20,45,64,89,89,210,210,235,235,132,156,177,177,177,196,270,270,270,270,132,132,132,132,132],"floor_reached":50,"playtime":3760,"items_purged":["Strike_B","Defend_B","Strike_B+1"],"score":456,"play_id":"ee8a36f8-ab33-422f-a21b-d313e5c7dcac","local_time":"20210105224430","is_ascension_mode":false,"campfire_choices":[{"data":"Dramatic Entrance","floor":6,"key":"SMITH"},{"floor":11,"key":"REST"},{"data":"Apotheosis","floor":15,"key":"SMITH"},{"data":"Hyperbeam","floor":24,"key":"SMITH"},{"floor":32,"key":"REST"},{"data":"Beam Cell","floor":40,"key":"SMITH"},{"floor":44,"key":"REST"},{"floor":49,"key":"REST"}],"circlet_count":0,"master_deck":["Defend_B+1","Zap+1","Dualcast+1","Dramatic Entrance+1","Rebound+1","Ball Lightning+1","Sweeping Beam+1","Apotheosis+1","Conserve Battery+1","BootSequence+1","All For One+1","Hyperbeam+1","Cold Snap+1","Sunder+1","Machine Learning+1","Gash+1","Reprogram+1","Melter+1","Beam Cell+1","Barrage+1","Coolheaded+1","Dramatic Entrance+1","Dramatic Entrance+1","Aggregate+1","Fusion+1","Steam+1","Electrodynamics+1","Stack+1"],"relics":["Cracked Core","Golden Idol","Du-Vu Doll","Astrolabe","Lantern","Shuriken","Vajra","Membership Card","Busted Crown","Cables","Mark of the Bloom","HandDrill"],"acts_visited":["Exordium","TheCity","TheBeyond"],"potions_floor_usage":[23,23,29,29,42,48,50,50,50,50,50],"damage_taken":[{"damage":0,"enemies":"2 Louse","floor":1,"turns":1},{"damage":0,"enemies":"Small Slimes","floor":4,"turns":2},{"damage":0,"enemies":"Cultist","floor":5,"turns":2},{"damage":7,"enemies":"Blue Slaver","floor":10,"turns":3},{"damage":0,"enemies":"2 Fungi Beasts","floor":12,"turns":1},{"damage":0,"enemies":"Large Slime","floor":14,"turns":4},{"damage":51,"enemies":"Slime Boss","floor":16,"turns":8},{"damage":0,"enemies":"Spheric Guardian","floor":18,"turns":3},{"damage":0,"enemies":"Chosen","floor":20,"turns":3},{"damage":13,"enemies":"Snake Plant","floor":22,"turns":4},{"damage":6,"enemies":"Gremlin Leader","floor":23,"turns":4},{"damage":22,"enemies":"Snecko","floor":25,"turns":4},{"damage":16,"enemies":"Shelled Parasite and Fungi","floor":29,"turns":3},{"damage":0,"enemies":"3 Cultists","floor":30,"turns":2},{"damage":2,"enemies":"Centurion and Healer","floor":31,"turns":5},{"damage":31,"enemies":"Champ","floor":33,"turns":8},{"damage":0,"enemies":"3 Shapes","floor":35,"turns":1},{"damage":5,"enemies":"Orb Walker","floor":38,"turns":2},{"damage":7,"enemies":"3 Darklings","floor":39,"turns":2},{"damage":18,"enemies":"Sphere and 2 Shapes","floor":42,"turns":2},{"damage":0,"enemies":"Writhing Mass","floor":48,"turns":1},{"damage":75,"enemies":"Donu and Deca","floor":50,"turns":6}],"seed_played":"589262672579886941","potions_obtained":[{"floor":10,"key":"SteroidPotion"},{"floor":12,"key":"Energy Potion"},{"floor":14,"key":"GamblersBrew"},{"floor":23,"key":"Block Potion"},{"floor":33,"key":"EssenceOfSteel"},{"floor":39,"key":"DuplicationPotion"},{"floor":42,"key":"SmokeBomb"}],"is_trial":false,"path_per_floor":["M","?","?","M","M","R","$","?","T","M","R","M","?","M","R","B",null,"M","?","M","$","M","E","R","M","T","?","$","M","M","M","R","B",null,"M","?","$","M","M","R","?","M","T","R","?","?","$","M","R","B"],"character_chosen":"DEFECT","items_purchased":["Apotheosis","Melter","Membership Card","Dramatic Entrance","EntropicBrew","HandDrill"],"campfire_rested":4,"item_purchase_floors":[7,21,28,28,37,47],"current_hp_per_floor":[75,64,46,46,46,46,46,46,46,39,61,61,61,61,61,10,75,75,75,75,75,62,56,56,34,34,34,34,18,18,16,38,7,75,75,75,75,70,63,63,63,45,45,66,66,66,66,66,66,0,0],"gold":132,"neow_bonus":"RANDOM_COLORLESS","is_daily":false,"chose_seed":false,"campfire_upgraded":4,"win_rate":0.0,"timestamp":1609854270,"path_taken":["M","?","?","M","M","R","$","?","T","M","R","M","?","M","R","BOSS","M","?","M","$","M","E","R","M","T","?","$","M","?","M","R","BOSS","M","?","$","M","M","R","?","M","T","R","?","?","$","M","R","BOSS"],"items_purchased_type":["Card","Card","Relic","Card","Potion","Relic"],"build_version":"2020-12-22","purchased_purges":3,"victory":false,"max_hp_per_floor":[75,75,75,75,75,75,75,75,75,75,75,75,75,75,75,75,75,75,75,75,75,75,75,75,75,75,75,75,75,75,75,75,75,75,75,75,75,75,75,75,71,71,71,71,71,71,71,71,71,71,71],"card_choices":[{"not_picked":["Jack Of All Trades","Good Instincts"],"picked":"Dramatic Entrance","floor":0},{"not_picked":["Compile Driver","Chill"],"picked":"Rebound","floor":1},{"not_picked":["Glacier","FTL"],"picked":"Ball Lightning","floor":4},{"not_picked":["Compile Driver","Go for the Eyes"],"picked":"Sweeping Beam","floor":5},{"not_picked":["Undo","Hologram"],"picked":"Conserve Battery","floor":10},{"not_picked":["Conserve Battery","Fusion"],"picked":"BootSequence","floor":12},{"not_picked":["Defragment","Go for the Eyes"],"picked":"All For One","floor":14},{"not_picked":["Amplify","Echo Form"],"picked":"Hyperbeam","floor":16},{"not_picked":["Sweeping Beam","Turbo"],"picked":"Gash","floor":18},{"not_picked":["Gash","Coolheaded"],"picked":"Reprogram+1","floor":20},{"not_picked":["Glacier","Auto Shields"],"picked":"Beam Cell","floor":22},{"not_picked":["Redo","Steam"],"picked":"Barrage+1","floor":23},{"not_picked":["Rebound+1","Ball Lightning"],"picked":"Coolheaded+1","floor":25},{"not_picked":["Doom and Gloom+1","Compile Driver+1"],"picked":"Aggregate","floor":29},{"not_picked":["Coolheaded","Reprogram+1"],"picked":"Fusion+1","floor":30},{"not_picked":["Streamline","Consume"],"picked":"Steam","floor":31},{"not_picked":["Thunder Strike","Core Surge"],"picked":"Electrodynamics","floor":33},{"not_picked":[],"picked":"Stack+1","floor":35},{"not_picked":["Coolheaded+1"],"picked":"SKIP","floor":38},{"not_picked":["Sunder+1"],"picked":"SKIP","floor":39},{"not_picked":["Barrage+1"],"picked":"SKIP","floor":42}],"player_experience":139943,"relics_obtained":[{"floor":9,"key":"Du-Vu Doll"},{"floor":23,"key":"Shuriken"},{"floor":26,"key":"Vajra"},{"floor":43,"key":"Cables"}],"event_choices":[{"damage_healed":0,"gold_gain":75,"player_choice":"Gather Gold","damage_taken":11,"max_hp_gain":0,"max_hp_loss":0,"event_name":"World of Goop","floor":2,"gold_loss":0},{"damage_healed":0,"gold_gain":0,"player_choice":"Take Damage","damage_taken":18,"relics_obtained":["Golden Idol"],"max_hp_gain":0,"max_hp_loss":0,"event_name":"Golden Idol","floor":3,"gold_loss":0},{"damage_healed":0,"gold_gain":0,"player_choice":"Fled","damage_taken":0,"max_hp_gain":0,"max_hp_loss":0,"event_name":"Scrap Ooze","floor":8,"gold_loss":0},{"cards_removed":["Defend_B"],"damage_healed":0,"gold_gain":0,"player_choice":"Card Removal","damage_taken":0,"max_hp_gain":0,"max_hp_loss":0,"event_name":"The Cleric","floor":13,"gold_loss":50},{"damage_healed":0,"gold_gain":0,"player_choice":"Opened","damage_taken":0,"relics_obtained":["Lantern"],"max_hp_gain":0,"max_hp_loss":0,"event_name":"The Mausoleum","floor":19,"gold_loss":0},{"damage_healed":0,"gold_gain":0,"player_choice":"Copied","damage_taken":0,"max_hp_gain":0,"max_hp_loss":0,"event_name":"Duplicator","floor":27,"gold_loss":0,"cards_obtained":["Dramatic Entrance"]},{"damage_healed":0,"gold_gain":0,"player_choice":"Ignored","damage_taken":0,"max_hp_gain":0,"max_hp_loss":0,"event_name":"Mysterious Sphere","floor":36,"gold_loss":0},{"damage_healed":0,"gold_gain":0,"player_choice":"Max HP","damage_taken":0,"max_hp_gain":0,"max_hp_loss":4,"event_name":"Winding Halls","floor":41,"gold_loss":0},{"damage_healed":0,"gold_gain":0,"player_choice":"Upgrade","damage_taken":0,"relics_obtained":["Mark of the Bloom"],"max_hp_gain":0,"max_hp_loss":0,"event_name":"MindBloom","floor":45,"gold_loss":0,"cards_upgraded":["Strike_B","Defend_B","Zap","Dualcast","Rebound","Ball Lightning","Sweeping Beam","Conserve Battery","BootSequence","All For One","Gash","Melter","Dramatic Entrance","Aggregate","Steam","Electrodynamics"]},{"damage_healed":0,"gold_gain":0,"player_choice":"Ignored","damage_taken":0,"max_hp_gain":0,"max_hp_loss":0,"event_name":"Tomb of Lord Red Mask","floor":46,"gold_loss":0}],"is_beta":false,"boss_relics":[{"not_picked":["Sozu","Fusion Hammer"],"picked":"Astrolabe"},{"not_picked":["FrozenCore","Snecko Eye"],"picked":"Busted Crown"}],"items_purged_floors":[28,37,47],"is_endless":false,"potions_floor_spawned":[10,12,14,20,23,33,39,42],"killed_by":"Donu and Deca","ascension_level":0}}