{"host":"1a3cjta80tad0aqj","time":1609850116,"event":{"mods":["2.2 Compatiblity","AchievementEnabler","BaseMod","Colored Map","DeckTracker","KOR Keyword Fix","Keyboard Shortcuts","Minty Spire (QoL Compilation)","Permanent Neow","Quick Restart","Random Character Button","StSLib","SuperFastMode","everything is the same but u backflip on backflip"],"gold_per_floor":[117,117,117,127,127,127,137,156,156,231,231,246,261,30,30,135,135,145,158,158,177,177,177,177,177,252,174,187,35,48,63,63,167,167,179,229,229,243,243,243,257,275,300,316,44,44,44,64,64,64],"floor_reached":51,"playtime":2617,"items_purged":["Regret","Defend_G","Strike_G"],"score":666,"play_id":"7cac9d7c-6aa4-40ba-b49d-409b02a287cb","local_time":"20210105213516","is_ascension_mode":false,"campfire_choices":[{"floor":6.0,"key":"REST"},{"floor":11.0,"key":"REST"},{"data":"Predator","floor":15.0,"key":"SMITH"},{"floor":23.0,"key":"REST"},{"floor":25.0,"key":"REST"},{"floor":32.0,"key":"REST"},{"floor":40,"key":"REST"},{"floor":49,"key":"REST"}],"circlet_count":0,"master_deck":["Strike_G","Strike_G","Strike_G","Strike_G","Defend_G","Defend_G","Defend_G","Survivor","Neutralize","Dagger Spray","Predator+1","Blade Dance","Backstab","Underhanded Strike","After Image","Glass Knife","Dagger Spray+1","PiercingWail+1","Phantasmal Killer+1","Backstab","Slice","Skewer+1","Doppelganger","Outmaneuver","Finisher+1","Night Terror","Adrenaline","Backflip+1"],"relics":["Ring of the Snake","Vajra","Ice Cream","Orichalcum","Eternal Feather","HandDrill","Fusion Hammer","Nunchaku","Darkstone Periapt","WristBlade","StoneCalendar","Snake Skull","Lee\u0027s Waffle"],"acts_visited":["Exordium","TheCity","TheBeyond"],"potions_floor_usage":[33,33,33,44,50,50,50],"damage_taken":[{"damage":0.0,"enemies":"Small Slimes","floor":1.0,"turns":4.0},{"damage":0.0,"enemies":"2 Louse","floor":4.0,"turns":2.0},{"damage":5.0,"enemies":"Cultist","floor":7.0,"turns":3.0},{"damage":0.0,"enemies":"3 Louse","floor":8.0,"turns":2.0},{"damage":3.0,"enemies":"Large Slime","floor":12.0,"turns":4.0},{"damage":0.0,"enemies":"Looter","floor":13.0,"turns":2.0},{"damage":32.0,"enemies":"The Guardian","floor":16.0,"turns":7.0},{"damage":2.0,"enemies":"Shell Parasite","floor":18.0,"turns":3.0},{"damage":0.0,"enemies":"3 Byrds","floor":19.0,"turns":2.0},{"damage":0.0,"enemies":"Snecko","floor":21.0,"turns":3.0},{"damage":0.0,"enemies":"Chosen and Byrds","floor":28.0,"turns":3.0},{"damage":0.0,"enemies":"Centurion and Healer","floor":30.0,"turns":3.0},{"damage":0.0,"enemies":"Snecko","floor":31.0,"turns":3.0},{"damage":4,"enemies":"Collector","floor":33,"turns":3},{"damage":25,"enemies":"3 Shapes","floor":35,"turns":2},{"damage":0,"enemies":"Mind Bloom Boss Battle","floor":36,"turns":4},{"damage":0,"enemies":"Orb Walker","floor":38,"turns":2},{"damage":30,"enemies":"Sphere and 2 Shapes","floor":41,"turns":4},{"damage":14,"enemies":"Writhing Mass","floor":42,"turns":3},{"damage":26,"enemies":"Spire Growth","floor":44,"turns":3},{"damage":22,"enemies":"Sphere and 2 Shapes","floor":48,"turns":4},{"damage":76,"enemies":"Donu and Deca","floor":50,"turns":7}],"seed_played":"5817961732075680172","potions_obtained":[{"floor":7.0,"key":"BlessingOfTheForge"},{"floor":12.0,"key":"FearPotion"},{"floor":13.0,"key":"EntropicBrew"},{"floor":35,"key":"ColorlessPotion"},{"floor":42,"key":"BlessingOfTheForge"},{"floor":44,"key":"ColorlessPotion"},{"floor":48,"key":"SkillPotion"}],"is_trial":false,"path_per_floor":["M","?","?","M","?","R","M","M","T","?","R","M","M","$","R","B",null,"M","M","?","M","?","R","?","R","T","$","M","$","M","M","R","B",null,"M","?","?","M","?","R","M","M","T","M","$","?","?","M","R","B",null],"character_chosen":"THE_SILENT","items_purchased":["HandDrill","Backstab","Energy Potion","Lee\u0027s Waffle"],"campfire_rested":7,"item_purchase_floors":[14,27,29,45],"current_hp_per_floor":[70,28,28,28,28,49,44,44,44,33,63,60,60,60,69,37,70,68,68,68,68,55,75,75,75,75,75,75,75,75,75,75,71,75,50,50,50,50,50,75,45,31,31,5,82,82,82,60,82,6],"gold":64,"neow_bonus":"RANDOM_COMMON_RELIC","is_daily":false,"chose_seed":false,"campfire_upgraded":1,"win_rate":0.0,"timestamp":1609850116,"path_taken":["M","?","?","M","?","R","M","M","T","?","R","M","M","$","R","BOSS","M","M","?","M","?","R","?","R","T","$","?","$","M","M","R","BOSS","M","?","?","M","?","R","M","M","T","?","$","?","?","?","R","BOSS"],"items_purchased_type":["Relic","Card","Potion","Relic"],"build_version":"2020-12-22","purchased_purges":3,"victory":true,"max_hp_per_floor":[70,70,70,70,70,70,70,70,70,70,70,70,70,70,70,70,70,70,70,70,70,75,75,75,75,75,75,75,75,75,75,75,75,75,75,75,75,75,75,75,75,75,75,75,82,82,82,82,82,82],"card_choices":[{"not_picked":["Caltrops","Flechettes"],"picked":"Dagger Spray","floor":1.0},{"not_picked":["Cloak And Dagger","Backflip"],"picked":"Predator","floor":4.0},{"not_picked":["Cloak And Dagger","Underhanded Strike"],"picked":"Blade Dance","floor":7.0},{"not_picked":["Poisoned Stab","Deadly Poison"],"picked":"Backstab","floor":8.0},{"not_picked":["Prepared","Outmaneuver"],"picked":"Underhanded Strike","floor":12.0},{"not_picked":["Blade Dance","Bane"],"picked":"After Image","floor":13.0},{"not_picked":["Burst","Unload"],"picked":"Glass Knife","floor":16.0},{"not_picked":["Cloak And Dagger","Flying Knee+1"],"picked":"Dagger Spray+1","floor":18.0},{"not_picked":["Underhanded Strike","Backflip"],"picked":"PiercingWail+1","floor":19.0},{"not_picked":["Finisher","Sucker Punch+1"],"picked":"Phantasmal Killer","floor":21.0},{"not_picked":["Deflect","Dodge and Roll+1"],"picked":"Slice","floor":28.0},{"not_picked":["Sucker Punch","Choke"],"picked":"Skewer+1","floor":30.0},{"not_picked":["Dagger Throw","Outmaneuver","Acrobatics"],"picked":"SKIP","floor":31.0},{"not_picked":["Malaise","Corpse Explosion"],"picked":"Doppelganger","floor":33},{"not_picked":["Slice+1","Dash"],"picked":"Outmaneuver","floor":35},{"not_picked":["Deadly Poison","PiercingWail+1"],"picked":"Finisher+1","floor":36},{"not_picked":["Dagger Spray","Poisoned Stab+1","Dagger Throw"],"picked":"SKIP","floor":38},{"not_picked":["Outmaneuver","Dagger Throw+1","Phantasmal Killer"],"picked":"SKIP","floor":41},{"not_picked":["Outmaneuver","Poisoned Stab","Cloak And Dagger"],"picked":"SKIP","floor":42},{"not_picked":["Footwork","Distraction+1","Choke"],"picked":"SKIP","floor":44},{"not_picked":["Acrobatics+1","Underhanded Strike"],"picked":"Backflip+1","floor":48}],"player_experience":137326,"relics_obtained":[{"floor":9.0,"key":"Eternal Feather"},{"floor":26.0,"key":"Darkstone Periapt"},{"floor":36,"key":"StoneCalendar"},{"floor":43,"key":"Snake Skull"}],"event_choices":[{"damage_healed":0.0,"max_hp_gain":0.0,"max_hp_loss":0.0,"gold_gain":0.0,"event_name":"Scrap Ooze","player_choice":"Success","floor":2.0,"gold_loss":0.0,"damage_taken":42.0,"relics_obtained":["Ice Cream"]},{"damage_healed":0.0,"max_hp_gain":0.0,"max_hp_loss":0.0,"gold_gain":0.0,"event_name":"Big Fish","player_choice":"Box","floor":3.0,"gold_loss":0.0,"damage_taken":0.0,"relics_obtained":["Orichalcum"],"cards_obtained":["Regret"]},{"damage_healed":0.0,"max_hp_gain":0.0,"max_hp_loss":0.0,"gold_gain":0.0,"event_name":"Liars Game","player_choice":"Ignored","floor":5.0,"gold_loss":0.0,"damage_taken":0.0},{"damage_healed":0.0,"max_hp_gain":0.0,"max_hp_loss":0.0,"gold_gain":75.0,"event_name":"World of Goop","player_choice":"Gather Gold","floor":10.0,"gold_loss":0.0,"damage_taken":11.0},{"damage_healed":0.0,"max_hp_gain":0.0,"max_hp_loss":0.0,"gold_gain":0.0,"event_name":"The Mausoleum","player_choice":"Opened","floor":20.0,"gold_loss":0.0,"damage_taken":0.0,"relics_obtained":["Nunchaku"]},{"damage_healed":0.0,"max_hp_gain":5.0,"max_hp_loss":0.0,"gold_gain":0.0,"event_name":"Forgotten Altar","player_choice":"Shed Blood","floor":22.0,"gold_loss":0.0,"damage_taken":18.0},{"damage_healed":0.0,"max_hp_gain":0.0,"max_hp_loss":0.0,"gold_gain":0.0,"event_name":"Upgrade Shrine","player_choice":"Upgraded","floor":24.0,"gold_loss":0.0,"damage_taken":0.0,"cards_upgraded":["Phantasmal Killer"]},{"damage_healed":0,"gold_gain":0,"player_choice":"Fight","damage_taken":0,"max_hp_gain":0,"max_hp_loss":0,"event_name":"MindBloom","floor":36,"gold_loss":0},{"damage_healed":0,"gold_gain":0,"player_choice":"Ignored","damage_taken":0,"max_hp_gain":0,"max_hp_loss":0,"event_name":"Tomb of Lord Red Mask","floor":37,"gold_loss":0},{"damage_healed":0,"gold_gain":0,"cards_transformed":["Defend_G"],"player_choice":"Transformed","damage_taken":0,"max_hp_gain":0,"max_hp_loss":0,"event_name":"Transmorgrifier","floor":39,"gold_loss":0,"cards_obtained":["Night Terror"]},{"damage_healed":0,"gold_gain":0,"player_choice":"Ignored","damage_taken":0,"max_hp_gain":0,"max_hp_loss":0,"event_name":"Mysterious Sphere","floor":46,"gold_loss":0},{"damage_healed":0,"gold_gain":0,"player_choice":"1 cards matched","damage_taken":0,"max_hp_gain":0,"max_hp_loss":0,"event_name":"Match and Keep!","floor":47,"gold_loss":0,"cards_obtained":["Adrenaline"]}],"is_beta":false,"boss_relics":[{"not_picked":["Runic Pyramid","Ring of the Serpent"],"picked":"Fusion Hammer"},{"not_picked":["Black Star","SacredBark"],"picked":"WristBlade"}],"items_purged_floors":[14,29,45],"is_endless":false,"potions_floor_spawned":[7,12,13,18,19,30,35,42,44,48],"ascension_level":0}}