{"host":"4qin5krp9hszysdc","time":1609812949,"event":{"mods":["AchievementEnabler","BaseMod","BetterRewards","Infinite Spire","Minty Spire (QoL Compilation)","Quick Restart","StSLib"],"gold_per_floor":[119,137,312,332,345,361,392,12,12,28,47,47,62,74,74,171,171,181,181,181,181,198,224,224,255,278,292,292,292,325,342,342,442,442,453,463,473,473,493,403,436,436,436,448,481,491,315,315,315,315],"floor_reached":51,"playtime":2894,"items_purged":["Doubt","Defend_G","Defend_G"],"score":1647,"play_id":"7da86d91-22c4-4229-9d99-aaa56d907647","local_time":"20210104211549","is_ascension_mode":true,"campfire_choices":[{"floor":15.0,"key":"REST"},{"data":"Well Laid Plans","floor":24,"key":"SMITH"},{"data":"Neutralize","floor":29,"key":"SMITH"},{"floor":32,"key":"REST"},{"floor":42,"key":"REST"},{"data":"Footwork","floor":49,"key":"SMITH"}],"circlet_count":0,"master_deck":["AscendersBane","Survivor+1","Neutralize+1","Glass Knife","Dagger Throw","Leg Sweep","Backflip","Deadly Poison","infinitespire:Neurotoxin","Poisoned Stab","Cloak And Dagger+1","Footwork+1","Good Instincts+1","Sucker Punch","Heel Hook","infinitespire:Neurotoxin","infinitespire:Neurotoxin","Blade Dance+1","Catalyst+1","PiercingWail+1","Ghostly","Ghostly","Ghostly","Ghostly","Ghostly","Well Laid Plans+1","Backflip","Burst","Cloak And Dagger+1","Crippling Poison+1","infinitespire:SealOfDarkness+","infinitespire:Collect","Dodge and Roll+1","Footwork+1","Crippling Poison+1"],"relics":["Ring of the Snake","Incense Burner","Turnip","Smiling Mask","TwistedFunnel","Mercury Hourglass","Astrolabe","HornCleat","infinitespire:EmpoweringShard","Snake Skull","War Paint","Empty Cage","Membership Card","Prayer Wheel","infinitespire:ShieldingShard","infinitespire:Lucky Rock","Sundial"],"acts_visited":["Exordium","TheCity","TheBeyond"],"potions_floor_usage":[22,30,50],"damage_taken":[{"damage":0.0,"enemies":"Cultist","floor":1.0,"turns":4.0},{"damage":0.0,"enemies":"Jaw Worm","floor":2.0,"turns":4.0},{"damage":0.0,"enemies":"Small Slimes","floor":4.0,"turns":4.0},{"damage":1.0,"enemies":"Blue Slaver","floor":5.0,"turns":5.0},{"damage":3.0,"enemies":"Exordium Thugs","floor":6.0,"turns":6.0},{"damage":20.0,"enemies":"Lagavulin","floor":7.0,"turns":8.0},{"damage":0.0,"enemies":"2 Fungi Beasts","floor":10.0,"turns":2.0},{"damage":2.0,"enemies":"Gremlin Gang","floor":11.0,"turns":3.0},{"damage":0.0,"enemies":"Blue Slaver","floor":13.0,"turns":5.0},{"damage":0.0,"enemies":"3 Louse","floor":14.0,"turns":2.0},{"damage":4.0,"enemies":"The Guardian","floor":16.0,"turns":10.0},{"damage":11.0,"enemies":"Shell Parasite","floor":18.0,"turns":4.0},{"damage":6,"enemies":"3 Byrds","floor":22,"turns":3},{"damage":1,"enemies":"Gremlin Leader","floor":23,"turns":5},{"damage":0,"enemies":"Book of Stabbing","floor":25,"turns":6},{"damage":2,"enemies":"Cultist and Chosen","floor":27,"turns":4},{"damage":12,"enemies":"Slavers","floor":30,"turns":4},{"damage":0,"enemies":"Centurion and Healer","floor":31,"turns":4},{"damage":0,"enemies":"Collector","floor":33,"turns":5},{"damage":1,"enemies":"3 Shapes","floor":35,"turns":4},{"damage":0,"enemies":"Orb Walker","floor":36,"turns":3},{"damage":0,"enemies":"Transient","floor":37,"turns":5},{"damage":2,"enemies":"4 Shapes","floor":39,"turns":4},{"damage":15,"enemies":"Nemesis","floor":41,"turns":5},{"damage":0,"enemies":"Writhing Mass","floor":44,"turns":3},{"damage":0,"enemies":"Nightmare","floor":45,"turns":5},{"damage":0,"enemies":"Transient","floor":46,"turns":5},{"damage":13,"enemies":"Awakened One","floor":50,"turns":12}],"seed_played":"4119735148159803092","potions_obtained":[{"floor":1.0,"key":"Explosive Potion"},{"floor":7.0,"key":"LiquidBronze"},{"floor":13.0,"key":"CunningPotion"},{"floor":25,"key":"Swift Potion"},{"floor":31,"key":"FearPotion"},{"floor":41,"key":"Regen Potion"}],"is_trial":false,"path_per_floor":["M","M","?","M","M","M","E","$","T","M","M","?","M","M","R","B",null,"M","?","?","?","M","E","R","E","T","M","?","R","E","M","R","B",null,"M","M","M","AVR","M","?","E","R","T","M","NM","M","$","?","R","B",null],"character_chosen":"THE_SILENT","items_purchased":["Glass Knife","Dagger Throw","Leg Sweep","TwistedFunnel","Footwork","Good Instincts","Sucker Punch","Sundial"],"campfire_rested":3,"item_purchase_floors":[0,0,0,8,8,8,8,47],"current_hp_per_floor":[31,31,31,31,30,27,7,7,7,7,5,5,5,5,26,22,58,47,47,35,35,29,28,28,28,28,26,26,26,14,14,24,24,32,31,31,31,31,29,29,14,24,24,24,24,24,24,24,24,11],"gold":315,"neow_bonus":"","is_daily":false,"chose_seed":false,"campfire_upgraded":3,"win_rate":0.0,"timestamp":1609812949,"path_taken":["M","M","?","M","M","M","E","$","T","M","M","?","M","M","R","BOSS","M","?","?","?","M","E","R","E","T","?","?","R","E","M","R","BOSS","M","M","M","AVR","M","?","E","R","T","M","NM","M","$","?","R","BOSS"],"items_purchased_type":["Card","Card","Card","Relic","Card","Card","Card","Relic"],"build_version":"2020-12-22","purchased_purges":3,"victory":true,"max_hp_per_floor":[70,70,70,70,70,70,70,70,70,70,70,70,70,70,70,70,70,70,70,35,35,35,35,35,35,35,35,35,35,35,35,35,35,35,35,35,35,35,35,35,35,35,35,35,35,35,35,35,35,35],"card_choices":[{"not_picked":["Deflect","Poisoned Stab"],"picked":"Backflip","floor":1.0},{"not_picked":["Dagger Throw","Accuracy","Outmaneuver"],"picked":"SKIP","floor":2.0},{"not_picked":["Underhanded Strike","Choke"],"picked":"Deadly Poison","floor":4.0},{"not_picked":["Expertise","Deadly Poison"],"picked":"infinitespire:Neurotoxin","floor":5.0},{"not_picked":["Outmaneuver","Slice"],"picked":"Poisoned Stab","floor":6.0},{"not_picked":["Poisoned Stab","Deadly Poison"],"picked":"Cloak And Dagger","floor":7.0},{"not_picked":["Dagger Throw","Slice","Acrobatics"],"picked":"SKIP","floor":10.0},{"not_picked":["Backstab","Bane"],"picked":"Heel Hook","floor":11.0},{"not_picked":["Sucker Punch","Blade Dance"],"picked":"infinitespire:Neurotoxin","floor":13.0},{"not_picked":["Masterful Stab","Infinite Blades","Blade Dance"],"picked":"SKIP","floor":14.0},{"not_picked":["Venomology","Unload"],"picked":"infinitespire:Neurotoxin","floor":16.0},{"not_picked":["Bane","Deadly Poison","Dagger Throw"],"picked":"SKIP","floor":18.0},{"not_picked":["Underhanded Strike","Outmaneuver+1"],"picked":"Well Laid Plans","floor":22},{"not_picked":["Dagger Throw","Accuracy"],"picked":"Backflip","floor":23},{"not_picked":["Dagger Throw+1","Setup","Skewer"],"picked":"SKIP","floor":25},{"not_picked":["Backflip","Backstab","Deflect"],"picked":"SKIP","floor":27},{"not_picked":["Setup","Riddle With Holes","Concentrate"],"picked":"SKIP","floor":30},{"not_picked":["Deflect","Escape Plan"],"picked":"Burst","floor":31},{"not_picked":["PiercingWail+1","Quick Slash","Cloak And Dagger+1"],"picked":"SKIP","floor":35},{"not_picked":["PiercingWail+1","Quick Slash"],"picked":"Cloak And Dagger+1","floor":35},{"not_picked":["Cloak And Dagger","Heel Hook","Flechettes"],"picked":"SKIP","floor":36},{"not_picked":["Backstab+1","Prepared"],"picked":"Crippling Poison+1","floor":37},{"not_picked":["Quick Slash","PiercingWail+1"],"picked":"Dodge and Roll+1","floor":39},{"not_picked":["Skewer","Doppelganger"],"picked":"Footwork+1","floor":41},{"not_picked":["Bouncing Flask+1","Infinite Blades"],"picked":"Crippling Poison+1","floor":44},{"not_picked":["Infinite Blades","Outmaneuver","Masterful Stab"],"picked":"SKIP","floor":44},{"not_picked":["Infinite Blades","Unload","Venomology"],"picked":"SKIP","floor":45},{"not_picked":["Sucker Punch","Flying Knee+1","Quick Slash"],"picked":"SKIP","floor":46},{"not_picked":["Well Laid Plans+1","Skewer","Finisher+1"],"picked":"SKIP","floor":46}],"player_experience":2755074,"relics_obtained":[{"floor":7.0,"key":"Smiling Mask"},{"floor":9.0,"key":"Mercury Hourglass"},{"floor":23,"key":"HornCleat"},{"floor":25,"key":"infinitespire:EmpoweringShard"},{"floor":26,"key":"Snake Skull"},{"floor":30,"key":"War Paint"},{"floor":41,"key":"Prayer Wheel"},{"floor":43,"key":"infinitespire:ShieldingShard"},{"floor":45,"key":"infinitespire:Lucky Rock"}],"event_choices":[{"damage_healed":0.0,"max_hp_gain":0.0,"max_hp_loss":0.0,"gold_gain":175.0,"event_name":"Liars Game","player_choice":"AGREE","floor":3.0,"gold_loss":0.0,"damage_taken":0.0,"cards_obtained":["Doubt"]},{"damage_healed":0.0,"max_hp_gain":0.0,"max_hp_loss":0.0,"gold_gain":0.0,"event_name":"Vampires","player_choice":"Ignored","floor":19.0,"gold_loss":0.0,"damage_taken":0.0},{"damage_healed":0.0,"max_hp_gain":0.0,"max_hp_loss":35.0,"gold_gain":0.0,"event_name":"Ghosts","player_choice":"Became a Ghost","floor":20.0,"gold_loss":0.0,"damage_taken":0.0,"cards_obtained":["Ghostly","Ghostly","Ghostly","Ghostly","Ghostly"]},{"cards_removed":["Strike_G"],"damage_healed":0.0,"max_hp_gain":0.0,"max_hp_loss":0.0,"gold_gain":0.0,"event_name":"Back to Basics","player_choice":"Elegance","floor":21.0,"gold_loss":0.0,"damage_taken":0.0},{"damage_healed":0,"gold_gain":0,"player_choice":"Bought 0 Potions","damage_taken":0,"max_hp_gain":0,"max_hp_loss":0,"event_name":"The Woman in Blue","floor":28,"gold_loss":0},{"cards_removed":["Defend_G"],"damage_healed":0,"gold_gain":0,"player_choice":"Upgrade and Remove","damage_taken":0,"max_hp_gain":0,"max_hp_loss":0,"event_name":"Designer","floor":40,"gold_loss":90,"cards_upgraded":["Survivor"]},{"cards_removed":["Defend_G"],"damage_healed":0,"gold_gain":0,"player_choice":"Removed Skill","damage_taken":0,"max_hp_gain":0,"max_hp_loss":0,"event_name":"Falling","floor":48,"gold_loss":0}],"is_beta":false,"boss_relics":[{"not_picked":["Coffee Dripper","HoveringKite"],"picked":"Astrolabe"},{"not_picked":["SacredBark","Tiny House"],"picked":"Empty Cage"}],"items_purged_floors":[8,38,47],"is_endless":false,"potions_floor_spawned":[1,7,13,16,18,25,27,31,35,36,41,46],"ascension_level":10}}