{"host":"d9m9v0h6vo0edadb","time":1609840601,"event":{"mods":["BaseMod","Hermit","Keyboard Shortcuts","Minty Spire (QoL Compilation)","StSLib","SuperFastMode","The Cursed"],"gold_per_floor":[117,67,242,93,93,122,122,150,150,181,110,137,151,171,171,266,266,280,280,297,197,215,242,242,259,336,355,230,264,264,281,281,386,386,398,398,85,97,108,108,139,139,139,155,155,155,172,104,104,104],"floor_reached":51,"playtime":895,"items_purged":["Doubt","Strike_P","Defend_P"],"score":1200,"play_id":"b6625243-5f96-419d-8026-574d658d5138","local_time":"20210105185641","is_ascension_mode":true,"campfire_choices":[{"data":"Eruption","floor":7.0,"key":"SMITH"},{"data":"MentalFortress","floor":15.0,"key":"SMITH"},{"floor":24.0,"key":"REST"},{"floor":30.0,"key":"REST"},{"floor":32.0,"key":"REST"},{"floor":40.0,"key":"REST"},{"floor":42,"key":"REST"},{"data":"InnerPeace","floor":45,"key":"SMITH"},{"data":"MentalFortress","floor":49,"key":"SMITH"}],"circlet_count":0,"master_deck":["Strike_P+1","Defend_P+1","Defend_P+1","Eruption+1","Vigilance+1","CrushJoints+1","Adaptation+1","CutThroughFate","Consecrate","MentalFortress+1","Wallop+1","InnerPeace+1","LessonLearned+1","TalkToTheHand+1","SandsOfTime+1","FlurryOfBlows+1","Halt+1","Tantrum","MentalFortress+1","MentalFortress+1"],"relics":["PureWater","NeowsBlessing","WingedGreaves","Vajra","StrikeDummy","Juzu Bracelet","Ancient Tea Set","VioletLotus","Lizard Tail","HornCleat","Boot","Runic Pyramid","Incense Burner","Meat on the Bone","Pear"],"acts_visited":["Exordium","TheCity","TheBeyond"],"potions_floor_usage":[41,50,50,50],"damage_taken":[{"damage":0.0,"enemies":"2 Louse","floor":1.0,"turns":1.0},{"damage":0.0,"enemies":"Gremlin Nob","floor":6.0,"turns":1.0},{"damage":0.0,"enemies":"3 Sentries","floor":8.0,"turns":1.0},{"damage":0.0,"enemies":"Gremlin Nob","floor":10.0,"turns":2.0},{"damage":11.0,"enemies":"3 Sentries","floor":12.0,"turns":6.0},{"damage":0.0,"enemies":"Small Slimes","floor":13.0,"turns":2.0},{"damage":7.0,"enemies":"Jaw Worm","floor":14.0,"turns":2.0},{"damage":20.0,"enemies":"Hexaghost","floor":16.0,"turns":6.0},{"damage":0.0,"enemies":"Spheric Guardian","floor":18.0,"turns":1.0},{"damage":8.0,"enemies":"Shell Parasite","floor":20.0,"turns":3.0},{"damage":21.0,"enemies":"Snake Plant","floor":22.0,"turns":4.0},{"damage":12.0,"enemies":"Gremlin Leader","floor":23.0,"turns":2.0},{"damage":0.0,"enemies":"Centurion and Healer","floor":25.0,"turns":4.0},{"damage":7.0,"enemies":"Sentry and Sphere","floor":27.0,"turns":4.0},{"damage":29.0,"enemies":"Book of Stabbing","floor":29.0,"turns":5.0},{"damage":2.0,"enemies":"Snecko","floor":31.0,"turns":4.0},{"damage":23.0,"enemies":"Collector","floor":33.0,"turns":6.0},{"damage":31.0,"enemies":"3 Shapes","floor":35.0,"turns":5.0},{"damage":8.0,"enemies":"Orb Walker","floor":38.0,"turns":2.0},{"damage":3.0,"enemies":"Writhing Mass","floor":39.0,"turns":5.0},{"damage":5,"enemies":"Giant Head","floor":41,"turns":6},{"damage":0,"enemies":"Sphere and 2 Shapes","floor":44,"turns":3},{"damage":15,"enemies":"Jaw Worm Horde","floor":47,"turns":4},{"damage":42,"enemies":"Donu and Deca","floor":50,"turns":7}],"seed_played":"5274608698504486458","potions_obtained":[{"floor":1.0,"key":"SpeedPotion"},{"floor":10.0,"key":"SneckoOil"},{"floor":14.0,"key":"StancePotion"},{"floor":16.0,"key":"DuplicationPotion"},{"floor":29.0,"key":"SpeedPotion"},{"floor":31.0,"key":"PowerPotion"},{"floor":33.0,"key":"LiquidBronze"},{"floor":41,"key":"SteroidPotion"}],"is_trial":false,"path_per_floor":["M","?","?","$","?","E","R","E","T","E","$","E","M","M","R","B",null,"M","?","M","$","M","E","R","M","T","M","$","E","R","M","R","B",null,"M","?","$","M","M","R","E","R","T","M","R","?","M","$","R","B",null],"character_chosen":"WATCHER","items_purchased":["Adaptation","MentalFortress","Incense Burner","MentalFortress"],"campfire_rested":5,"item_purchase_floors":[4,11,37,48],"current_hp_per_floor":[65,65,65,65,58,58,58,58,58,58,58,47,47,40,40,20,59,59,59,51,51,30,18,39,39,39,32,32,3,24,22,43,20,59,28,28,28,20,17,38,33,54,64,64,64,64,49,49,49,19],"gold":104,"neow_bonus":"THREE_ENEMY_KILL","is_daily":false,"chose_seed":false,"campfire_upgraded":4,"win_rate":0.0,"timestamp":1609840601,"path_taken":["M","?","?","$","?","E","R","E","T","E","$","E","M","M","R","BOSS","M","?","M","$","M","E","R","M","T","M","$","E","R","M","R","BOSS","M","?","$","M","M","R","E","R","T","M","R","?","M","$","R","BOSS"],"items_purchased_type":["Card","Card","Relic","Card"],"build_version":"2020-12-22","purchased_purges":3,"victory":true,"max_hp_per_floor":[72,72,72,72,72,72,72,72,72,72,72,72,72,72,72,72,72,72,72,72,72,72,72,72,72,72,72,72,72,72,72,72,72,72,72,72,72,72,72,72,72,72,82,82,82,82,82,82,82,82],"card_choices":[{"not_picked":["EmptyMind","Perseverance"],"picked":"CrushJoints","floor":1.0},{"not_picked":["SashWhip","Crescendo"],"picked":"CutThroughFate","floor":6.0},{"not_picked":["DeceiveReality","SignatureMove"],"picked":"Consecrate","floor":8.0},{"not_picked":["Protect","Blasphemy","Wireheading"],"picked":"SKIP","floor":10.0},{"not_picked":["DevaForm","FlyingSleeves"],"picked":"Wallop","floor":12.0},{"not_picked":["JustLucky","Crescendo"],"picked":"InnerPeace","floor":13.0},{"not_picked":["BowlingBash","Prostrate","EmptyFist"],"picked":"SKIP","floor":14.0},{"not_picked":["Judgement","DeusExMachina"],"picked":"LessonLearned","floor":16.0},{"not_picked":["FearNoEvil","Protect","Wallop"],"picked":"SKIP","floor":18.0},{"not_picked":["SashWhip","Protect","Conclude"],"picked":"SKIP","floor":20.0},{"not_picked":["ThirdEye","SashWhip","CutThroughFate"],"picked":"SKIP","floor":22.0},{"not_picked":["ThirdEye","WaveOfTheHand+1","SignatureMove"],"picked":"SKIP","floor":23.0},{"not_picked":["EmptyBody+1","FearNoEvil"],"picked":"TalkToTheHand","floor":25.0},{"not_picked":["BowlingBash","CutThroughFate+1","PathToVictory"],"picked":"SKIP","floor":27.0},{"not_picked":["ForeignInfluence","JustLucky","EmptyFist"],"picked":"SKIP","floor":29.0},{"not_picked":["CutThroughFate+1","Protect+1"],"picked":"SandsOfTime+1","floor":31.0},{"not_picked":["Prostrate","BowlingBash+1"],"picked":"FlurryOfBlows+1","floor":35.0},{"not_picked":["ClearTheMind","SashWhip+1"],"picked":"Halt","floor":38.0},{"not_picked":["FearNoEvil","ThirdEye","CutThroughFate"],"picked":"SKIP","floor":39.0},{"not_picked":["Fasting2","FlurryOfBlows+1"],"picked":"Tantrum","floor":41},{"not_picked":["TalkToTheHand","FearNoEvil","Fasting2+1"],"picked":"SKIP","floor":44},{"not_picked":["FearNoEvil","Fasting2+1"],"picked":"TalkToTheHand","floor":44},{"not_picked":["BowlingBash","Crescendo+1"],"picked":"MentalFortress+1","floor":47}],"player_experience":953190,"relics_obtained":[{"floor":6.0,"key":"WingedGreaves"},{"floor":8.0,"key":"Vajra"},{"floor":9.0,"key":"StrikeDummy"},{"floor":10.0,"key":"Juzu Bracelet"},{"floor":12.0,"key":"Ancient Tea Set"},{"floor":23.0,"key":"Lizard Tail"},{"floor":26.0,"key":"HornCleat"},{"floor":29.0,"key":"Boot"},{"floor":41,"key":"Meat on the Bone"},{"floor":43,"key":"Pear"}],"event_choices":[{"cards_removed":["Strike_P"],"damage_healed":0.0,"max_hp_gain":0.0,"max_hp_loss":0.0,"gold_gain":0.0,"event_name":"The Cleric","player_choice":"Card Removal","floor":2.0,"gold_loss":50.0,"damage_taken":0.0},{"damage_healed":0.0,"max_hp_gain":0.0,"max_hp_loss":0.0,"gold_gain":175.0,"event_name":"Liars Game","player_choice":"AGREE","floor":3.0,"gold_loss":0.0,"damage_taken":0.0,"cards_obtained":["Doubt"]},{"cards_removed":["Defend_P"],"damage_healed":0.0,"max_hp_gain":0.0,"max_hp_loss":0.0,"gold_gain":0.0,"event_name":"Golden Wing","player_choice":"Card Removal","floor":5.0,"gold_loss":0.0,"damage_taken":7.0},{"damage_healed":0.0,"max_hp_gain":0.0,"max_hp_loss":0.0,"gold_gain":0.0,"event_name":"Vampires","player_choice":"Ignored","floor":19.0,"gold_loss":0.0,"damage_taken":0.0},{"cards_removed":["Strike_P"],"damage_healed":0.0,"max_hp_gain":0.0,"max_hp_loss":0.0,"gold_gain":0.0,"event_name":"Purifier","player_choice":"Purged","floor":36.0,"gold_loss":0.0,"damage_taken":0.0},{"cards_removed":["TalkToTheHand"],"damage_healed":0,"gold_gain":0,"player_choice":"Removed Attack","damage_taken":0,"max_hp_gain":0,"max_hp_loss":0,"event_name":"Falling","floor":46,"gold_loss":0}],"is_beta":false,"boss_relics":[{"not_picked":["Empty Cage","Calling Bell"],"picked":"VioletLotus"},{"not_picked":["Astrolabe","Coffee Dripper"],"picked":"Runic Pyramid"}],"items_purged_floors":[4,21,28],"is_endless":false,"potions_floor_spawned":[1,10,14,16,18,29,31,33,39,41,47],"ascension_level":9}}