{"host":"6azrrw3tf7wb0f4b","time":1609858523,"event":{"mods":["BaseMod","DeckTracker","Minty Spire (QoL Compilation)","SuperFastMode"],"gold_per_floor":[113,125,142,217,237,270,320,334,334,352,352,367,380,404,404,404,404],"floor_reached":16,"playtime":322,"items_purged":[],"score":196,"play_id":"970ac08a-1a6f-4c97-9c2f-6fc30f3ff6a3","local_time":"20210105235523","is_ascension_mode":true,"campfire_choices":[{"data":"Perfected Strike","floor":11,"key":"SMITH"},{"data":"Perfected Strike","floor":15,"key":"SMITH"}],"circlet_count":0,"master_deck":["AscendersBane","Strike_R","Strike_R","Strike_R","Strike_R","Strike_R","Defend_R","Defend_R","Defend_R","Defend_R","Bash","Shrug It Off","Searing Blow","Flex","Feel No Pain","Perfected Strike+1","Perfected Strike+1","Whirlwind"],"relics":["Burning Blood","Bag of Preparation","Oddly Smooth Stone","Odd Mushroom"],"acts_visited":["Exordium"],"potions_floor_usage":[6,10,16],"damage_taken":[{"damage":12,"enemies":"Small Slimes","floor":1,"turns":4},{"damage":0,"enemies":"2 Louse","floor":2,"turns":4},{"damage":1,"enemies":"Cultist","floor":3,"turns":3},{"damage":18,"enemies":"Blue Slaver","floor":5,"turns":4},{"damage":19,"enemies":"3 Sentries","floor":6,"turns":12},{"damage":26,"enemies":"Exordium Thugs","floor":8,"turns":6},{"damage":7,"enemies":"Looter","floor":10,"turns":4},{"damage":7,"enemies":"3 Louse","floor":12,"turns":3},{"damage":0,"enemies":"2 Fungi Beasts","floor":13,"turns":3},{"damage":21,"enemies":"The Mushroom Lair","floor":14,"turns":3},{"damage":27,"enemies":"The Guardian","floor":16,"turns":2}],"seed_played":"-8951690255668198871","potions_obtained":[{"floor":3,"key":"Strength Potion"},{"floor":5,"key":"HeartOfIron"},{"floor":8,"key":"BloodPotion"}],"is_trial":false,"path_per_floor":["M","M","M","?","M","E","?","M","T","M","R","M","M","?","R","B"],"character_chosen":"IRONCLAD","items_purchased":[],"campfire_rested":0,"item_purchase_floors":[],"current_hp_per_floor":[62,68,73,62,50,37,37,17,17,31,31,30,36,21,21,0,0],"gold":404,"neow_bonus":"RANDOM_COMMON_RELIC","is_daily":false,"chose_seed":false,"campfire_upgraded":2,"win_rate":0.0,"timestamp":1609858523,"path_taken":["M","M","M","?","M","E","?","M","T","?","R","M","M","?","R","BOSS"],"items_purchased_type":[],"build_version":"2020-12-22","purchased_purges":0,"victory":false,"max_hp_per_floor":[75,75,75,75,75,75,75,75,75,75,75,75,75,75,75,75,75],"card_choices":[{"not_picked":["Cleave","Inflame"],"picked":"Shrug It Off","floor":1},{"not_picked":["Second Wind","Anger"],"picked":"Searing Blow","floor":2},{"not_picked":["Sentinel","Spot Weakness","Heavy Blade"],"picked":"SKIP","floor":3},{"not_picked":["Burning Pact","Clash"],"picked":"Flex","floor":5},{"not_picked":["Intimidate","Warcry"],"picked":"Feel No Pain","floor":6},{"not_picked":["Cleave","Clothesline"],"picked":"Perfected Strike","floor":8},{"not_picked":["Iron Wave","Bludgeon"],"picked":"Perfected Strike","floor":10},{"not_picked":["Carnage","Clothesline"],"picked":"Whirlwind","floor":12},{"not_picked":["Clothesline","Headbutt","Body Slam"],"picked":"SKIP","floor":13}],"player_experience":675327,"relics_obtained":[{"floor":6,"key":"Oddly Smooth Stone"},{"floor":14,"key":"Odd Mushroom"}],"event_choices":[{"damage_healed":0,"gold_gain":75,"player_choice":"Gather Gold","damage_taken":11,"max_hp_gain":0,"max_hp_loss":0,"event_name":"World of Goop","floor":4,"gold_loss":0},{"damage_healed":0,"gold_gain":50,"player_choice":"Pray","damage_taken":0,"max_hp_gain":0,"max_hp_loss":0,"event_name":"Golden Shrine","floor":7,"gold_loss":0},{"damage_healed":0,"gold_gain":0,"player_choice":"Fought Mushrooms","damage_taken":0,"max_hp_gain":0,"max_hp_loss":0,"event_name":"Mushrooms","floor":14,"gold_loss":0}],"is_beta":false,"boss_relics":[],"items_purged_floors":[],"is_endless":false,"potions_floor_spawned":[3,5,8],"killed_by":"The Guardian","ascension_level":17}}