{"host":"w9yruvs4bqht6bhw","time":1609813906,"event":{"mods":["BaseMod","Colored Powertips","Minty Spire (QoL Compilation)"],"gold_per_floor":[116,191,191,210,223,251,251,266,292,312,325,325,325,23,23,136,148,176,201,213,225,225],"floor_reached":21,"playtime":661,"items_purged":[],"score":253,"play_id":"ff60bef9-b34b-4191-9fbd-ed35e9137969","local_time":"20210104213146","is_ascension_mode":true,"campfire_choices":[{"data":"Limit Break","floor":12,"key":"SMITH"},{"floor":15,"key":"DIG"}],"circlet_count":0,"master_deck":["Strike_R","Strike_R","Strike_R","Strike_R","Defend_R","Defend_R","Defend_R","Defend_R","Thunderclap","Carnage","Battle Trance","Reaper","Limit Break+1","Spot Weakness","Uppercut","Evolve","Headbutt","Flex"],"relics":["Burning Blood","Omamori","Anchor","Shovel","MawBank","Black Star"],"acts_visited":["Exordium","TheCity"],"potions_floor_usage":[5,6,11,18],"damage_taken":[{"damage":7,"enemies":"Small Slimes","floor":1,"turns":3},{"damage":0,"enemies":"Cultist","floor":4,"turns":2},{"damage":2,"enemies":"Jaw Worm","floor":5,"turns":3},{"damage":28,"enemies":"Lagavulin","floor":6,"turns":6},{"damage":9,"enemies":"Red Slaver","floor":8,"turns":3},{"damage":1,"enemies":"Looter","floor":10,"turns":2},{"damage":15,"enemies":"Large Slime","floor":11,"turns":4},{"damage":69,"enemies":"Slime Boss","floor":16,"turns":7},{"damage":32,"enemies":"Shell Parasite","floor":18,"turns":6},{"damage":60,"enemies":"3 Byrds","floor":19,"turns":6},{"damage":38,"enemies":"Snake Plant","floor":21,"turns":4}],"seed_played":"2172460537223322094","potions_obtained":[{"floor":1,"key":"Block Potion"},{"floor":4,"key":"AttackPotion"},{"floor":8,"key":"DistilledChaos"},{"floor":16,"key":"BloodPotion"}],"is_trial":false,"path_per_floor":["M","?","?","M","M","E","?","M","T","M","M","R","?","$","R","B",null,"M","M","$","M"],"character_chosen":"IRONCLAD","items_purchased":["Shovel"],"campfire_rested":0,"item_purchase_floors":[14],"current_hp_per_floor":[71,60,60,66,70,48,48,45,45,50,67,67,67,67,67,24,66,74,29,29,0,0],"gold":225,"neow_bonus":"THREE_CARDS","is_daily":false,"chose_seed":false,"campfire_upgraded":1,"win_rate":0.0,"timestamp":1609813906,"path_taken":["M","?","?","M","M","E","?","M","T","?","M","R","?","$","R","BOSS","M","M","$","M"],"items_purchased_type":["Relic"],"build_version":"2020-12-22","purchased_purges":0,"victory":false,"max_hp_per_floor":[80,80,80,80,80,80,80,80,80,80,80,80,80,80,80,80,80,80,80,80,80,80],"card_choices":[{"not_picked":["Feel No Pain","Iron Wave"],"picked":"Thunderclap","floor":0},{"not_picked":["Flame Barrier","Intimidate"],"picked":"Carnage","floor":1},{"not_picked":["True Grit","Armaments"],"picked":"Battle Trance","floor":4},{"not_picked":["Sentinel","Body Slam","Wild Strike"],"picked":"SKIP","floor":5},{"not_picked":["Thunderclap","True Grit"],"picked":"Reaper","floor":6},{"not_picked":["Havoc","Sentinel","Bloodletting"],"picked":"SKIP","floor":8},{"not_picked":["Headbutt","Warcry"],"picked":"Spot Weakness","floor":10},{"not_picked":["Warcry","Bloodletting"],"picked":"Uppercut","floor":11},{"not_picked":["Iron Wave","Infernal Blade"],"picked":"Headbutt","floor":18},{"not_picked":["Rage","Inflame"],"picked":"Flex","floor":19}],"player_experience":329981,"relics_obtained":[{"floor":6,"key":"Omamori"},{"floor":9,"key":"Anchor"},{"floor":15,"key":"MawBank"}],"event_choices":[{"damage_healed":0,"gold_gain":75,"player_choice":"Gather Gold","damage_taken":11,"max_hp_gain":0,"max_hp_loss":0,"event_name":"World of Goop","floor":2,"gold_loss":0},{"cards_removed":["Strike_R"],"damage_healed":0,"gold_gain":0,"player_choice":"Forget","damage_taken":0,"max_hp_gain":0,"max_hp_loss":0,"event_name":"Living Wall","floor":3,"gold_loss":0},{"damage_healed":0,"gold_gain":0,"player_choice":"2 cards matched","damage_taken":0,"max_hp_gain":0,"max_hp_loss":0,"event_name":"Match and Keep!","floor":7,"gold_loss":0,"cards_obtained":["Injury","Limit Break"]},{"damage_healed":0,"gold_gain":0,"cards_transformed":["Bash"],"player_choice":"Transformed","damage_taken":0,"max_hp_gain":0,"max_hp_loss":0,"event_name":"Transmorgrifier","floor":13,"gold_loss":0,"cards_obtained":["Evolve"]}],"is_beta":false,"boss_relics":[{"not_picked":["Empty Cage","Snecko Eye"],"picked":"Black Star"}],"items_purged_floors":[],"is_endless":false,"potions_floor_spawned":[1,4,8,16],"killed_by":"Snake Plant","ascension_level":8}}