{"host":"8v536rckjlpi3bq3","time":1609816955,"event":{"mods":["ATMod(阿瑾Mod)","Act Like it!","Aspiration","BaseMod","Colored Powertips","Conspire","Dota2Spire","Gensokyo","Hallownest","HololiveMod","Jedi Mod","KomeijiMod","Lobotomy","LobotomyExtend","Marisa（F雨　魔理沙）","Minty Spire (QoL Compilation)","MostiFishMod","Relic Stats","Replay The Spire","Spicy Shops","StSLib","TestMod","The Hierophant","The Jungle","The Marked","WarShipGirlsR/战舰少女R mod","Youmu（魂魄妖梦）","vexMod","【功能Mod】混沌之环修复补丁","【功能Mod】聪明的最终Boss","【角色mod】十八桐人","【遗物卡牌】REMEMod","篝火指南"],"gold_per_floor":[84,84,113,113,113,169,169,186,236,236,236,236,112,127,127,241,241,256,256,603,0,0,41,77,105,105,148,189,222,622,670,682,817,829,864,876,916,928,976,1033,955,992,1029,890,943,577,608,608,779,882,882,1886,1886,1886,1886,1558,2284,2284,1792,1792,1812,3100,1676,1676,3639,2974,4759,4759,6756,6747,6118,6176,4302,4302,4302,4318,6304,6304],"floor_reached":77,"playtime":5284,"items_purged":["Pain","Doubt"],"score":1823,"play_id":"18bd8024-0887-4c8b-96f0-9c7a2ff14a7e","local_time":"20210105112235","daily_mods":["Vintage","Colorless Cards","Heirloom","Time Dilation","Flight"],"is_ascension_mode":false,"campfire_choices":[{"data":"Hololive_CallYozoraMel","floor":7.0,"key":"SMITH"},{"data":"AT_OneInchPunch","floor":11.0,"key":"SMITH"},{"data":"Hololive_CallTokinoSora","floor":15.0,"key":"SMITH"},{"data":"MostiFishMod:Kaleido","floor":32.0,"key":"SMITH"},{"data":"conspire:Banana","floor":58.0,"key":"SMITH"},{"data":"Panacea","floor":64.0,"key":"SMITH"},{"floor":74.0,"key":"DIG"}],"circlet_count":0,"master_deck":["Hololive_Strike","Hololive_Strike","Hololive_Defend","Hololive_Defend","Hololive_CallYuzukiChoco+1","Hololive_CallTokinoSora+1","Hololive_CallSakuraMiko+1","Hololive_CallYozoraMel+1","Hololive_CallCivia+1","DeceiveReality","AT_OneInchPunch+1","Clumsy","Hololive_ILoveYou","Hololive_CallRosalyn+1","Hololive_FlyingPonyTail","MostiFishMod:Kaleido+1","Hololive_RevenueBasedLive","hierophant:Doubloon+1","Hololive_CallYozoraMel+1","PartStrengthen+1","ShyakuBuku+1","Impregnable+1","Hololive_CallTsunomakiWatame+1","testmod-Librarian+1","MiserableFate_Remiria+1","Gensokyo:CustomPotion","Hololive_CallMurasakiShion","testmod-FightingIntention","Hololive_DevilCharm","Gensokyo:GreaterSplit","FateSonata","Hololive_CallYozoraMel","conspire:Banana+1","MostiFishMod:StoryBook","Panacea+1","Hololive_CallNakiriAyame+1","Hololive_CallMinatoAqua+1","Hololive_ASMR","testmod-SubstituteBySubterfuge","Wish+1","MostiFishMod:FrostNova","MostiFishMod:WinterMarkForm","hierophant:RustyCrate+1","hierophant:Doubloon","hierophant:Doubloon","Hololive_CallUsadaPekora","conspire:Charge","rmod:overbreakdown+1"],"relics":["Hololive_TheStar","DaveBox","replay:Trail_Library","testmod-TestBox","AT_ATBox","RhineCircuit","testmod-HarvestTotem","vexMod:RedPlottingStone","SynthV:TestCard","LetterFromLob","Dota2Spire:ArcaneBoots","Gensokyo:NagashiBinaDoll","Replay:Multitool","Dota2Spire:BattleFury","Ancient Tea Set","Gensokyo:OccultBall","Oddly Smooth Stone","jedi:HeartOfTheCards","RhineFirstAidKit","Dota2Spire:PhaseBoots","REME_PuzzleBoxRelic","Gremlin Horn","Dota2Spire:HeartOfTarrasque","FossilizedHelix","testmod-BlackFramedGlasses","Dota2Spire:UrnOfShadows","Garlic","SynthV:C4","ReplayFunnel","Thread and Needle","MawBank","aspiration:Lifesprig","aspiration:HiddenCompartment","Bird Faced Urn","Dota2Spire:LinkenSphere","Pen Nib","AT_SunfireAegis","Dota2Spire:MonkeyKingBar","jedi:arcanewood","testmod-Charity","Whetstone","Ornamental Fan","vexMod:InvisibilityCloak","AT_ArchangelStaff","testmod-BloodSacrificeSpiritualization","Bottled Flame","Pear","Gensokyo:LunaticRedEyes","jedi:kaleidoscope","jedi:ominousloannote","REME_CardOfGreed","Frozen Eye","Gremlin Food","vexMod:ConsolationPrize","BirthdayGift-Tetrahedron","vexMod:Dragonfruit","testmod-HeartOfStrike","Matryoshka","PrismaticShard","Happy Flower","FrostBlade","AT_SilvercatRing","Turnip","SynthV","CeramicFish","jedi:firstaidkit","Mirror","REME_LimitBreaker","Simple Rune","Dota2Spire:Dagon","Golden Egg","MetatronsCube","Regal Pillow","Hallownest:NailmastersGloryRelic"],"acts_visited":["Gensokyo:Gensokyo","TheCity","Gensokyo:Gensokyoest","Gensokyo:Gensokyo","Hallownest:CityofTears"],"potions_floor_usage":[],"damage_taken":[{"damage":0.0,"enemies":"Gensokyo:Gryphon","floor":1.0,"turns":2.0},{"damage":0.0,"enemies":"Gensokyo:3_Fairies","floor":3.0,"turns":3.0},{"damage":0.0,"enemies":"Gensokyo:Mamizou","floor":6.0,"turns":7.0},{"damage":0.0,"enemies":"Gensokyo:Python","floor":8.0,"turns":2.0},{"damage":0.0,"enemies":"Gensokyo:LivingMonolith","floor":14.0,"turns":2.0},{"damage":0.0,"enemies":"Gensokyo:Kokoro","floor":16.0,"turns":6.0},{"damage":0.0,"enemies":"Spheric Guardian","floor":18.0,"turns":3.0},{"damage":31.0,"enemies":"Shell Parasite","floor":20.0,"turns":3.0},{"damage":0.0,"enemies":"Book of Stabbing","floor":23.0,"turns":5.0},{"damage":0.0,"enemies":"Slavers","floor":24.0,"turns":1.0},{"damage":0.0,"enemies":"Sentry and Sphere","floor":25.0,"turns":3.0},{"damage":0.0,"enemies":"Replay:Snechameleon","floor":27.0,"turns":4.0},{"damage":0.0,"enemies":"Gremlin Leader","floor":28.0,"turns":2.0},{"damage":0.0,"enemies":"conspire:HollyBat","floor":29.0,"turns":7.0},{"damage":0.0,"enemies":"Collector","floor":33.0,"turns":4.0},{"damage":0.0,"enemies":"Gensokyo:3_Bats","floor":35.0,"turns":1.0},{"damage":0.0,"enemies":"Gensokyo:3_Boulders","floor":37.0,"turns":1.0},{"damage":0.0,"enemies":"Gensokyo:Rafflesia","floor":39.0,"turns":3.0},{"damage":0.0,"enemies":"Gensokyo:Doremy","floor":40.0,"turns":4.0},{"damage":0.0,"enemies":"Gensokyo:AtlasGolem","floor":42.0,"turns":2.0},{"damage":0.0,"enemies":"Gensokyo:Marisa","floor":45.0,"turns":2.0},{"damage":0.0,"enemies":"Gensokyo:Kasen","floor":47.0,"turns":3.0},{"damage":0.0,"enemies":"Gensokyo:Kasen","floor":49.0,"turns":1.0},{"damage":0.0,"enemies":"Gensokyo:Scarlet_Devils","floor":50.0,"turns":5.0},{"damage":76.0,"enemies":"Gensokyo:Gryphon","floor":52.0,"turns":1.0},{"damage":90.0,"enemies":"Gensokyo:Aya","floor":57.0,"turns":2.0},{"damage":0.0,"enemies":"Gensokyo:2_Kodama","floor":61.0,"turns":1.0},{"damage":78.0,"enemies":"Gensokyo:Cirno","floor":62.0,"turns":4.0},{"damage":141.0,"enemies":"Gensokyo:3_Fairies","floor":65.0,"turns":2.0},{"damage":102.0,"enemies":"Gensokyo:Reimu","floor":67.0,"turns":2.0},{"damage":131.0,"enemies":"Hallownest:Guard_and_Sentry","floor":69.0,"turns":1.0},{"damage":0.0,"enemies":"Hallownest:Flukemon_and_Top","floor":70.0,"turns":2.0},{"damage":0.0,"enemies":"Hallownest:monsterShrumalOgre","floor":72.0,"turns":1.0},{"damage":142,"enemies":"Hallownest:eliteWatcherKnight","floor":77,"turns":5}],"seed_played":"-8788512774002338630","potions_obtained":[{"floor":1.0,"key":"DistilledChaos"},{"floor":3.0,"key":"PowerPotion"},{"floor":8.0,"key":"SpeedPotion"},{"floor":18.0,"key":"SpeedPotion"},{"floor":21.0,"key":"Ancient Potion"},{"floor":23.0,"key":"Reflective Coating"},{"floor":33.0,"key":"Milkshake"},{"floor":38.0,"key":"FairyPotion"},{"floor":50.0,"key":"jedi:mysterypotion"},{"floor":65.0,"key":"AttackPotion"}],"is_trial":true,"path_per_floor":["M","?","M","$","?","E","R","M","T","?","R","T","COS","M","R","B",null,"M","?","M","?","?","E","E","M","T","E","E","M","?","T","R","B",null,"M","?","M","?","M","E","?","M","T","COS","E","$","E","?","R","B",null,"M","?","?","?","$","E","R","COS","T","M","E","$","R","M","R","B",null,"M","M","$","M","R","R","?","?","E"],"character_chosen":"Hololive_HololiveCharacter","items_purchased":["jedi:arcanewood","testmod-Charity","Whetstone","jedi:kaleidoscope","vexMod:BerryBomb","jedi:ominousloannote","Hololive_CallYozoraMel","BirthdayGift-Tetrahedron","Hololive_CallNakiriAyame","vexMod:Dragonfruit","Matryoshka","Hololive_CallMinatoAqua","PrismaticShard","Happy Flower","SynthV","CeramicFish","jedi:firstaidkit","hierophant:RustyCrate","REME_LimitBreaker","Simple Rune","Dota2Spire:Dagon","Golden Egg","MetatronsCube","Hololive_CallUsadaPekora"],"campfire_rested":0,"item_purchase_floors":[46,46,46,56,56,56,56,63,63,63,66,66,66,66,71,71,71,71,73,73,73,73,73,73],"current_hp_per_floor":[70,84,84,84,84,84,84,84,84,84,84,84,84,84,84,84,84,84,84,84,84,84,100,100,100,100,100,100,100,100,100,100,100,100,100,100,100,100,100,100,100,100,100,100,100,100,104,104,110,174,174,122,147,147,147,175,123,123,123,123,161,294,304,304,213,213,179,326,221,265,277,329,333,333,333,341,321,321],"gold":6304,"neow_bonus":"","is_daily":false,"chose_seed":false,"campfire_upgraded":6,"win_rate":0.0,"timestamp":1609816955,"path_taken":["M","?","?","?","?","E","R","?","T","?","R","?","COS","?","R","BOSS","M","?","?","?","?","E","E","?","T","E","E","M","?","?","R","BOSS","M","?","?","?","?","E","?","?","T","COS","E","$","E","?","R","BOSS","M","?","?","?","$","E","R","COS","T","?","E","?","R","?","R","BOSS","M","?","$","M","?","R","?","?","E"],"items_purchased_type":["Relic","Relic","Relic","Relic","Relic","Relic","Card","Relic","Card","Relic","Relic","Card","Relic","Relic","Relic","Relic","Relic","Card","Relic","Relic","Relic","Relic","Relic","Card"],"build_version":"2020-12-22","purchased_purges":2,"victory":false,"max_hp_per_floor":[70,84,84,84,84,84,84,84,84,84,84,84,84,84,84,84,84,84,84,84,84,84,100,100,100,100,100,100,100,100,100,100,100,100,100,100,100,100,100,100,100,100,100,100,100,100,104,104,110,174,174,180,200,200,200,214,220,220,220,220,224,294,304,304,316,316,326,326,336,348,354,362,364,364,364,368,380,380],"relic_stats":{"Regal Pillow":0,"Gremlin Horn":[26,37],"Happy Flower":[3],"counters":[34,95],"Ornamental Fan":[12],"Bird Faced Urn":[248],"CeramicFish":48,"Pen Nib":[4],"Turnip":[0],"Whetstone":["Hololive_Strike","Hololive_Strike"],"MawBank":180,"obtain_stats":[{"testmod-HeartOfStrike":65,"Golden Egg":73,"AT_ATBox":0,"Gremlin Horn":20,"CeramicFish":71,"Whetstone":46,"AT_ArchangelStaff":50,"testmod-BlackFramedGlasses":24,"vexMod:InvisibilityCloak":49,"RhineFirstAidKit":17,"jedi:firstaidkit":71,"replay:Trail_Library":0,"testmod-TestBox":0,"Dota2Spire:UrnOfShadows":25,"Pear":53,"Happy Flower":66,"Dota2Spire:Dagon":73,"Oddly Smooth Stone":12,"Pen Nib":42,"testmod-HarvestTotem":0,"Dota2Spire:HeartOfTarrasque":23,"AT_SilvercatRing":69,"REME_LimitBreaker":73,"jedi:HeartOfTheCards":14,"aspiration:HiddenCompartment":37,"RhineCircuit":0,"FrostBlade":68,"Bottled Flame":52,"Bird Faced Urn":39,"Hololive_TheStar":0,"Simple Rune":73,"Dota2Spire:MonkeyKingBar":45,"Mirror":72,"Dota2Spire:PhaseBoots":18,"MetatronsCube":73,"ReplayFunnel":28,"aspiration:Lifesprig":35,"Regal Pillow":74,"DaveBox":0,"SynthV":71,"Gensokyo:NagashiBinaDoll":5,"Replay:Multitool":6,"testmod-BloodSacrificeSpiritualization":51,"Ancient Tea Set":9,"PrismaticShard":66,"SynthV:C4":27,"testmod-Charity":46,"Gensokyo:LunaticRedEyes":55,"Frozen Eye":59,"Matryoshka":66,"vexMod:RedPlottingStone":0,"Gensokyo:OccultBall":10,"Dota2Spire:ArcaneBoots":3,"BirthdayGift-Tetrahedron":63,"Gremlin Food":60,"vexMod:ConsolationPrize":61,"Thread and Needle":29,"vexMod:BerryBomb":56,"Dota2Spire:BattleFury":8,"MawBank":31,"vexMod:Dragonfruit":63,"Hallownest:NailmastersGloryRelic":75,"SynthV:TestCard":1,"jedi:kaleidoscope":56,"Ornamental Fan":47,"jedi:ominousloannote":56,"Dota2Spire:LinkenSphere":40,"Turnip":70,"LetterFromLob":1,"Garlic":26,"REME_CardOfGreed":59,"REME_PuzzleBoxRelic":18,"AT_SunfireAegis":43,"jedi:arcanewood":46,"FossilizedHelix":23,"REME_ComplimentaryCards":0},{"testmod-HeartOfStrike":29,"Golden Egg":33,"AT_ATBox":0,"Gremlin Horn":8,"CeramicFish":32,"Whetstone":21,"AT_ArchangelStaff":24,"testmod-BlackFramedGlasses":10,"vexMod:InvisibilityCloak":23,"RhineFirstAidKit":6,"jedi:firstaidkit":32,"replay:Trail_Library":0,"testmod-TestBox":0,"Dota2Spire:UrnOfShadows":11,"Pear":25,"Happy Flower":29,"Dota2Spire:Dagon":33,"Oddly Smooth Stone":4,"Pen Nib":20,"testmod-HarvestTotem":0,"Dota2Spire:HeartOfTarrasque":9,"AT_SilvercatRing":31,"REME_LimitBreaker":33,"jedi:HeartOfTheCards":5,"aspiration:HiddenCompartment":17,"RhineCircuit":0,"FrostBlade":30,"Bottled Flame":25,"Bird Faced Urn":18,"Hololive_TheStar":0,"Simple Rune":33,"Dota2Spire:MonkeyKingBar":21,"Mirror":33,"Dota2Spire:PhaseBoots":7,"MetatronsCube":33,"ReplayFunnel":13,"aspiration:Lifesprig":16,"Regal Pillow":33,"DaveBox":0,"SynthV":32,"Gensokyo:NagashiBinaDoll":2,"Replay:Multitool":3,"testmod-BloodSacrificeSpiritualization":24,"Ancient Tea Set":4,"PrismaticShard":29,"SynthV:C4":12,"testmod-Charity":21,"Gensokyo:LunaticRedEyes":25,"Frozen Eye":26,"Matryoshka":29,"vexMod:RedPlottingStone":0,"Gensokyo:OccultBall":4,"Dota2Spire:ArcaneBoots":2,"BirthdayGift-Tetrahedron":28,"Gremlin Food":26,"vexMod:ConsolationPrize":27,"Thread and Needle":14,"vexMod:BerryBomb":25,"Dota2Spire:BattleFury":4,"MawBank":14,"vexMod:Dragonfruit":28,"Hallownest:NailmastersGloryRelic":33,"SynthV:TestCard":1,"jedi:kaleidoscope":25,"Ornamental Fan":22,"jedi:ominousloannote":25,"Dota2Spire:LinkenSphere":19,"Turnip":32,"LetterFromLob":1,"Garlic":11,"REME_CardOfGreed":26,"REME_PuzzleBoxRelic":7,"AT_SunfireAegis":20,"jedi:arcanewood":21,"FossilizedHelix":9,"REME_ComplimentaryCards":0},{"testmod-HeartOfStrike":84,"Golden Egg":90,"AT_ATBox":0,"Gremlin Horn":27,"CeramicFish":89,"Whetstone":65,"AT_ArchangelStaff":70,"testmod-BlackFramedGlasses":33,"vexMod:InvisibilityCloak":69,"RhineFirstAidKit":21,"jedi:firstaidkit":89,"replay:Trail_Library":0,"testmod-TestBox":0,"Dota2Spire:UrnOfShadows":36,"Pear":75,"Happy Flower":84,"Dota2Spire:Dagon":90,"Oddly Smooth Stone":14,"Pen Nib":63,"testmod-HarvestTotem":0,"Dota2Spire:HeartOfTarrasque":28,"AT_SilvercatRing":87,"REME_LimitBreaker":90,"jedi:HeartOfTheCards":16,"aspiration:HiddenCompartment":54,"RhineCircuit":0,"FrostBlade":86,"Bottled Flame":75,"Bird Faced Urn":57,"Hololive_TheStar":0,"Simple Rune":90,"Dota2Spire:MonkeyKingBar":65,"Mirror":90,"Dota2Spire:PhaseBoots":24,"MetatronsCube":90,"ReplayFunnel":41,"aspiration:Lifesprig":53,"Regal Pillow":90,"DaveBox":0,"SynthV":89,"Gensokyo:NagashiBinaDoll":5,"Replay:Multitool":12,"testmod-BloodSacrificeSpiritualization":74,"Ancient Tea Set":14,"PrismaticShard":84,"SynthV:C4":39,"testmod-Charity":65,"Gensokyo:LunaticRedEyes":75,"Frozen Eye":77,"Matryoshka":84,"vexMod:RedPlottingStone":0,"Gensokyo:OccultBall":14,"Dota2Spire:ArcaneBoots":5,"BirthdayGift-Tetrahedron":82,"Gremlin Food":77,"vexMod:ConsolationPrize":78,"Thread and Needle":48,"vexMod:BerryBomb":75,"Dota2Spire:BattleFury":14,"MawBank":48,"vexMod:Dragonfruit":82,"Hallownest:NailmastersGloryRelic":90,"SynthV:TestCard":2,"jedi:kaleidoscope":75,"Ornamental Fan":68,"jedi:ominousloannote":75,"Dota2Spire:LinkenSphere":61,"Turnip":89,"LetterFromLob":2,"Garlic":36,"REME_CardOfGreed":77,"REME_PuzzleBoxRelic":24,"AT_SunfireAegis":63,"jedi:arcanewood":65,"FossilizedHelix":32,"REME_ComplimentaryCards":0}]},"card_choices":[{"not_picked":["InscribeRedSoul","hierophant:AuricShield","Hololive_Rebound","Hololive_CallMoonaHoshinova","hierophant:Purify"],"picked":"Hololive_ILoveYou","floor":6.0},{"not_picked":["MostiFishMod:Awakening","MostiFishMod:ElfcollectionBox","MostiFishMod:JungleRules","TerribleSouvenir","hierophant:Determination"],"picked":"MostiFishMod:Kaleido","floor":16.0},{"not_picked":["FastHealing","Forethought+1","RikonNoKama+1","Sabishigari+1","REME_TheoryOfElimination+1"],"picked":"Hololive_RevenueBasedLive","floor":21.0},{"not_picked":["NingyouSP+1","Hololive_Trident","hierophant:Smite","NingyouKisou+1","BloodCollect"],"picked":"hierophant:Doubloon+1","floor":21.0},{"not_picked":["testmod-Bloodthirsty","KeiseiJin+1","MostiFishMod:PerfectForm","FastHealing+1","JyouchiJin+1"],"picked":"Hololive_CallYozoraMel+1","floor":23.0},{"not_picked":["FierceSweep","hierophant:OrnateBuckler","hierophant:HammerAndAnvil","hierophant:RustyCrate","hierophant:Shelter"],"picked":"PartStrengthen+1","floor":24.0},{"not_picked":["TerribleSouvenir","CruelSlaughter","PreThought","Hololive_CallYuzukiChoco","hierophant:Purify"],"picked":"ShyakuBuku+1","floor":27.0},{"not_picked":["AT_FalsePromise","hierophant:Sermon","testmod-ConditionedReflex+1","Hololive_CallNatsuiroMatsuri","testmod-BackupPower+1"],"picked":"Impregnable+1","floor":28.0},{"not_picked":["testmod-TreasureHunter","YuumeiNoKurin","testmod-Dream","MostiFishMod:Kaleido","Hololive_FlareMind"],"picked":"testmod-Librarian","floor":33.0},{"not_picked":["NingyouYunhei+1","Hololive_CallRoboco","hierophant:RustyCrate","REME_TheoryOfElimination","Mishyaguji+1"],"picked":"MiserableFate_Remiria","floor":40.0},{"not_picked":["hierophant:RepressedViolence+1","NingyouSousou+1","DemonsDinnerFork","Hololive_Sequa+1","DemonsDinnerFork_Remiria+1"],"picked":"testmod-FightingIntention","floor":45.0},{"not_picked":["CurseofVladTepes+1","hierophant:Encroach+1","hierophant:Bribe","Sabishigari+1","Master of Strategy"],"picked":"Hololive_DevilCharm","floor":47.0},{"not_picked":["ReplayTheSpireMod:Necrogeddon","SpeedBlade3_Colorless","ReplayUltimateDefense","FitfulNightmare","MusouMyousyu"],"picked":"FateSonata","floor":50.0},{"not_picked":["TricksterDevil","hierophant:HolyVerse","MusuNoYume","BloodySuit","hierophant:PassingBell"],"picked":"conspire:Banana","floor":57.0},{"not_picked":["RedMagic","Metamorphosis","AT_FamilyPortrait","Hololive_HighAtkLowDef","Transmutation"],"picked":"MostiFishMod:StoryBook","floor":62.0},{"not_picked":["HisouNoKen","Hololive_CallMinatoAqua","Hololive_Psychosis","hierophant:Determination","DamonLordCradle_Remiria"],"picked":"Panacea","floor":62.0},{"not_picked":["vexMod:StairwayStrike","AT_EmpoweredMortalDraw","Violence","hierophant:AuricForm","SpeedBlade3_Colorless"],"picked":"Hololive_ASMR","floor":67.0},{"not_picked":["aspiration:Lunge","YuumeiNoKurin","Beater_Black","hierophant:Cornucopia","MostiFishMod:UltimateDefense"],"picked":"Wish","floor":67.0},{"not_picked":["Nirvana","jedi:BurstFrost","hierophant:Doubloon+1","Forethought","hierophant:HolyVerse"],"picked":"conspire:Charge","floor":76.0},{"not_picked":["SeekerDolls","NingyouKisou+1","LifeCuttingSword+1","KinbakuJin+1","Streamline"],"picked":"rmod:overbreakdown+1","floor":76.0}],"player_experience":234433,"relics_obtained":[{"floor":1.0,"key":"SynthV:TestCard"},{"floor":1.0,"key":"LetterFromLob"},{"floor":3.0,"key":"Dota2Spire:ArcaneBoots"},{"floor":6.0,"key":"Replay:Multitool"},{"floor":8.0,"key":"Dota2Spire:BattleFury"},{"floor":9.0,"key":"Ancient Tea Set"},{"floor":12.0,"key":"Oddly Smooth Stone"},{"floor":14.0,"key":"jedi:HeartOfTheCards"},{"floor":16.0,"key":"Gensokyo:OccultBall"},{"floor":18.0,"key":"REME_PuzzleBoxRelic"},{"floor":20.0,"key":"Gremlin Horn"},{"floor":23.0,"key":"FossilizedHelix"},{"floor":24.0,"key":"testmod-BlackFramedGlasses"},{"floor":25.0,"key":"Dota2Spire:UrnOfShadows"},{"floor":26.0,"key":"Garlic"},{"floor":27.0,"key":"Gensokyo:OccultBall"},{"floor":27.0,"key":"SynthV:C4"},{"floor":28.0,"key":"ReplayFunnel"},{"floor":29.0,"key":"Gensokyo:OccultBall"},{"floor":29.0,"key":"Thread and Needle"},{"floor":31.0,"key":"MawBank"},{"floor":33.0,"key":"Gensokyo:OccultBall"},{"floor":35.0,"key":"aspiration:Lifesprig"},{"floor":37.0,"key":"aspiration:HiddenCompartment"},{"floor":39.0,"key":"Gensokyo:OccultBall"},{"floor":39.0,"key":"Bird Faced Urn"},{"floor":40.0,"key":"Gensokyo:OccultBall"},{"floor":40.0,"key":"Dota2Spire:LinkenSphere"},{"floor":42.0,"key":"Pen Nib"},{"floor":43.0,"key":"AT_SunfireAegis"},{"floor":45.0,"key":"Dota2Spire:MonkeyKingBar"},{"floor":47.0,"key":"Ornamental Fan"},{"floor":49.0,"key":"Gensokyo:OccultBall"},{"floor":49.0,"key":"vexMod:InvisibilityCloak"},{"floor":52.0,"key":"Bottled Flame"},{"floor":60.0,"key":"Gremlin Food"},{"floor":61.0,"key":"vexMod:ConsolationPrize"},{"floor":65.0,"key":"testmod-HeartOfStrike"},{"floor":69.0,"key":"AT_SilvercatRing"},{"floor":70.0,"key":"Turnip"},{"floor":72.0,"key":"Mirror"},{"floor":74.0,"key":"Regal Pillow"}],"event_choices":[{"damage_healed":0.0,"max_hp_gain":0.0,"max_hp_loss":0.0,"gold_gain":0.0,"event_name":"Upgrade Shrine","player_choice":"Upgraded","floor":19.0,"gold_loss":0.0,"damage_taken":0.0,"cards_upgraded":["Hololive_CallCivia"]},{"damage_healed":0.0,"max_hp_gain":0.0,"max_hp_loss":0.0,"gold_gain":400.0,"event_name":"恩洛斯的盘子","player_choice":"Sell","floor":30.0,"relics_lost":["REME_ComplimentaryCards"],"gold_loss":0.0,"damage_taken":0.0}],"is_beta":false,"boss_relics":[{"not_picked":["testmod-Nine","Abe\u0027s Treasure"],"picked":"RhineFirstAidKit"},{"not_picked":["ExusiaiGun","Sozu","Hololive_TopUpMoneyS"]},{"not_picked":["aspiration:FutureDiary","vexMod:MysteryBossChallenge"],"picked":"testmod-BloodSacrificeSpiritualization"},{"not_picked":["testmod-Temperance","Kintsugi"],"picked":"FrostBlade"}],"items_purged_floors":[56,71],"is_endless":true,"potions_floor_spawned":[1,3,8,18,23,33,42,50,52,65,69],"killed_by":"Hallownest:eliteWatcherKnight","ascension_level":0}}