{"host":"pq8o62wp0h1hflf3","time":1609866616,"event":{"mods":["BaseMod","Minty Spire (QoL Compilation)","Relic Stats","ojb\u0027s Info Mod"],"gold_per_floor":[119,136,154,79,79,79,109,109,132,159,171,186,198,211,211,287,287,304,64,83,98,108,133,133,148,148,148,161,174,190,220,220,296,296,316,332,355,355,280,612,612,644,667,694,712,723,769,784,784,784,784,784,784,87,120,120],"floor_reached":57,"playtime":7026,"items_purged":["Strike_B","Strike_B"],"score":2875,"play_id":"1d87c5eb-8660-479e-a75c-b8be4582960c","local_time":"20210105121016","is_ascension_mode":true,"campfire_choices":[{"data":"Sweeping Beam","floor":6,"key":"SMITH"},{"floor":8,"key":"REST"},{"data":"Biased Cognition","floor":15,"key":"SMITH"},{"floor":24,"key":"REST"},{"data":"Defragment","floor":27,"key":"SMITH"},{"data":"Loop","floor":32,"key":"SMITH"},{"floor":49,"key":"RECALL"},{"data":"Panacea","floor":53,"key":"SMITH"}],"circlet_count":0,"master_deck":["AscendersBane","Strike_B+1","Defend_B","Defend_B","Defend_B","Defend_B","Zap","Dualcast","Sweeping Beam+1","Compile Driver+1","Rebound","Echo Form","Biased Cognition+1","Ball Lightning","Steam","Coolheaded","Electrodynamics","Static Discharge","Coolheaded","Loop+1","Defragment+1","Glacier","Hologram+1","Buffer","Panacea+1","Consume+1","Rainbow","Force Field","Defragment","BootSequence"],"relics":["Sozu","Regal Pillow","Blue Candle","Anchor","Omamori","Calling Bell","MealTicket","Mummified Hand","TungstenRod","Runic Capacitor","Meat on the Bone","Mango","Bottled Lightning","Inserter","Bag of Marbles","Old Coin","Whetstone","Turnip","Gambling Chip","Centennial Puzzle","Unceasing Top","Letter Opener"],"acts_visited":["Exordium","TheCity","TheBeyond","TheEnding"],"potions_floor_usage":[],"damage_taken":[{"damage":5,"enemies":"2 Louse","floor":1,"turns":3},{"damage":1,"enemies":"Cultist","floor":2,"turns":3},{"damage":2,"enemies":"Small Slimes","floor":3,"turns":4},{"damage":37,"enemies":"Lagavulin","floor":7,"turns":8},{"damage":10,"enemies":"3 Sentries","floor":10,"turns":6},{"damage":0,"enemies":"2 Fungi Beasts","floor":11,"turns":4},{"damage":3,"enemies":"Exordium Wildlife","floor":12,"turns":3},{"damage":4,"enemies":"3 Louse","floor":13,"turns":3},{"damage":2,"enemies":"Large Slime","floor":14,"turns":4},{"damage":28,"enemies":"The Guardian","floor":16,"turns":9},{"damage":15,"enemies":"3 Byrds","floor":18,"turns":3},{"damage":20,"enemies":"2 Thieves","floor":20,"turns":4},{"damage":8,"enemies":"Snake Plant","floor":21,"turns":4},{"damage":6,"enemies":"Sentry and Sphere","floor":22,"turns":5},{"damage":10,"enemies":"Gremlin Leader","floor":23,"turns":5},{"damage":2,"enemies":"Centurion and Healer","floor":25,"turns":4},{"damage":30,"enemies":"Shelled Parasite and Fungi","floor":28,"turns":5},{"damage":0,"enemies":"Sentry and Sphere","floor":29,"turns":5},{"damage":7,"enemies":"Centurion and Healer","floor":30,"turns":8},{"damage":12,"enemies":"Slavers","floor":31,"turns":3},{"damage":12,"enemies":"Champ","floor":33,"turns":17},{"damage":8,"enemies":"3 Darklings","floor":35,"turns":3},{"damage":0,"enemies":"Orb Walker","floor":36,"turns":6},{"damage":32,"enemies":"Nemesis","floor":40,"turns":9},{"damage":23,"enemies":"Reptomancer","floor":42,"turns":6},{"damage":1,"enemies":"Giant Head","floor":44,"turns":13},{"damage":0,"enemies":"Sphere and 2 Shapes","floor":45,"turns":4},{"damage":0,"enemies":"Maw","floor":46,"turns":7},{"damage":0,"enemies":"2 Orb Walkers","floor":47,"turns":5},{"damage":32,"enemies":"Jaw Worm Horde","floor":48,"turns":3},{"damage":19,"enemies":"Awakened One","floor":50,"turns":16},{"damage":0,"enemies":"Donu and Deca","floor":51,"turns":9},{"damage":66,"enemies":"Shield and Spear","floor":55,"turns":5},{"damage":6,"enemies":"The Heart","floor":56,"turns":12}],"seed_played":"517797628794576998","potions_obtained":[],"is_trial":false,"path_per_floor":["M","M","M","?","?","R","E","R","T","E","M","M","M","M","R","B",null,"M","$","M","M","M","E","R","M","T","R","M","M","M","E","R","B",null,"M","M","T","?","$","E","?","E","T","E","M","M","?","M","R","B","B",null,"R","$","E","B",null],"character_chosen":"DEFECT","items_purchased":["Runic Capacitor","Static Discharge","Defragment","Centennial Puzzle","Unceasing Top"],"campfire_rested":2,"item_purchase_floors":[19,19,54,54,54],"current_hp_per_floor":[59,58,56,56,56,56,19,55,55,45,45,42,38,36,36,8,55,40,55,35,27,21,11,47,45,59,59,41,53,46,46,46,46,75,67,67,67,58,73,53,53,42,42,53,53,53,53,33,33,26,38,73,73,85,31,37],"gold":120,"neow_bonus":"BOSS_RELIC","is_daily":false,"chose_seed":false,"campfire_upgraded":5,"win_rate":0.0,"timestamp":1609866616,"path_taken":["M","M","M","?","?","R","E","R","T","E","M","M","M","?","R","BOSS","M","$","?","M","?","E","R","M","T","R","M","M","?","E","R","BOSS","M","M","?","?","$","E","?","E","T","E","?","M","?","M","R","BOSS","BOSS","R","$","E","BOSS"],"items_purchased_type":["Relic","Card","Card","Relic","Relic"],"build_version":"2020-12-22","purchased_purges":2,"victory":true,"max_hp_per_floor":[71,71,71,71,71,71,71,71,71,71,71,71,71,71,71,71,71,71,71,71,71,71,71,71,71,85,85,85,85,85,85,85,85,85,85,85,85,85,85,85,85,85,85,85,85,85,85,85,85,85,85,85,85,85,85,85],"relic_stats":{"Regal Pillow":30,"Inserter":[47],"counters":[34,206],"Blue Candle":[0],"Whetstone":["Strike_B","Compile Driver"],"Letter Opener":[20],"Sozu":11,"Centennial Puzzle":[6],"Mummified Hand":[169],"Gambling Chip":[12],"MealTicket":42,"Turnip":[12],"obtain_stats":[{"Regal Pillow":5,"Inserter":34,"Blue Candle":7,"Mango":26,"Omamori":10,"Runic Capacitor":19,"Whetstone":42,"Letter Opener":55,"Old Coin":40,"Sozu":0,"Calling Bell":17,"Anchor":9,"Centennial Puzzle":54,"Mummified Hand":17,"Gambling Chip":47,"MealTicket":17,"Turnip":44,"Bag of Marbles":37,"Bottled Lightning":31,"Cracked Core":0,"TungstenRod":17,"Unceasing Top":54,"Meat on the Bone":23},{"Regal Pillow":3,"Inserter":21,"Blue Candle":4,"Mango":16,"Omamori":5,"Runic Capacitor":11,"Whetstone":25,"Letter Opener":33,"Old Coin":24,"Sozu":0,"Calling Bell":10,"Anchor":4,"Centennial Puzzle":32,"Mummified Hand":10,"Gambling Chip":29,"MealTicket":10,"Turnip":26,"Bag of Marbles":23,"Bottled Lightning":20,"Cracked Core":0,"TungstenRod":10,"Unceasing Top":32,"Meat on the Bone":15},{"Regal Pillow":10,"Inserter":110,"Blue Candle":18,"Mango":72,"Omamori":24,"Runic Capacitor":50,"Whetstone":134,"Letter Opener":195,"Old Coin":128,"Sozu":0,"Calling Bell":47,"Anchor":18,"Centennial Puzzle":191,"Mummified Hand":47,"Gambling Chip":163,"MealTicket":47,"Turnip":147,"Bag of Marbles":119,"Bottled Lightning":93,"Cracked Core":0,"TungstenRod":47,"Unceasing Top":191,"Meat on the Bone":68}],"TungstenRod":50,"Unceasing Top":[2],"Meat on the Bone":144},"card_choices":[{"not_picked":["Steam","Hologram"],"picked":"Sweeping Beam","floor":1},{"not_picked":["Tempest","Stack"],"picked":"Compile Driver","floor":2},{"not_picked":["Redo","Turbo"],"picked":"Rebound","floor":3},{"not_picked":["Ball Lightning","Fusion"],"picked":"Echo Form","floor":7},{"not_picked":["Fusion","Recycle"],"picked":"Biased Cognition","floor":10},{"not_picked":["Rebound","Redo"],"picked":"Ball Lightning","floor":11},{"not_picked":["Beam Cell","Barrage","White Noise"],"picked":"SKIP","floor":12},{"not_picked":["Double Energy","Sweeping Beam"],"picked":"Steam","floor":13},{"not_picked":["Sunder","Doom and Gloom"],"picked":"Coolheaded","floor":14},{"not_picked":["Seek","Machine Learning"],"picked":"Electrodynamics","floor":16},{"not_picked":["Streamline","Storm","Steam Power"],"picked":"SKIP","floor":18},{"not_picked":["Steam","Turbo"],"picked":"Coolheaded","floor":20},{"not_picked":["Beam Cell","White Noise"],"picked":"Loop","floor":21},{"not_picked":["Coolheaded","Streamline"],"picked":"Defragment","floor":22},{"not_picked":["Reprogram","Stack"],"picked":"Glacier","floor":23},{"not_picked":["Thunder Strike","Cold Snap","Redo"],"picked":"SKIP","floor":25},{"not_picked":["White Noise","Melter"],"picked":"Hologram+1","floor":28},{"not_picked":["FTL","Rip and Tear","Compile Driver"],"picked":"SKIP","floor":29},{"not_picked":["FTL","Rip and Tear","Compile Driver"],"picked":"SKIP","floor":29},{"not_picked":["Compile Driver","Leap","Go for the Eyes"],"picked":"SKIP","floor":30},{"not_picked":["Cold Snap","Redo","Aggregate"],"picked":"SKIP","floor":31},{"not_picked":["Reboot","Electrodynamics"],"picked":"Buffer","floor":33},{"not_picked":["Streamline+1","Leap","Beam Cell"],"picked":"SKIP","floor":35},{"not_picked":["Aggregate","Double Energy","Beam Cell"],"picked":"SKIP","floor":36},{"not_picked":["Panache","Dark Shackles"],"picked":"Panacea","floor":38},{"not_picked":["Gash","Melter","Stack"],"picked":"SKIP","floor":40},{"not_picked":["Ball Lightning+1","Buffer"],"picked":"Consume+1","floor":42},{"not_picked":["Streamline","Hello World+1","Electrodynamics"],"picked":"SKIP","floor":44},{"not_picked":["Steam","FTL","Tempest"],"picked":"SKIP","floor":45},{"not_picked":["Leap","Steam","Stack"],"picked":"SKIP","floor":46},{"not_picked":["Ball Lightning","Steam+1"],"picked":"Rainbow","floor":47},{"not_picked":["Beam Cell+1","Melter"],"picked":"Force Field","floor":48},{"not_picked":["Leap","Steam+1"],"picked":"BootSequence","floor":55}],"player_experience":1105240,"relics_obtained":[{"floor":5,"key":"Regal Pillow"},{"floor":7,"key":"Blue Candle"},{"floor":9,"key":"Anchor"},{"floor":10,"key":"Omamori"},{"floor":17,"key":"MealTicket"},{"floor":17,"key":"Mummified Hand"},{"floor":17,"key":"TungstenRod"},{"floor":23,"key":"Meat on the Bone"},{"floor":26,"key":"Mango"},{"floor":31,"key":"Bottled Lightning"},{"floor":37,"key":"Bag of Marbles"},{"floor":40,"key":"Old Coin"},{"floor":42,"key":"Whetstone"},{"floor":44,"key":"Turnip"},{"floor":47,"key":"Gambling Chip"},{"floor":55,"key":"Letter Opener"}],"event_choices":[{"cards_removed":["Strike_B"],"damage_healed":0,"gold_gain":0,"player_choice":"Card Removal","damage_taken":0,"max_hp_gain":0,"max_hp_loss":0,"event_name":"The Cleric","floor":4,"gold_loss":75},{"damage_healed":0,"gold_gain":0,"player_choice":"Relic","damage_taken":0,"max_hp_gain":0,"max_hp_loss":0,"event_name":"Wheel of Change","floor":5,"gold_loss":0},{"damage_healed":0,"gold_gain":0,"player_choice":"Memory 3","damage_taken":10,"max_hp_gain":0,"max_hp_loss":0,"event_name":"SensoryStone","floor":38,"gold_loss":0},{"damage_healed":0,"gold_gain":0,"player_choice":"Ignored","damage_taken":0,"max_hp_gain":0,"max_hp_loss":0,"event_name":"Tomb of Lord Red Mask","floor":41,"gold_loss":0},{"damage_healed":0,"gold_gain":0,"player_choice":"Fight","damage_taken":0,"max_hp_gain":0,"max_hp_loss":0,"event_name":"Mysterious Sphere","floor":47,"gold_loss":0}],"is_beta":false,"boss_relics":[{"not_picked":["Philosopher\u0027s Stone","Black Star"],"picked":"Calling Bell"},{"not_picked":["SlaversCollar","Tiny House"],"picked":"Inserter"}],"items_purged_floors":[39,54],"is_endless":false,"potions_floor_spawned":[2,3,11,14,21,25,28,31,42,44,47],"ascension_level":20}}