{"host":"ig7tc0uedzltt2sr","time":1609822670,"event":{"mods":["BaseMod","Better Twitch Integration","Block Reminder","Colored Map","Colored Powertips","Communication Mod","Current Relic Mod","GifTheSpireLib","HexUI Lib","Minty Spire (QoL Compilation)","Quick Restart","Random Character Button","Rare Cards Sparkle","Relic Sorter","Relic Stats","Slay the Relics Exporter","StSLib","SuperFastMode","Synergy Search","Twitch Decklist","Twitch Utils","everything is the same but u backflip on backflip","slay the spire mod where everything is the same but ironclad has a cowboy hat"],"gold_per_floor":[115,290,306,320,320,320,334,354,354,354,368,368,368],"floor_reached":12,"playtime":94,"items_purged":[],"score":72,"play_id":"48681999-8c38-436c-a406-66f7b181e682","local_time":"20210104205750","is_ascension_mode":false,"campfire_choices":[{"data":"Strike_R","floor":6,"key":"SMITH"}],"circlet_count":0,"master_deck":["Strike_R+1","Strike_R","Strike_R","Strike_R","Strike_R","Defend_R","Defend_R","Defend_R","Bash","Pommel Strike","Doubt","Havoc","Infernal Blade","Shrug It Off","Reaper"],"relics":["Burning Blood"],"acts_visited":["Exordium"],"potions_floor_usage":[],"damage_taken":[{"damage":9,"enemies":"2 Louse","floor":1,"turns":7},{"damage":29,"enemies":"Jaw Worm","floor":3,"turns":10},{"damage":1,"enemies":"Cultist","floor":4,"turns":4},{"damage":5,"enemies":"Exordium Wildlife","floor":7,"turns":5},{"damage":9,"enemies":"2 Fungi Beasts","floor":8,"turns":4},{"damage":7,"enemies":"Blue Slaver","floor":11,"turns":2},{"damage":79,"enemies":"3 Sentries","floor":12,"turns":8}],"seed_played":"276541619976668010","potions_obtained":[{"floor":7,"key":"Dexterity Potion"},{"floor":8,"key":"AttackPotion"}],"is_trial":false,"path_per_floor":["M","?","M","M","?","R","M","M","T","?","M","E"],"character_chosen":"IRONCLAD","items_purchased":[],"campfire_rested":0,"item_purchase_floors":[],"current_hp_per_floor":[85,85,62,67,67,67,68,65,65,65,64,0,0],"gold":368,"neow_bonus":"TEN_PERCENT_HP_BONUS","is_daily":false,"chose_seed":false,"campfire_upgraded":1,"win_rate":0.0,"timestamp":1609822670,"path_taken":["M","?","M","M","?","R","M","?","T","?","M","E"],"items_purchased_type":[],"build_version":"2020-12-22","purchased_purges":0,"victory":false,"max_hp_per_floor":[88,88,88,88,88,88,88,88,88,88,88,88,88],"relic_stats":{"counters":[7,40],"obtain_stats":[{"Burning Blood":0},{"Burning Blood":0},{"Burning Blood":0}],"Burning Blood":36},"card_choices":[{"not_picked":["Anger","Pummel"],"picked":"Pommel Strike","floor":1},{"not_picked":["Clash","Heavy Blade"],"picked":"Havoc","floor":3},{"not_picked":["Flex","Perfected Strike","Wild Strike"],"picked":"SKIP","floor":4},{"not_picked":["Iron Wave","True Grit"],"picked":"Infernal Blade","floor":7},{"not_picked":["Iron Wave","Ghostly Armor"],"picked":"Shrug It Off","floor":8},{"not_picked":["Sword Boomerang","True Grit"],"picked":"Reaper","floor":11}],"player_experience":1423618,"relics_obtained":[],"event_choices":[{"damage_healed":0,"gold_gain":175,"player_choice":"AGREE","damage_taken":0,"max_hp_gain":0,"max_hp_loss":0,"event_name":"Liars Game","floor":2,"gold_loss":0,"cards_obtained":["Doubt"]},{"damage_healed":0,"gold_gain":0,"player_choice":"Ignored","damage_taken":0,"max_hp_gain":0,"max_hp_loss":0,"event_name":"Accursed Blacksmith","floor":5,"gold_loss":0},{"cards_removed":["Defend_R"],"damage_healed":0,"gold_gain":0,"player_choice":"Forget","damage_taken":0,"max_hp_gain":0,"max_hp_loss":0,"event_name":"Living Wall","floor":10,"gold_loss":0}],"is_beta":false,"boss_relics":[],"items_purged_floors":[],"is_endless":false,"potions_floor_spawned":[7,8],"killed_by":"3 Sentries","ascension_level":0}}