{"host":"08c2qgcibtdf2u1x","time":1609840522,"event":{"mods":["100% Spire Juice","AchievementEnabler","BaseMod","Colored Map","Minty Spire (QoL Compilation)","StSLib"],"gold_per_floor":[118,43,98,111,111,145,158,178,205,221,101,121,121,121,121,222,222,232,242,142,57,72,99,117,117,117,117,167,47,57,72,72,174,224,237,32,82,93,93,126,173,173,198,211,224,241,241,39,39,39,39,39,39,68,68],"floor_reached":56,"playtime":3815,"items_purged":["Moonworks:Defend","Doubt","Moonworks:Strike","Moonworks:Strike"],"score":1324,"play_id":"e6014799-099b-4d30-99ee-dd4cdc36f210","local_time":"20210105185522","is_ascension_mode":false,"campfire_choices":[{"data":"Moonworks:AwakeningOfTalent","floor":11,"key":"SMITH"},{"data":"Moonworks:AwakeningOfTalent","floor":13,"key":"SMITH"},{"data":"Moonworks:Ambush","floor":15,"key":"SMITH"},{"data":"Moonworks:AnotherUltimateWeapon","floor":25,"key":"SMITH"},{"data":"Moonworks:BigMagnum","floor":27,"key":"SMITH"},{"floor":32,"key":"REST"},{"data":"Moonworks:MeltingMemories","floor":42,"key":"SMITH"},{"data":"Moonworks:MetallicMonocoque","floor":47,"key":"SMITH"},{"floor":49,"key":"RECALL"},{"data":"Moonworks:HolyNight","floor":52,"key":"SMITH"}],"circlet_count":0,"master_deck":["Moonworks:Strike","Moonworks:Defend+1","Moonworks:Defend","Moonworks:Defend","Moonworks:Ambush+1","Moonworks:LongDistanceShot","Moonworks:FullSpeedAlicianrone+1","Moonworks:AwakeningOfTalent+1","Moonworks:OutOfAmmo","Moonworks:BigMagnum+1","Moonworks:Poppoformation","Moonworks:NicePresent+1","Moonworks:AwakeningOfTalent+1","Moonworks:AnotherUltimateWeapon+1","Moonworks:BigMagnum+1","Moonworks:ExtendedPhotonRifle","Moonworks:BigMagnum","Moonworks:MetallicMonocoque+1","Moonworks:MeltingMemories+1","Moonworks:LulusLuckyEgg","Moonworks:BigMagnum","Moonworks:PlushieMaster","Moonworks:ReflectiveShell","Moonworks:Dinner+1","Moonworks:LuckyCharm","Moonworks:TacticalRetreat","Moonworks:ImOnFire+1","Moonworks:WindyEnchantment+1","Moonworks:HolyNight+1","Moonworks:NicePresent+1"],"relics":["Moonworks:BrokenBomb","Moonworks:Homemark","NeowsBlessing","Lantern","Pen Nib","Strawberry","SlaversCollar","Smiling Mask","Bottled Lightning","War Paint","Tiny House","Mango","Blood Vial","Dead Branch","Happy Flower","Oddly Smooth Stone","Toy Ornithopter"],"acts_visited":["Exordium","TheCity","TheBeyond","TheEnding"],"potions_floor_usage":[8,10,18,33,44,45,45,55],"damage_taken":[{"damage":0.0,"enemies":"Cultist","floor":1.0,"turns":1.0},{"damage":0.0,"enemies":"Small Slimes","floor":4.0,"turns":1.0},{"damage":0.0,"enemies":"Lagavulin","floor":6.0,"turns":1.0},{"damage":5.0,"enemies":"Jaw Worm","floor":7.0,"turns":3.0},{"damage":12,"enemies":"Blue Slaver","floor":8,"turns":2},{"damage":0,"enemies":"Lots of Slimes","floor":10,"turns":3},{"damage":5,"enemies":"Exordium Thugs","floor":12,"turns":3},{"damage":25,"enemies":"The Guardian","floor":16,"turns":6},{"damage":6,"enemies":"3 Byrds","floor":18,"turns":3},{"damage":2,"enemies":"2 Thieves","floor":19,"turns":4},{"damage":6,"enemies":"Cultist and Chosen","floor":22,"turns":3},{"damage":13,"enemies":"Book of Stabbing","floor":23,"turns":2},{"damage":11,"enemies":"Snecko","floor":24,"turns":5},{"damage":14,"enemies":"Shelled Parasite and Fungi","floor":30,"turns":6},{"damage":6,"enemies":"3 Cultists","floor":31,"turns":3},{"damage":11,"enemies":"Collector","floor":33,"turns":2},{"damage":6,"enemies":"Orb Walker","floor":35,"turns":2},{"damage":8,"enemies":"Mind Bloom Boss Battle","floor":37,"turns":6},{"damage":14,"enemies":"3 Darklings","floor":38,"turns":3},{"damage":18,"enemies":"Giant Head","floor":40,"turns":5},{"damage":7,"enemies":"2 Orb Walkers","floor":41,"turns":4},{"damage":11,"enemies":"Sphere and 2 Shapes","floor":44,"turns":3},{"damage":6,"enemies":"Spire Growth","floor":45,"turns":3},{"damage":5,"enemies":"Jaw Worm Horde","floor":46,"turns":1},{"damage":20,"enemies":"Time Eater","floor":50,"turns":6},{"damage":40,"enemies":"Shield and Spear","floor":54,"turns":2},{"damage":62,"enemies":"The Heart","floor":55,"turns":7}],"seed_played":"-6627364438078179618","potions_obtained":[{"floor":1.0,"key":"LiquidBronze"},{"floor":6.0,"key":"CultistPotion"},{"floor":7.0,"key":"ColorlessPotion"},{"floor":8,"key":"PowerPotion"},{"floor":19,"key":"Block Potion"},{"floor":23,"key":"Fire Potion"},{"floor":34,"key":"Fire Potion"},{"floor":44,"key":"Fire Potion"},{"floor":45,"key":"BlessingOfTheForge"},{"floor":54,"key":"Weak Potion"}],"is_trial":false,"path_per_floor":["M","$","?","M","?","E","M","M","T","M","R","M","R","?","R","B",null,"M","M","$","?","M","E","M","R","T","R","T","?","M","M","R","B",null,"M","$","?","M","?","E","?","R","T","M","M","M","R","$","R","B",null,"R","$","E","B",null],"character_chosen":"THE_STARBREAKER","items_purchased":["Moonworks:PlushieMaster","Oddly Smooth Stone"],"campfire_rested":1,"item_purchase_floors":[36,48],"current_hp_per_floor":[60,60,60,60,48,48,43,31,38,38,38,33,33,33,33,8,67,61,59,59,59,53,40,29,29,29,29,29,29,15,9,29,18,72,66,66,72,58,58,61,60,60,60,55,55,52,52,52,52,41,86,86,86,46,26],"gold":68,"neow_bonus":"THREE_ENEMY_KILL","is_daily":false,"chose_seed":false,"campfire_upgraded":8,"win_rate":0.0,"timestamp":1609840522,"path_taken":["M","$","?","M","?","E","?","M","T","M","R","M","R","?","R","BOSS","M","?","$","?","M","E","M","R","T","R","?","?","M","?","R","BOSS","M","$","?","M","?","E","?","R","T","?","?","M","R","?","R","BOSS","R","$","E","BOSS"],"items_purchased_type":["Card","Relic"],"build_version":"2020-12-22","purchased_purges":4,"victory":true,"max_hp_per_floor":[60,60,60,60,60,60,60,60,67,67,67,67,67,67,67,67,67,67,67,67,67,67,67,67,67,67,67,67,67,67,67,67,67,72,72,72,86,86,86,86,86,86,86,86,86,86,86,86,86,86,86,86,86,86,86],"card_choices":[{"not_picked":["Moonworks:WindyEnchantment","Moonworks:IndiscriminateFireSupport"],"picked":"Moonworks:FullSpeedAlicianrone","floor":1.0},{"not_picked":["Moonworks:BackdoorTrade","Moonworks:StiffCrystal"],"picked":"Moonworks:AwakeningOfTalent","floor":4.0},{"not_picked":["Moonworks:StiffCrystal","Moonworks:CloudOfSeagulls"],"picked":"Moonworks:OutOfAmmo","floor":6.0},{"not_picked":["Moonworks:SakisCookie","Moonworks:CloudOfSeagulls"],"picked":"Moonworks:BigMagnum","floor":7.0},{"not_picked":["Moonworks:ImOnFire","Moonworks:EvilSpyWorkPreparation"],"picked":"Moonworks:Poppoformation","floor":8},{"not_picked":["Moonworks:StiffCrystal","Moonworks:ReproductionOfRecords"],"picked":"Moonworks:NicePresent","floor":10},{"not_picked":["Moonworks:Gamble","Moonworks:EvilSpyWorkPreparation"],"picked":"Moonworks:AwakeningOfTalent","floor":12},{"not_picked":["Moonworks:AccelHyper","Moonworks:RocketCannon"],"picked":"Moonworks:AnotherUltimateWeapon","floor":16},{"not_picked":["Moonworks:CloudOfSeagulls+1","Moonworks:Flamethrower+1"],"picked":"Moonworks:BigMagnum","floor":18},{"not_picked":["Moonworks:BigMagnum","Moonworks:SakisCookie","Moonworks:BigBangBell+1"],"picked":"SKIP","floor":19},{"not_picked":["Moonworks:FinalSurgery","Moonworks:DeployBits"],"picked":"Moonworks:ExtendedPhotonRifle","floor":22},{"not_picked":["Moonworks:ForcedRevival","Moonworks:DeployBits"],"picked":"Moonworks:BigMagnum","floor":23},{"not_picked":["Moonworks:Flamethrower","Moonworks:CloudOfSeagulls","Moonworks:ExtendedPhotonRifle"],"picked":"SKIP","floor":24},{"not_picked":["Moonworks:BigMagnum","Moonworks:JonathanRush"],"picked":"Moonworks:MetallicMonocoque","floor":30},{"not_picked":["Moonworks:DeployBits","Moonworks:FinalSurgery"],"picked":"Moonworks:LulusLuckyEgg","floor":31},{"not_picked":["Moonworks:ShieldCounter","Moonworks:CrystalBarrier"],"picked":"Moonworks:MeltingMemories","floor":33},{"not_picked":["Moonworks:WindyEnchantment","Moonworks:CloudOfSeagulls"],"picked":"Moonworks:LulusLuckyEgg","floor":34},{"not_picked":["Moonworks:Dash+1","Moonworks:LulusLuckyEgg+1"],"picked":"Moonworks:BigMagnum","floor":35},{"not_picked":["Moonworks:JonathanRush+1","Moonworks:NicePresent"],"picked":"Moonworks:ReflectiveShell","floor":37},{"not_picked":["Moonworks:FullSpeedAlicianrone+1","Moonworks:Assault+1"],"picked":"Moonworks:Dinner+1","floor":38},{"not_picked":["Moonworks:MiracleRedBeanIceCream","Moonworks:BigBangBell"],"picked":"Moonworks:LuckyCharm","floor":40},{"not_picked":["Moonworks:JonathanRush","Moonworks:AwakeningOfTalent+1"],"picked":"Moonworks:TacticalRetreat","floor":41},{"not_picked":["Moonworks:LulusLuckyEgg+1","Moonworks:SakisCookie"],"picked":"Moonworks:ImOnFire+1","floor":44},{"not_picked":["Moonworks:IntelligenceOfficer","Moonworks:ForcedRevival+1"],"picked":"Moonworks:WindyEnchantment+1","floor":45},{"not_picked":["Moonworks:Heat300Percent+1","Moonworks:ImOnFire"],"picked":"Moonworks:HolyNight","floor":46},{"not_picked":["Moonworks:WindyEnchantment+1","Moonworks:ExtendedPhotonRifle"],"picked":"Moonworks:NicePresent+1","floor":54}],"player_experience":71039,"relics_obtained":[{"floor":6.0,"key":"Pen Nib"},{"floor":9,"key":"Strawberry"},{"floor":23,"key":"Bottled Lightning"},{"floor":28,"key":"War Paint"},{"floor":37,"key":"Mango"},{"floor":40,"key":"Blood Vial"},{"floor":41,"key":"Dead Branch"},{"floor":43,"key":"Happy Flower"},{"floor":54,"key":"Toy Ornithopter"}],"event_choices":[{"damage_healed":0.0,"max_hp_gain":0.0,"max_hp_loss":0.0,"gold_gain":175.0,"event_name":"Liars Game","player_choice":"AGREE","floor":3.0,"gold_loss":0.0,"damage_taken":0.0,"cards_obtained":["Doubt"]},{"damage_healed":0.0,"max_hp_gain":0.0,"max_hp_loss":0.0,"gold_gain":0.0,"event_name":"Scrap Ooze","player_choice":"Success","floor":5.0,"gold_loss":0.0,"damage_taken":12.0,"relics_obtained":["Lantern"]},{"damage_healed":0,"gold_gain":0,"player_choice":"Upgraded","damage_taken":0,"max_hp_gain":0,"max_hp_loss":0,"event_name":"Upgrade Shrine","floor":14,"gold_loss":0,"cards_upgraded":["Moonworks:BigMagnum"]},{"damage_healed":0,"gold_gain":0,"player_choice":"Obtained Relic","damage_taken":0,"relics_obtained":["Smiling Mask"],"max_hp_gain":0,"max_hp_loss":0,"event_name":"Addict","floor":21,"gold_loss":85},{"cards_removed":["Moonworks:Strike"],"damage_healed":0,"gold_gain":0,"player_choice":"Elegance","damage_taken":0,"max_hp_gain":0,"max_hp_loss":0,"event_name":"Back to Basics","floor":29,"gold_loss":0},{"damage_healed":0,"gold_gain":0,"player_choice":"Fight","damage_taken":0,"max_hp_gain":0,"max_hp_loss":0,"event_name":"MindBloom","floor":37,"gold_loss":0},{"cards_removed":["Moonworks:LulusLuckyEgg"],"damage_healed":0,"gold_gain":0,"player_choice":"Removed Skill","damage_taken":0,"max_hp_gain":0,"max_hp_loss":0,"event_name":"Falling","floor":39,"gold_loss":0},{"damage_healed":0,"gold_gain":0,"player_choice":"Fight","damage_taken":0,"max_hp_gain":0,"max_hp_loss":0,"event_name":"Mysterious Sphere","floor":41,"gold_loss":0}],"is_beta":false,"boss_relics":[{"not_picked":["Moonworks:SBBomb","Runic Pyramid"],"picked":"SlaversCollar"},{"not_picked":["Coffee Dripper","Fusion Hammer"],"picked":"Tiny House"}],"items_purged_floors":[2,20,36,48],"is_endless":false,"potions_floor_spawned":[1,6,7,8,19,23,24,30,35,37,44,45,54],"ascension_level":0}}