{"host":"Qube","time":1609843801,"event":{"mods":["AchievementEnabler","BaseMod","Colored Map","Colored Powertips","Minty Spire (QoL Compilation)","Quick Restart","Random Character Button","StSLib"],"gold_per_floor":[116,130,130,149,163,163,194,194,194,194,222,233,262,262,262,262,262],"floor_reached":16,"playtime":812,"items_purged":[],"score":210,"play_id":"b077d9e0-ed8c-423e-959c-98512fdcf498","local_time":"20210105025001","is_ascension_mode":true,"campfire_choices":[{"data":"Dark Embrace","floor":6.0,"key":"SMITH"},{"data":"Body Slam","floor":10.0,"key":"SMITH"},{"data":"Disarm","floor":15,"key":"SMITH"}],"circlet_count":0,"master_deck":["AscendersBane","Strike_R","Strike_R","Strike_R","Strike_R","Defend_R","Defend_R","Defend_R","Defend_R","Bash","Normality","Fiend Fire","Dark Embrace+1","Disarm+1","Iron Wave","Iron Wave","Shrug It Off","Body Slam+1","Corruption"],"relics":["Burning Blood","Nunchaku","Art of War","Self Forming Clay","WingedGreaves","FossilizedHelix"],"acts_visited":["Exordium"],"potions_floor_usage":[11,13,16],"damage_taken":[{"damage":1.0,"enemies":"Cultist","floor":1.0,"turns":4.0},{"damage":7.0,"enemies":"Small Slimes","floor":2.0,"turns":3.0},{"damage":1.0,"enemies":"2 Louse","floor":4.0,"turns":3.0},{"damage":2.0,"enemies":"Exordium Thugs","floor":5.0,"turns":6.0},{"damage":41.0,"enemies":"3 Sentries","floor":7.0,"turns":10.0},{"damage":7,"enemies":"Lagavulin","floor":11,"turns":5},{"damage":4,"enemies":"Blue Slaver","floor":12,"turns":5},{"damage":24,"enemies":"3 Sentries","floor":13,"turns":10},{"damage":18,"enemies":"Hexaghost","floor":16,"turns":11}],"seed_played":"-6252508720486685666","potions_obtained":[{"floor":2.0,"key":"SpeedPotion"},{"floor":4.0,"key":"DistilledChaos"},{"floor":11,"key":"GamblersBrew"},{"floor":13,"key":"Swift Potion"}],"is_trial":false,"path_per_floor":["M","M","?","M","M","R","E","?","T","R","E","M","E","?","R","B"],"character_chosen":"IRONCLAD","items_purchased":[],"campfire_rested":0,"item_purchase_floors":[],"current_hp_per_floor":[73,72,72,75,75,75,40,40,40,40,39,41,23,18,18,0,0],"gold":262,"neow_bonus":"THREE_RARE_CARDS","is_daily":false,"chose_seed":false,"campfire_upgraded":3,"win_rate":0.0,"timestamp":1609843801,"path_taken":["M","M","?","M","?","R","E","?","T","R","E","M","E","?","R","BOSS"],"items_purchased_type":[],"build_version":"2020-12-18","purchased_purges":0,"victory":false,"max_hp_per_floor":[75,75,75,75,75,75,75,75,75,75,75,75,75,75,75,75,75],"card_choices":[{"not_picked":["Corruption","Juggernaut"],"picked":"Fiend Fire","floor":0.0},{"not_picked":["Combust","True Grit"],"picked":"Dark Embrace","floor":1.0},{"not_picked":["Headbutt","Intimidate"],"picked":"Disarm","floor":2.0},{"not_picked":["Perfected Strike","Sever Soul"],"picked":"Iron Wave","floor":4.0},{"not_picked":["Dual Wield","Heavy Blade"],"picked":"Shrug It Off","floor":5.0},{"not_picked":["Shrug It Off","Warcry"],"picked":"Body Slam","floor":7.0},{"not_picked":["Flex","Bloodletting","Hemokinesis"],"picked":"SKIP","floor":11},{"not_picked":["Feel No Pain","Searing Blow","Havoc"],"picked":"SKIP","floor":12},{"not_picked":["Shrug It Off","Uppercut"],"picked":"Corruption","floor":13}],"player_experience":783799,"relics_obtained":[{"floor":7.0,"key":"Nunchaku"},{"floor":9.0,"key":"Art of War"},{"floor":11,"key":"Self Forming Clay"},{"floor":13,"key":"WingedGreaves"}],"event_choices":[{"damage_healed":0.0,"max_hp_gain":0.0,"max_hp_loss":0.0,"gold_gain":0.0,"cards_transformed":["Strike_R"],"event_name":"Transmorgrifier","player_choice":"Transformed","floor":3.0,"gold_loss":0.0,"damage_taken":0.0,"cards_obtained":["Iron Wave"]},{"damage_healed":0.0,"max_hp_gain":0.0,"max_hp_loss":0.0,"gold_gain":0.0,"event_name":"Liars Game","player_choice":"Ignored","floor":8.0,"gold_loss":0.0,"damage_taken":0.0},{"damage_healed":0,"gold_gain":0,"player_choice":"Success","damage_taken":5,"relics_obtained":["FossilizedHelix"],"max_hp_gain":0,"max_hp_loss":0,"event_name":"Scrap Ooze","floor":14,"gold_loss":0}],"is_beta":true,"boss_relics":[],"items_purged_floors":[],"is_endless":false,"potions_floor_spawned":[2,4,11,13],"killed_by":"Hexaghost","ascension_level":15}}