{"host":"mabtmc9uzswexjnd","time":1609886044,"event":{"mods":["BaseMod","Lobotomy","LobotomyExtend","Minty Spire (QoL Compilation)","Replay The Spire","StSLib","vexMod","¡¾ÒÅÎï¿¨ÅÆ¡¿REMEMod"],"gold_per_floor":[112,112,0,17,31,31,57,71,71,71,163,163,163,163,163,163,176,176,176,273,273,254,254,8,8,28,28,79,111,111,111,141,141,189,214,214,335,335,373,28,58,58,126,177,177,223,271,307,353,383,383,420,420,448],"floor_reached":55,"playtime":3982,"items_purged":["Replay:Hysterical Blindness","Normality"],"score":870,"play_id":"27163d64-acd0-4621-9480-8c114f7c3895","local_time":"20210106063404","daily_mods":["Vintage","Heirloom"],"is_ascension_mode":false,"campfire_choices":[{"data":"1","floor":6,"key":"LIFT"},{"data":"2","floor":10,"key":"LIFT"},{"floor":12,"key":"REST"},{"floor":19,"key":"REST"},{"data":"3","floor":27,"key":"LIFT"},{"data":"Inflame","floor":31,"key":"SMITH"},{"data":"Anger","floor":36,"key":"SMITH"},{"data":"Whirlwind","floor":45,"key":"SMITH"},{"data":"Thunderclap","floor":53,"key":"SMITH"}],"circlet_count":0,"master_deck":["Strike_R","Strike_R","Strike_R","Strike_R","Strike_R","Defend_R","Defend_R","Defend_R","Defend_R","Survivor","Neutralize","Shrug It Off+1","Inflame+1","Anger+1","Thunderclap+1","Twin Strike","Demonic Infusion","ReplayTheSpireMod:Corrosion Curse","Thunderclap+1","REME_Fury+1","Armaments+1","Whirlwind+1","Limit Break+1","Carnage+1","Parasite"],"relics":["Black Blood","REME_ComplimentaryCards","Calipers","Ancient Tea Set","LetterFromLob","ReplayTheSpireMod:CursedCoin","Bag of Preparation","WingedGreaves","Girya","Tiny Chest","Bronze Scales","Snack Pack","Replay:WaspNest","Ring of Peace","Centennial Puzzle","ReplayTheSpireMod:Lightbulb","vexMod:Spyglass","Replay:Bandana","Replay:Wax Seal","Toy Ornithopter","Paper Frog","Frozen Egg 2","Toxic Egg 2","ReplayFunnel","Busted Crown","Shuriken","Vajra","Nunchaku","Replay:Mystery Machine","Gambling Chip","REME_IWantAll","vexMod:MemoryStick","Juzu Bracelet","Oddly Smooth Stone","Gremlin Horn","ReplayTheSpireMod:Spearhead","Blood Vial"],"acts_visited":["Exordium","TheCity","TheBeyond"],"potions_floor_usage":[8,20,20,29,34,43,49,54,54,54],"damage_taken":[{"damage":6,"enemies":"Jaw Worm","floor":1,"turns":5},{"damage":0,"enemies":"2 Louse","floor":4,"turns":3},{"damage":2,"enemies":"Small Slimes","floor":5,"turns":3},{"damage":19,"enemies":"3 Sentries","floor":7,"turns":11},{"damage":16,"enemies":"Exordium Thugs","floor":8,"turns":6},{"damage":0,"enemies":"Large Slime","floor":17,"turns":2},{"damage":30,"enemies":"The Guardian","floor":20,"turns":9},{"damage":3,"enemies":"2 Thieves","floor":22,"turns":4},{"damage":3,"enemies":"Shell Parasite","floor":26,"turns":4},{"damage":37,"enemies":"REME_1_Revenger","floor":28,"turns":5},{"damage":2,"enemies":"Snake Plant","floor":29,"turns":4},{"damage":3,"enemies":"Snecko","floor":32,"turns":5},{"damage":20,"enemies":"Slavers","floor":34,"turns":4},{"damage":1,"enemies":"Centurion and Healer","floor":35,"turns":6},{"damage":73,"enemies":"Champ","floor":37,"turns":12},{"damage":16,"enemies":"3 Darklings","floor":39,"turns":4},{"damage":0,"enemies":"Orb Walker","floor":41,"turns":2},{"damage":11,"enemies":"2 Orb Walkers","floor":43,"turns":3},{"damage":1,"enemies":"R_Hoarder","floor":44,"turns":7},{"damage":20,"enemies":"Giant Head","floor":46,"turns":6},{"damage":7,"enemies":"Jaw Worm Horde","floor":48,"turns":3},{"damage":21,"enemies":"R_Hoarder","floor":49,"turns":6},{"damage":0,"enemies":"Writhing Mass","floor":50,"turns":4},{"damage":0,"enemies":"Transient","floor":52,"turns":5},{"damage":70,"enemies":"Donu and Deca","floor":54,"turns":5}],"seed_played":"-3860731077021365213","potions_obtained":[{"floor":1,"key":"SneckoOil"},{"floor":4,"key":"SpeedPotion"},{"floor":17,"key":"BlessingOfTheForge"},{"floor":28,"key":"BlessingOfTheForge"},{"floor":29,"key":"Death Potion"},{"floor":34,"key":"Explosive Potion"},{"floor":37,"key":"AttackPotion"},{"floor":41,"key":"CultistPotion"},{"floor":44,"key":"Cursed Concoction"},{"floor":46,"key":"Strength Potion"},{"floor":49,"key":"PowerPotion"}],"is_trial":true,"path_per_floor":["M","?","$","M","M","R","E","M","T","R","?","R","PTL","PTL","PTL","PTL","M","?","R","B",null,"M","T","$","?","M","R","E","M","T","R","M","?","E","M","R","B",null,"M","$","M","$","?","E","R","E","T","M","E","M","?","M","R","B",null],"character_chosen":"IRONCLAD","items_purchased":["Shrug It Off+1","ReplayTheSpireMod:CursedCoin","Bag of Preparation","vexMod:Spyglass","Armaments+1","Vajra","Nunchaku"],"campfire_rested":2,"item_purchase_floors":[3,3,3,24,40,40,40],"current_hp_per_floor":[80,80,80,80,80,80,67,57,57,57,25,49,49,49,49,49,57,57,80,58,80,80,80,80,80,80,80,57,69,69,69,80,80,74,80,80,27,80,78,78,80,80,80,81,81,75,75,82,75,82,82,82,82,28],"gold":448,"neow_bonus":"","is_daily":false,"chose_seed":false,"campfire_upgraded":4,"win_rate":0.0,"timestamp":1609886044,"path_taken":["M","?","$","M","M","R","E","M","T","R","?","R","PTL","PTL","PTL","PTL","?","?","R","BOSS","M","?","$","?","M","R","E","?","T","R","M","?","E","M","R","BOSS","M","?","M","$","?","E","R","E","T","M","E","M","?","M","R","BOSS"],"items_purchased_type":["Card","Relic","Relic","Relic","Card","Relic","Relic"],"build_version":"2020-12-22","purchased_purges":2,"victory":true,"max_hp_per_floor":[80,80,80,80,80,80,80,80,80,80,80,80,80,80,80,80,80,80,80,80,80,80,80,80,80,80,80,80,80,80,80,80,80,80,80,80,80,80,80,80,80,80,80,81,81,82,82,82,82,82,82,82,82,82],"card_choices":[{"not_picked":["Pommel Strike","Shrug It Off"],"picked":"Inflame","floor":7},{"not_picked":["Evolve","Blood for Blood"],"picked":"Anger","floor":11},{"not_picked":["Clash","True Grit"],"picked":"Thunderclap","floor":11},{"not_picked":["ReplayTheSpireMod:Limb From Limb","Havoc"],"picked":"Twin Strike","floor":11},{"not_picked":["Immolate","Impervious"],"picked":"Demonic Infusion","floor":20},{"not_picked":["Headbutt","Shrug It Off+1"],"picked":"ReplayTheSpireMod:Corrosion Curse","floor":28},{"not_picked":["Flex+1","Hemogenesis"],"picked":"Thunderclap+1","floor":34},{"not_picked":["Eclipse+1","Brutality+1"],"picked":"REME_Fury+1","floor":37},{"not_picked":[],"picked":"Whirlwind","floor":43},{"not_picked":["Limit Break+1"],"picked":"Singing Bowl","floor":44},{"not_picked":["Carnage+1"],"picked":"Singing Bowl","floor":46},{"not_picked":["Defy Death+1"],"picked":"SKIP","floor":49}],"player_experience":37800,"relics_obtained":[{"floor":1,"key":"Ancient Tea Set"},{"floor":1,"key":"LetterFromLob"},{"floor":4,"key":"WingedGreaves"},{"floor":5,"key":"Girya"},{"floor":7,"key":"Tiny Chest"},{"floor":8,"key":"Bronze Scales"},{"floor":9,"key":"Snack Pack"},{"floor":17,"key":"Replay:WaspNest"},{"floor":18,"key":"Ring of Peace"},{"floor":22,"key":"Centennial Puzzle"},{"floor":23,"key":"ReplayTheSpireMod:Lightbulb"},{"floor":26,"key":"Replay:Bandana"},{"floor":28,"key":"Replay:Wax Seal"},{"floor":29,"key":"Toy Ornithopter"},{"floor":30,"key":"Paper Frog"},{"floor":32,"key":"Frozen Egg 2"},{"floor":34,"key":"Toxic Egg 2"},{"floor":35,"key":"ReplayFunnel"},{"floor":39,"key":"Shuriken"},{"floor":41,"key":"Replay:Mystery Machine"},{"floor":43,"key":"Gambling Chip"},{"floor":44,"key":"REME_IWantAll"},{"floor":46,"key":"vexMod:MemoryStick"},{"floor":47,"key":"Juzu Bracelet"},{"floor":48,"key":"Oddly Smooth Stone"},{"floor":49,"key":"Gremlin Horn"},{"floor":50,"key":"ReplayTheSpireMod:Spearhead"},{"floor":52,"key":"Blood Vial"}],"event_choices":[{"damage_healed":0,"gold_gain":0,"player_choice":"Ignored","damage_taken":0,"max_hp_gain":0,"max_hp_loss":0,"event_name":"Ghosts","floor":33,"gold_loss":0},{"damage_healed":0,"gold_gain":0,"player_choice":"Fight","damage_taken":0,"max_hp_gain":0,"max_hp_loss":0,"event_name":"Mysterious Sphere","floor":43,"gold_loss":0},{"damage_healed":0,"gold_gain":0,"player_choice":"Ignored","damage_taken":0,"max_hp_gain":0,"max_hp_loss":0,"event_name":"Tomb of Lord Red Mask","floor":51,"gold_loss":0}],"is_beta":false,"boss_relics":[{"not_picked":["Ooze Armor","Fusion Hammer"],"picked":"Black Blood"},{"not_picked":["vexMod:ImprovementManual","Honey Jar"],"picked":"Busted Crown"}],"items_purged_floors":[3,24],"is_endless":false,"potions_floor_spawned":[1,4,17,28,29,34,37,41,44,46,48,49],"ascension_level":0}}