{"host":"9eojso4kl4lidi9b","time":1609821128,"event":{"mods":["BaseMod","Beaked The Cultist","Better Skull","Colored Map","Colored Powertips","Conspire","Downfall","GifTheSpireLib","Minty Spire (QoL Compilation)","Random Character Button","Relic Sorter","Replay The Spire","Small Relic Pack","StSLib","Stuff the Spire","The Blackbeard","The Druid","The Factory","The Judge","The Necromancer","The Poker Player","The Wild Card","Trackpad","Unceasing Turn Reminder","Yuri Mod"],"gold_per_floor":[114,289,304,319,319,319,349,349,349,364,439,454,454,469,469,569,569,584,584,584,599,599,599,629,644,719,734,734,354,354,369,369,469,469,484,499,479,494,509,64,79,94,144,144,159,159,174,174,174,174],"floor_reached":51,"playtime":2289,"items_purged":["Doubt"],"score":823,"play_id":"22ba428d-7b0f-4134-a5f5-9b766f35a668","local_time":"20210104223208","daily_mods":["Allstar","Time Dilation","Terminal"],"is_ascension_mode":false,"campfire_choices":[{"data":"Bouncing Flask","floor":6,"key":"SMITH"},{"data":"Dagger Spray","floor":8,"key":"SMITH"},{"data":"conspire:DoublingDagger","floor":15,"key":"SMITH"},{"data":"theWildCard:Michael","floor":23,"key":"SMITH"},{"data":"After Image","floor":28,"key":"SMITH"},{"data":"ReplayTheSpireMod:Scrap Shanks","floor":30,"key":"SMITH"},{"data":"Neutralize","floor":32,"key":"SMITH"},{"floor":44,"key":"REST"},{"floor":46,"key":"REST"}],"circlet_count":0,"master_deck":["Strike_G+1","Strike_G+1","Strike_G+1","Strike_G+1","Defend_G+1","Defend_G+1","Defend_G+1","Defend_G+1","Defend_G+1","Survivor","Neutralize+1","Replay:Sssssssssstrike+1","Replay:SS_forest_6","Thinking Ahead+1","Dark Shackles","Dagger Spray+1","Dash+1","Bouncing Flask+1","Sucker Punch+1","Poisoned Stab","Dagger Spray","Deadly Poison","theWildCard:Michael+1","conspire:DoublingDagger+1","After Image+1","CurseOfTheBell","Eviscerate","Dagger Spray+1","Replay:Parry+1","Blur","Prepared+1","Pot Of Greed","Pot Of Greed","Pot Of Greed","Prepared","ReplayTheSpireMod:Scrap Shanks+1","Sucker Punch","Slice","Pot Of Greed","Bane","After Image","Dodge and Roll+1","Bane","Parasite","Deadly Poison","Replay:Poison Smokescreen+1","Envenom","Poisoned Strike","Mind Blast","Poisoned Strike","Flying Knee","Pot Of Greed","Distraction","conspire:PoisonWeapons","Cloak And Dagger","Madness","Madness"],"relics":["Ring of the Snake","StuffTheSpire:GrapeVine","beaked:ShinyBauble","Pear","Calling Bell","ReplayFunnel","Sundial","Incense Burner","Matryoshka","Grinning Jar","Kunai","champ:Barbells","conspire:SpecialSausage","Divine Protection","ReplayTheSpireMod:ShopPack","trackpad:PetRock","trackpad:SappingStone"],"acts_visited":["Exordium","TheCity","TheBeyond"],"potions_floor_usage":[16,24,35,38,39,45,50,50],"damage_taken":[{"damage":0,"enemies":"conspire:RoseBush","floor":1,"turns":4},{"damage":0,"enemies":"Jaw Worm","floor":3,"turns":4},{"damage":0,"enemies":"2 Louse","floor":4,"turns":2},{"damage":5,"enemies":"Replay:BlueRogue","floor":7,"turns":6},{"damage":0,"enemies":"Large Slime","floor":10,"turns":4},{"damage":2,"enemies":"Exordium Wildlife","floor":12,"turns":3},{"damage":0,"enemies":"3 Louse","floor":14,"turns":1},{"damage":2,"enemies":"The Guardian","floor":16,"turns":6},{"damage":0,"enemies":"3 Byrds","floor":18,"turns":4},{"damage":0,"enemies":"conspire:FuzzyDice","floor":21,"turns":5},{"damage":5,"enemies":"conspire:SneckoGhost","floor":24,"turns":4},{"damage":1,"enemies":"3 Cultists","floor":25,"turns":4},{"damage":0,"enemies":"Centurion and Healer","floor":27,"turns":2},{"damage":3,"enemies":"conspire:HollyBat","floor":31,"turns":5},{"damage":0,"enemies":"Champ","floor":33,"turns":9},{"damage":8,"enemies":"3 Shapes","floor":35,"turns":3},{"damage":12,"enemies":"3 Darklings","floor":36,"turns":4},{"damage":0,"enemies":"Writhing Mass","floor":38,"turns":4},{"damage":8,"enemies":"Jaw Worm Horde","floor":39,"turns":3},{"damage":3,"enemies":"Transient","floor":41,"turns":5},{"damage":0,"enemies":"4 Shapes","floor":42,"turns":5},{"damage":0,"enemies":"Jaw Worm Horde","floor":45,"turns":3},{"damage":0,"enemies":"Writhing Mass","floor":47,"turns":4},{"damage":20,"enemies":"Time Eater","floor":50,"turns":9}],"seed_played":"-8136925521176778862","potions_obtained":[{"floor":7,"key":"Death Potion"},{"floor":12,"key":"ColorlessPotion"},{"floor":14,"key":"LiquidBronze"},{"floor":16,"key":"SpeedPotion"},{"floor":21,"key":"Swift Potion"},{"floor":31,"key":"SteroidPotion"},{"floor":33,"key":"DistilledChaos"},{"floor":35,"key":"Death Potion"},{"floor":36,"key":"Energy Potion"},{"floor":37,"key":"Poison Potion"},{"floor":38,"key":"Guardian:BlockOnCardUsePotion"},{"floor":47,"key":"Strength Potion"}],"is_trial":false,"path_per_floor":["M","?","M","M","?","R","E","R","T","M","T","M","?","M","R","B",null,"M","?","?","M","?","R","E","M","T","M","R","$","R","M","R","B",null,"M","M","?","M","M","$","M","M","T","R","M","R","M","?","R_BF","B",null],"character_chosen":"THE_SILENT","items_purchased":["champ:Barbells","ReplayTheSpireMod:Scrap Shanks","Sucker Punch","Slice","Divine Protection","Envenom","ReplayTheSpireMod:ShopPack"],"campfire_rested":2,"item_purchase_floors":[29,29,29,29,40,40,40],"current_hp_per_floor":[68,67,66,65,64,63,58,58,58,58,68,66,66,65,64,62,62,61,60,59,58,57,56,51,50,50,50,50,50,49,46,46,46,45,37,25,25,25,17,17,14,14,14,24,24,33,32,28,30,18],"gold":174,"neow_bonus":"","is_daily":true,"chose_seed":false,"campfire_upgraded":7,"win_rate":0.0,"timestamp":1609821128,"path_taken":["M","?","M","M","?","R","E","R","T","M","?","M","?","M","R","BOSS","M","?","?","M","?","R","E","M","T","?","R","?","R","M","R","BOSS","M","M","?","M","M","$","?","?","T","R","M","R","M","?","R_BF","BOSS"],"items_purchased_type":["Relic","Card","Card","Card","Relic","Card","Relic"],"build_version":"2020-12-22","purchased_purges":1,"victory":true,"max_hp_per_floor":[68,67,66,65,64,63,62,61,60,59,68,67,66,65,64,63,62,61,60,59,58,57,56,55,54,53,52,51,50,49,48,47,46,45,44,43,42,41,40,39,38,37,36,35,34,33,32,31,30,29],"card_choices":[{"not_picked":["Flying Knee","Cloak And Dagger"],"picked":"Dagger Spray","floor":1},{"not_picked":["Dagger Throw","Flying Knee"],"picked":"Dash","floor":3},{"not_picked":["Underhanded Strike","Dagger Spray"],"picked":"Bouncing Flask","floor":4},{"not_picked":["Underhanded Strike","ReplayTheSpireMod:Necrosis"],"picked":"Poisoned Stab","floor":7},{"not_picked":["Hidden Blade","Terror"],"picked":"Dagger Spray","floor":10},{"not_picked":["Underhanded Strike","Sneak Up"],"picked":"Deadly Poison","floor":12},{"not_picked":["Well Laid Plans","Skewer"],"picked":"conspire:DoublingDagger","floor":14},{"not_picked":["Unload","Phantasmal Killer"],"picked":"After Image","floor":16},{"not_picked":["Sucker Punch+1","Quick Slash"],"picked":"Eviscerate","floor":18},{"not_picked":["Blur","Toxin Wave"],"picked":"Dagger Spray+1","floor":21},{"not_picked":["Atom Bomb","StuffTheSpire:Fury"],"picked":"Blur","floor":24},{"not_picked":["Sucker Punch","Dagger Spray"],"picked":"Prepared","floor":25},{"not_picked":["ReplayTheSpireMod:Exploit Weakness","Acrobatics+1"],"picked":"Prepared","floor":27},{"not_picked":["StuffTheSpire:Python","Hidden Blade"],"picked":"Bane","floor":31},{"not_picked":["Doppelganger","Storm of Steel"],"picked":"After Image","floor":33},{"not_picked":["Well Laid Plans+1","Quick Slash"],"picked":"Dodge and Roll+1","floor":35},{"not_picked":["Slice","StuffTheSpire:BumpUp+1"],"picked":"Bane","floor":36},{"not_picked":["Dagger Spray","Expertise"],"picked":"Deadly Poison","floor":38},{"not_picked":["PiercingWail","Draining Mist"],"picked":"Replay:Poison Smokescreen","floor":39},{"not_picked":["expansioncontent:Corrupt","Crow Ritual"],"picked":"Poisoned Strike","floor":40},{"not_picked":["PanicButton","Replay:SS_hec_2"],"picked":"Mind Blast","floor":40},{"not_picked":["Replay:Bootleg Shield Generator","Dramatic Entrance"],"picked":"Poisoned Strike","floor":40},{"not_picked":["Bane+1","Acrobatics+1"],"picked":"Flying Knee","floor":41},{"not_picked":["Eviscerate+1","Dagger Spray+1"],"picked":"Distraction","floor":42},{"not_picked":["ReplayTheSpireMod:Speed Training","Tactician"],"picked":"conspire:PoisonWeapons","floor":45},{"not_picked":["Slice","Flying Knee+1"],"picked":"Cloak And Dagger","floor":47}],"player_experience":1156224,"relics_obtained":[{"floor":7,"key":"StuffTheSpire:GrapeVine"},{"floor":9,"key":"beaked:ShinyBauble"},{"floor":11,"key":"Pear"},{"floor":17,"key":"ReplayFunnel"},{"floor":17,"key":"Sundial"},{"floor":17,"key":"Incense Burner"},{"floor":24,"key":"Matryoshka"},{"floor":26,"key":"Grinning Jar"},{"floor":26,"key":"Kunai"},{"floor":43,"key":"trackpad:PetRock"},{"floor":43,"key":"trackpad:SappingStone"}],"event_choices":[{"damage_healed":0,"gold_gain":175,"player_choice":"AGREE","damage_taken":0,"max_hp_gain":0,"max_hp_loss":0,"event_name":"Liars Game","floor":2,"gold_loss":0,"cards_obtained":["Doubt"]},{"damage_healed":0,"gold_gain":0,"player_choice":"Ignored","damage_taken":0,"max_hp_gain":0,"max_hp_loss":0,"event_name":"Vampires","floor":19,"gold_loss":0},{"damage_healed":0,"gold_gain":0,"player_choice":"Simplicity","damage_taken":0,"max_hp_gain":0,"max_hp_loss":0,"event_name":"Back to Basics","floor":20,"gold_loss":0,"cards_upgraded":["Strike_G","Strike_G","Strike_G","Strike_G","Defend_G","Defend_G","Defend_G","Defend_G","Defend_G"]},{"damage_healed":0,"gold_gain":0,"cards_transformed":["StuffTheSpire:Recharge"],"player_choice":"Transformed","damage_taken":0,"max_hp_gain":0,"max_hp_loss":0,"event_name":"Transmorgrifier","floor":22,"gold_loss":0,"cards_obtained":["Replay:Parry"]},{"damage_healed":0,"gold_gain":0,"player_choice":"Bought 1 Potion","damage_taken":0,"max_hp_gain":0,"max_hp_loss":0,"event_name":"The Woman in Blue","floor":37,"gold_loss":0},{"damage_healed":0,"gold_gain":0,"player_choice":"Embrace Madness","damage_taken":4,"max_hp_gain":0,"max_hp_loss":0,"event_name":"Winding Halls","floor":48,"gold_loss":0,"cards_obtained":["Madness","Madness"]}],"is_beta":false,"boss_relics":[{"not_picked":["Sozu","Replay:Drink Me"],"picked":"Calling Bell"},{"not_picked":["Coffee Dripper","Empty Cage"],"picked":"conspire:SpecialSausage"}],"items_purged_floors":[29],"is_endless":false,"potions_floor_spawned":[7,12,14,16,21,31,33,35,36,38,47],"ascension_level":0}}