{"host":"ta9mufxydm4vkknf","time":1609880115,"event":{"mods":["AchievementEnabler","BaseMod","Minty Spire (QoL Compilation)","Quick Restart"],"gold_per_floor":[114,114,129,144,144,144,174,174,249,264,264,229,244,19,19,144,144,159,174,174,174,224,224,239,254,329,229,259,134,134,149,149,249,249,264,304,344,359,374,404,404,444,494,524,524,554,554,569,569,569],"floor_reached":51,"playtime":3551,"items_purged":["Barricade","Establishment","Anger"],"score":884,"play_id":"ac4594a6-d666-499f-9c79-39ade2a76238","local_time":"20210105215515","daily_mods":["Shiny","Red Cards","Night Terrors"],"is_ascension_mode":false,"campfire_choices":[{"data":"Vault","floor":6,"key":"SMITH"},{"data":"Judgement","floor":11,"key":"SMITH"},{"data":"DeusExMachina","floor":15,"key":"SMITH"},{"data":"SpiritShield","floor":23,"key":"SMITH"},{"data":"Alpha","floor":30,"key":"SMITH"},{"data":"DevaForm","floor":32,"key":"SMITH"},{"data":"Bludgeon","floor":45,"key":"SMITH"},{"data":"Double Tap","floor":47,"key":"SMITH"},{"data":"Devotion","floor":49,"key":"SMITH"}],"circlet_count":0,"master_deck":["Double Tap+1","Demon Form+1","Bludgeon+1","Feed+1","Limit Break","Corruption","Fiend Fire","Berserk","Impervious","Brutality","Reaper","Exhume","Offering","Immolate+1","Judgement+1","ConjureBlade","MasterReality","Brilliance","Devotion+1","Blasphemy","Ragnarok","LessonLearned","Scrawl","Vault+1","Alpha+1","Wish","Omniscience","SpiritShield+1","DevaForm+1","DeusExMachina+1","Conclude","Halt","Sword Boomerang","FollowUp","Consecrate","Worship","DeusExMachina","WindmillStrike+1","Reaper+1"],"relics":["PureWater","MealTicket","Kunai","Ornamental Fan","Lee\u0027s Waffle","Snecko Eye","Molten Egg 2","Darkstone Periapt","Black Star","Bag of Preparation","Blood Vial","Boot","Ancient Tea Set","TeardropLocket","Unceasing Top","Bottled Tornado"],"acts_visited":["Exordium","TheCity","TheBeyond"],"potions_floor_usage":[7,19,36,38,39,40],"damage_taken":[{"damage":7,"enemies":"Small Slimes","floor":1,"turns":6},{"damage":11,"enemies":"Jaw Worm","floor":3,"turns":3},{"damage":6,"enemies":"2 Louse","floor":4,"turns":4},{"damage":27,"enemies":"Gremlin Nob","floor":7,"turns":4},{"damage":0,"enemies":"Exordium Wildlife","floor":10,"turns":1},{"damage":0,"enemies":"3 Louse","floor":13,"turns":4},{"damage":32,"enemies":"Slime Boss","floor":16,"turns":6},{"damage":26,"enemies":"2 Thieves","floor":18,"turns":3},{"damage":12,"enemies":"Shell Parasite","floor":19,"turns":3},{"damage":0,"enemies":"Cultist and Chosen","floor":24,"turns":4},{"damage":20,"enemies":"Centurion and Healer","floor":25,"turns":4},{"damage":33,"enemies":"Book of Stabbing","floor":28,"turns":4},{"damage":20,"enemies":"Sentry and Sphere","floor":31,"turns":4},{"damage":8,"enemies":"Automaton","floor":33,"turns":5},{"damage":0,"enemies":"Orb Walker","floor":35,"turns":4},{"damage":15,"enemies":"3 Shapes","floor":36,"turns":5},{"damage":10,"enemies":"Spire Growth","floor":37,"turns":3},{"damage":23,"enemies":"3 Darklings","floor":38,"turns":4},{"damage":22,"enemies":"Sphere and 2 Shapes","floor":39,"turns":4},{"damage":0,"enemies":"Reptomancer","floor":40,"turns":2},{"damage":22,"enemies":"Writhing Mass","floor":42,"turns":5},{"damage":6,"enemies":"Giant Head","floor":44,"turns":2},{"damage":14,"enemies":"Nemesis","floor":46,"turns":4},{"damage":0,"enemies":"3 Darklings","floor":48,"turns":3},{"damage":27,"enemies":"Time Eater","floor":50,"turns":6}],"seed_played":"-8136925521176778862","potions_obtained":[{"floor":7,"key":"Fruit Juice"},{"floor":10,"key":"ColorlessPotion"},{"floor":18,"key":"LiquidMemories"},{"floor":24,"key":"SteroidPotion"},{"floor":28,"key":"BottledMiracle"},{"floor":36,"key":"BlessingOfTheForge"},{"floor":37,"key":"GamblersBrew"},{"floor":39,"key":"LiquidMemories"},{"floor":40,"key":"Regen Potion"},{"floor":46,"key":"Block Potion"}],"is_trial":false,"path_per_floor":["M","?","M","M","?","R","E","T","T","M","R","?","M","$","R","B",null,"M","M","?","?","?","R","M","M","T","$","E","$","R","M","R","B",null,"M","M","M","M","M","E","?","M","T","E","R","E","R","M","R","B",null],"character_chosen":"WATCHER","items_purchased":["Lee\u0027s Waffle"],"campfire_rested":0,"item_purchase_floors":[14],"current_hp_per_floor":[65,65,54,51,51,51,37,37,37,37,37,57,57,87,87,55,87,65,53,82,82,82,82,87,67,67,82,49,64,64,44,44,48,87,90,83,77,62,67,83,83,63,63,93,93,79,79,93,93,93],"gold":569,"neow_bonus":"","is_daily":true,"chose_seed":false,"campfire_upgraded":9,"win_rate":0.0,"timestamp":1609880115,"path_taken":["M","?","M","M","?","R","E","?","T","M","R","?","M","$","R","BOSS","M","M","?","?","?","R","M","?","T","?","E","$","R","M","R","BOSS","M","M","M","M","M","E","?","M","T","E","R","E","R","M","R","BOSS"],"items_purchased_type":["Relic"],"build_version":"2020-12-22","purchased_purges":3,"victory":true,"max_hp_per_floor":[72,72,72,75,75,75,80,80,80,80,80,80,80,87,87,87,87,87,87,87,87,87,87,87,87,87,87,87,87,87,87,87,87,87,90,90,90,90,93,93,93,93,93,93,93,93,93,93,93,93],"card_choices":[{"not_picked":["Headbutt","Armaments","Clothesline"],"picked":"SKIP","floor":1},{"not_picked":["JustLucky","MasterReality"],"picked":"Conclude","floor":3},{"not_picked":["Evaluate","EmptyFist"],"picked":"Halt","floor":4},{"not_picked":["WaveOfTheHand","Crescendo"],"picked":"Sword Boomerang","floor":7},{"not_picked":["Clash","ReachHeaven"],"picked":"FollowUp","floor":10},{"not_picked":["Flame Barrier","Anger","True Grit"],"picked":"SKIP","floor":13},{"not_picked":["Flame Barrier","True Grit"],"picked":"Anger","floor":13},{"not_picked":["EmptyFist+1","TalkToTheHand","Clash"],"picked":"SKIP","floor":18},{"not_picked":["Hemokinesis","TalkToTheHand","Halt+1"],"picked":"SKIP","floor":19},{"not_picked":["Blood for Blood","Entrench","Reckless Charge"],"picked":"SKIP","floor":24},{"not_picked":["EmptyBody","Heavy Blade"],"picked":"Consecrate","floor":25},{"not_picked":["SandsOfTime+1","Worship","Conclude+1"],"picked":"SKIP","floor":28},{"not_picked":["SandsOfTime+1","Conclude+1"],"picked":"Worship","floor":28},{"not_picked":["BowlingBash+1","Meditate","Armaments"],"picked":"SKIP","floor":31},{"not_picked":["Impervious","Brutality"],"picked":"DeusExMachina","floor":33},{"not_picked":["SandsOfTime+1","Heavy Blade+1","Havoc"],"picked":"SKIP","floor":35},{"not_picked":["BowlingBash+1","Body Slam+1","Flex+1"],"picked":"SKIP","floor":36},{"not_picked":["Warcry+1","Body Slam+1","Twin Strike+1"],"picked":"SKIP","floor":37},{"not_picked":["Warcry+1","Body Slam+1","Twin Strike+1"],"picked":"SKIP","floor":37},{"not_picked":["Crescendo","Twin Strike+1","Corruption"],"picked":"SKIP","floor":38},{"not_picked":["LikeWater","Protect","Wild Strike+1"],"picked":"SKIP","floor":39},{"not_picked":["SignatureMove+1","FlyingSleeves+1"],"picked":"WindmillStrike+1","floor":40},{"not_picked":["Shrug It Off","Anger+1","Flex"],"picked":"SKIP","floor":42},{"not_picked":["Vault","Wish","Perfected Strike+1"],"picked":"SKIP","floor":44},{"not_picked":["DeceiveReality+1","CutThroughFate+1","Rampage+1"],"picked":"SKIP","floor":46},{"not_picked":["EmptyMind+1","EmptyBody+1","Shrug It Off+1"],"picked":"SKIP","floor":48}],"player_experience":243331,"relics_obtained":[{"floor":7,"key":"MealTicket"},{"floor":8,"key":"Kunai"},{"floor":9,"key":"Ornamental Fan"},{"floor":26,"key":"Molten Egg 2"},{"floor":28,"key":"Darkstone Periapt"},{"floor":40,"key":"Bag of Preparation"},{"floor":40,"key":"Blood Vial"},{"floor":43,"key":"Boot"},{"floor":44,"key":"Ancient Tea Set"},{"floor":44,"key":"TeardropLocket"},{"floor":46,"key":"Unceasing Top"},{"floor":46,"key":"Bottled Tornado"}],"event_choices":[{"damage_healed":0,"gold_gain":0,"player_choice":"Ignored","damage_taken":0,"max_hp_gain":0,"max_hp_loss":0,"event_name":"Golden Idol","floor":2,"gold_loss":0},{"cards_removed":["Juggernaut"],"damage_healed":0,"gold_gain":0,"player_choice":"Forget","damage_taken":0,"max_hp_gain":0,"max_hp_loss":0,"event_name":"Living Wall","floor":5,"gold_loss":0},{"damage_healed":20,"gold_gain":0,"player_choice":"Healed","damage_taken":0,"max_hp_gain":0,"max_hp_loss":0,"event_name":"The Cleric","floor":12,"gold_loss":35},{"damage_healed":29,"gold_gain":0,"player_choice":"Heal","damage_taken":0,"max_hp_gain":0,"max_hp_loss":0,"event_name":"The Library","floor":20,"gold_loss":0},{"damage_healed":0,"gold_gain":0,"player_choice":"Ignored","damage_taken":0,"max_hp_gain":0,"max_hp_loss":0,"event_name":"Ghosts","floor":21,"gold_loss":0},{"damage_healed":0,"gold_gain":100,"player_choice":"Bet on Murderer","damage_taken":0,"max_hp_gain":0,"max_hp_loss":0,"event_name":"The Joust","floor":22,"gold_loss":50},{"damage_healed":0,"gold_gain":0,"player_choice":"Copied","damage_taken":0,"max_hp_gain":0,"max_hp_loss":0,"event_name":"Duplicator","floor":41,"gold_loss":0,"cards_obtained":["Reaper"]}],"is_beta":false,"boss_relics":[{"not_picked":["Philosopher\u0027s Stone","Astrolabe"],"picked":"Snecko Eye"},{"not_picked":["Runic Pyramid","Empty Cage"],"picked":"Black Star"}],"items_purged_floors":[14,27,29],"is_endless":false,"potions_floor_spawned":[7,10,18,24,28,33,36,37,39,40,46],"ascension_level":0}}