{"host":"2lrkmsuh7nz013qb","time":1609850343,"event":{"mods":["BaseMod","Colored Map","DeckTracker","Minty Spire (QoL Compilation)","SuperFastMode","everything is the same but u backflip on backflip"],"gold_per_floor":[115,115,71,90,140,140,170,170,193,212,229,154,154,168,168,246,246,259,259,278,296,314,314,42,42,67,247,264,4,37,52,52,127,127,142,142,142,155,165,165,165,197,197,197,197,77,97,129,129,129,129,129,129,54,54,54],"floor_reached":55,"playtime":2421,"items_purged":["Strike_G","Strike_G","Strike_G","Defend_G"],"score":1998,"play_id":"d51f52e6-3ddd-473d-83b8-48bf2b9646ed","local_time":"20210105213903","is_ascension_mode":true,"campfire_choices":[{"data":"Noxious Fumes","floor":6.0,"key":"SMITH"},{"data":"Neutralize","floor":8.0,"key":"SMITH"},{"data":"Noxious Fumes","floor":15.0,"key":"SMITH"},{"data":"Catalyst","floor":23.0,"key":"SMITH"},{"data":"Calculated Gamble","floor":32.0,"key":"SMITH"},{"floor":40.0,"key":"REST"},{"data":"Catalyst","floor":45.0,"key":"SMITH"},{"floor":49.0,"key":"RECALL"},{"data":"Tactician","floor":53,"key":"SMITH"}],"circlet_count":0,"master_deck":["AscendersBane","Defend_G","Defend_G","Defend_G","Survivor","Neutralize+1","Noxious Fumes+1","Calculated Gamble+1","Acrobatics","Noxious Fumes+1","Slice+1","Eviscerate+1","Venomology+1","Well Laid Plans","Catalyst+1","Blur","Backflip+1","After Image","Grand Finale","After Image","Catalyst+1","Tactician+1","Purity"],"relics":["Ring of the Snake","NeowsBlessing","Mercury Hourglass","Toy Ornithopter","Astrolabe","Nloth\u0027s Gift","TwistedFunnel","Oddly Smooth Stone","StrikeDummy","Philosopher\u0027s Stone","Pen Nib","The Courier","Molten Egg 2"],"acts_visited":["Exordium","TheCity","TheBeyond","TheEnding"],"potions_floor_usage":[51,55],"damage_taken":[{"damage":0.0,"enemies":"2 Louse","floor":1.0,"turns":1.0},{"damage":0.0,"enemies":"Small Slimes","floor":4.0,"turns":1.0},{"damage":0.0,"enemies":"Lagavulin","floor":7.0,"turns":1.0},{"damage":0.0,"enemies":"Cultist","floor":10.0,"turns":4.0},{"damage":15.0,"enemies":"Exordium Thugs","floor":11.0,"turns":4.0},{"damage":5.0,"enemies":"2 Fungi Beasts","floor":14.0,"turns":3.0},{"damage":17.0,"enemies":"Hexaghost","floor":16.0,"turns":9.0},{"damage":23.0,"enemies":"Spheric Guardian","floor":18.0,"turns":6.0},{"damage":0.0,"enemies":"3 Byrds","floor":20.0,"turns":4.0},{"damage":18.0,"enemies":"Snake Plant","floor":21.0,"turns":3.0},{"damage":15.0,"enemies":"Snecko","floor":22.0,"turns":5.0},{"damage":0.0,"enemies":"Centurion and Healer","floor":25.0,"turns":2.0},{"damage":14.0,"enemies":"3 Cultists","floor":28.0,"turns":4.0},{"damage":1.0,"enemies":"Book of Stabbing","floor":30.0,"turns":5.0},{"damage":1.0,"enemies":"Snecko","floor":31.0,"turns":4.0},{"damage":0.0,"enemies":"Champ","floor":33.0,"turns":10.0},{"damage":25.0,"enemies":"3 Darklings","floor":35.0,"turns":4.0},{"damage":26.0,"enemies":"3 Shapes","floor":38.0,"turns":4.0},{"damage":7.0,"enemies":"Spire Growth","floor":39.0,"turns":6.0},{"damage":0.0,"enemies":"3 Darklings","floor":41.0,"turns":1.0},{"damage":16.0,"enemies":"Nemesis","floor":42.0,"turns":9.0},{"damage":0.0,"enemies":"4 Shapes","floor":47.0,"turns":5.0},{"damage":36.0,"enemies":"Reptomancer","floor":48.0,"turns":6.0},{"damage":10.0,"enemies":"Awakened One","floor":50.0,"turns":20.0},{"damage":28,"enemies":"Donu and Deca","floor":51,"turns":9},{"damage":75,"enemies":"Shield and Spear","floor":55,"turns":3}],"seed_played":"-6024800973994314796","potions_obtained":[{"floor":4.0,"key":"Weak Potion"},{"floor":11.0,"key":"Fire Potion"},{"floor":20.0,"key":"CunningPotion"},{"floor":30.0,"key":"Strength Potion"},{"floor":31.0,"key":"SkillPotion"},{"floor":35.0,"key":"FairyPotion"},{"floor":37.0,"key":"SpeedPotion"},{"floor":37.0,"key":"Weak Potion"},{"floor":42.0,"key":"FearPotion"},{"floor":47.0,"key":"BlessingOfTheForge"}],"is_trial":false,"path_per_floor":["M","?","$","M","?","R","E","R","T","M","M","$","?","M","R","B",null,"M","?","M","M","M","R","$","M","T","?","M","$","E","M","R","B",null,"M","T","?","M","M","R","M","E","T","$","R","$","M","E","R","B","B",null,"R","$","E"],"character_chosen":"THE_SILENT","items_purchased":["Noxious Fumes","TwistedFunnel","After Image","Fire Potion","Purity"],"campfire_rested":1,"item_purchase_floors":[3,24,29,29,54],"current_hp_per_floor":[59,64,64,64,57,57,57,57,57,57,42,42,42,37,37,20,58,35,35,40,32,22,22,22,27,27,8,21,21,25,34,34,64,69,49,49,49,38,31,52,57,51,51,51,51,51,56,35,35,30,7,55,55,55,0,0],"gold":54,"neow_bonus":"THREE_ENEMY_KILL","is_daily":false,"chose_seed":false,"campfire_upgraded":7,"win_rate":0.0,"timestamp":1609850343,"path_taken":["M","?","$","M","?","R","E","R","T","M","?","?","?","?","R","BOSS","M","?","?","M","M","R","$","?","T","?","M","$","E","M","R","BOSS","M","?","?","M","M","R","?","E","T","?","R","$","M","E","R","BOSS","BOSS","R","$","E"],"items_purchased_type":["Card","Relic","Card","Potion","Card"],"build_version":"2020-12-22","purchased_purges":4,"victory":false,"max_hp_per_floor":[66,71,71,71,71,71,71,71,71,71,71,71,71,71,71,71,71,71,71,71,71,71,71,71,71,71,71,71,71,71,71,71,71,71,71,71,71,71,71,71,71,71,71,71,71,71,71,71,71,71,71,71,71,71,71,71],"card_choices":[{"not_picked":["Underhanded Strike","Backstab","Blur"],"picked":"SKIP","floor":1.0},{"not_picked":["Dash","Cloak And Dagger","Prepared"],"picked":"SKIP","floor":4.0},{"not_picked":["PiercingWail","Dash"],"picked":"Calculated Gamble","floor":7.0},{"not_picked":["Poisoned Stab","Slice"],"picked":"Acrobatics","floor":10.0},{"not_picked":["All Out Attack","Skewer"],"picked":"Noxious Fumes","floor":11.0},{"not_picked":["Poisoned Stab","Outmaneuver","Heel Hook"],"picked":"SKIP","floor":14.0},{"not_picked":["Quick Slash","Blade Dance"],"picked":"Well Laid Plans","floor":18.0},{"not_picked":["Quick Slash","Blade Dance"],"picked":"Catalyst","floor":20.0},{"not_picked":["Setup","Dagger Spray","Blade Dance"],"picked":"SKIP","floor":21.0},{"not_picked":["Blade Dance","Outmaneuver"],"picked":"Blur","floor":22.0},{"not_picked":["Masterful Stab","Sucker Punch"],"picked":"Backflip+1","floor":28.0},{"not_picked":["Dodge and Roll+1","A Thousand Cuts"],"picked":"Grand Finale","floor":30.0},{"not_picked":["Underhanded Strike","Noxious Fumes","Blade Dance"],"picked":"SKIP","floor":31.0},{"not_picked":["Venomology","Glass Knife"],"picked":"After Image","floor":33.0},{"not_picked":["Bane","Backflip","Flechettes"],"picked":"SKIP","floor":35.0},{"not_picked":["Skewer","PiercingWail","Dagger Throw"],"picked":"SKIP","floor":38.0},{"not_picked":["Corpse Explosion","Flying Knee","Dodge and Roll"],"picked":"SKIP","floor":39.0},{"not_picked":["Flechettes","Concentrate"],"picked":"Catalyst","floor":42.0},{"not_picked":["Bane","PiercingWail"],"picked":"Tactician","floor":47.0},{"not_picked":["Deadly Poison+1","Crippling Poison","Flechettes+1"],"picked":"SKIP","floor":48.0}],"player_experience":730843,"relics_obtained":[{"floor":7.0,"key":"Mercury Hourglass"},{"floor":9.0,"key":"Toy Ornithopter"},{"floor":26.0,"key":"Oddly Smooth Stone"},{"floor":30.0,"key":"StrikeDummy"},{"floor":42.0,"key":"Pen Nib"},{"floor":43.0,"key":"The Courier"},{"floor":48.0,"key":"Molten Egg 2"}],"event_choices":[{"damage_healed":0.0,"max_hp_gain":5.0,"max_hp_loss":0.0,"gold_gain":0.0,"event_name":"Big Fish","player_choice":"Donut","floor":2.0,"gold_loss":0.0,"damage_taken":0.0},{"damage_healed":0.0,"max_hp_gain":0.0,"max_hp_loss":0.0,"gold_gain":50.0,"event_name":"FaceTrader","player_choice":"Touch","floor":5.0,"gold_loss":0.0,"damage_taken":7.0},{"damage_healed":0.0,"max_hp_gain":0.0,"max_hp_loss":0.0,"gold_gain":0.0,"event_name":"WeMeetAgain","player_choice":"Gave Potion","floor":13.0,"gold_loss":0.0,"damage_taken":0.0,"relics_obtained":["Happy Flower"]},{"damage_healed":0.0,"max_hp_gain":0.0,"max_hp_loss":0.0,"gold_gain":0.0,"event_name":"N\u0027loth","player_choice":"Traded Relic","floor":19.0,"relics_lost":["Happy Flower"],"gold_loss":0.0,"damage_taken":0.0,"relics_obtained":["Nloth\u0027s Gift"]},{"damage_healed":0.0,"max_hp_gain":0.0,"max_hp_loss":0.0,"gold_gain":180.0,"event_name":"Knowing Skull","player_choice":"GOLD GOLD ","floor":27.0,"potions_obtained":[],"gold_loss":0.0,"damage_taken":19.0,"cards_obtained":[]},{"damage_healed":0.0,"max_hp_gain":0.0,"max_hp_loss":0.0,"gold_gain":0.0,"event_name":"Lab","player_choice":"Got Potions","floor":37.0,"gold_loss":0.0,"damage_taken":0.0}],"is_beta":false,"boss_relics":[{"not_picked":["HoveringKite","SacredBark"],"picked":"Astrolabe"},{"not_picked":["Snecko Eye","Fusion Hammer"],"picked":"Philosopher\u0027s Stone"}],"items_purged_floors":[12,24,29,46],"is_endless":false,"potions_floor_spawned":[4,11,20,30,31,35,41,42,47],"killed_by":"Shield and Spear","ascension_level":20}}