{"host":"1a3cjta80tad0aqj","time":1609843182,"event":{"mods":["2.2 Compatiblity","AchievementEnabler","BaseMod","Colored Map","DeckTracker","KOR Keyword Fix","Keyboard Shortcuts","Minty Spire (QoL Compilation)","Permanent Neow","Quick Restart","Random Character Button","StSLib","SuperFastMode","everything is the same but u backflip on backflip"],"gold_per_floor":[118,136,86,106,2,2,2,2,55,71,85,10,10,21,21,117,117,132,132,132,132,142,142,159,159,185,204,204,204,223,223,223,223,223],"floor_reached":33,"playtime":1552,"items_purged":["Defend_G"],"score":239,"play_id":"e4504217-8213-440b-8aee-5731d72ee151","local_time":"20210105193942","is_ascension_mode":false,"campfire_choices":[{"data":"Dagger Spray","floor":6.0,"key":"SMITH"},{"data":"Noxious Fumes","floor":8.0,"key":"SMITH"},{"data":"Crippling Poison","floor":13.0,"key":"SMITH"},{"floor":15.0,"key":"REST"},{"floor":23,"key":"REST"},{"floor":25,"key":"REST"},{"floor":28,"key":"REST"},{"floor":32,"key":"REST"}],"circlet_count":0,"master_deck":["Strike_G+1","Strike_G+1","Strike_G+1","Defend_G+1","Defend_G+1","Defend_G+1","Survivor","Neutralize","Deadly Poison","Deadly Poison","Noxious Fumes+1","Dagger Spray+1","Acrobatics","Crippling Poison+1","Masterful Stab","Burst","Dagger Spray","Escape Plan","Outmaneuver","Decay","Terror"],"relics":["Ring of the Serpent","Nunchaku","Centennial Puzzle"],"acts_visited":["Exordium","TheCity"],"potions_floor_usage":[21,33,33],"damage_taken":[{"damage":0.0,"enemies":"2 Louse","floor":1.0,"turns":3.0},{"damage":0.0,"enemies":"Jaw Worm","floor":2.0,"turns":4.0},{"damage":0.0,"enemies":"Cultist","floor":4.0,"turns":4.0},{"damage":18.0,"enemies":"Gremlin Gang","floor":10.0,"turns":4.0},{"damage":15.0,"enemies":"2 Fungi Beasts","floor":11.0,"turns":4.0},{"damage":0.0,"enemies":"3 Louse","floor":14.0,"turns":2.0},{"damage":25.0,"enemies":"The Guardian","floor":16.0,"turns":7.0},{"damage":20.0,"enemies":"2 Thieves","floor":18.0,"turns":4.0},{"damage":0,"enemies":"Spheric Guardian","floor":21,"turns":1},{"damage":25,"enemies":"Snake Plant","floor":22,"turns":4},{"damage":30,"enemies":"Cultist and Chosen","floor":24,"turns":7},{"damage":27,"enemies":"Centurion and Healer","floor":27,"turns":6},{"damage":26,"enemies":"Snake Plant","floor":30,"turns":4},{"damage":28,"enemies":"Automaton","floor":33,"turns":4}],"seed_played":"1675245963729110340","potions_obtained":[{"floor":0.0,"key":"SmokeBomb"},{"floor":0.0,"key":"Regen Potion"},{"floor":0.0,"key":"Weak Potion"},{"floor":2.0,"key":"EssenceOfSteel"},{"floor":22,"key":"Ancient Potion"},{"floor":24,"key":"SteroidPotion"}],"is_trial":false,"path_per_floor":["M","M","?","M","$","R","?","R","T","M","M","$","R","M","R","B",null,"M","?","?","M","M","R","M","R","T","M","R","?","M","?","R","B"],"character_chosen":"THE_SILENT","items_purchased":["Noxious Fumes","Dagger Spray"],"campfire_rested":5,"item_purchase_floors":[5,5],"current_hp_per_floor":[70,70,70,70,70,70,70,70,70,64,49,49,49,49,70,45,70,50,50,50,50,25,46,16,37,37,10,31,31,5,5,26,0,0],"gold":223,"neow_bonus":"THREE_SMALL_POTIONS","is_daily":false,"chose_seed":false,"campfire_upgraded":3,"win_rate":0.0,"timestamp":1609843182,"path_taken":["M","M","?","M","$","R","?","R","T","?","?","$","R","M","R","BOSS","M","?","?","M","M","R","M","R","T","M","R","?","M","?","R","BOSS"],"items_purchased_type":["Card","Card"],"build_version":"2020-12-22","purchased_purges":1,"victory":false,"max_hp_per_floor":[70,70,70,70,70,70,70,70,70,70,70,70,70,70,70,70,70,70,70,70,70,70,70,70,70,70,70,70,70,70,70,70,70,70],"card_choices":[{"not_picked":["Eviscerate","All Out Attack"],"picked":"Deadly Poison","floor":1.0},{"not_picked":["Outmaneuver","Dash"],"picked":"Sucker Punch","floor":2.0},{"not_picked":["Acrobatics","Escape Plan"],"picked":"Deadly Poison","floor":4.0},{"not_picked":["Dodge and Roll","Unload"],"picked":"Acrobatics","floor":10.0},{"not_picked":["Cloak And Dagger","Distraction"],"picked":"Crippling Poison","floor":11.0},{"not_picked":["Outmaneuver","Bane"],"picked":"Masterful Stab","floor":14.0},{"not_picked":["Wraith Form v2","Glass Knife"],"picked":"Burst","floor":16.0},{"not_picked":["Reflex","Cloak And Dagger"],"picked":"Dagger Spray","floor":18.0},{"not_picked":["Dodge and Roll","Infinite Blades+1","Flechettes"],"picked":"SKIP","floor":22},{"not_picked":["Dagger Throw","Bane+1","Poisoned Stab"],"picked":"SKIP","floor":24},{"not_picked":["Dagger Spray","Dodge and Roll+1"],"picked":"Terror","floor":27},{"not_picked":["Acrobatics","All Out Attack","Dagger Throw"],"picked":"SKIP","floor":30}],"player_experience":132177,"relics_obtained":[{"floor":9.0,"key":"Nunchaku"},{"floor":26,"key":"Centennial Puzzle"}],"event_choices":[{"cards_removed":["Defend_G"],"damage_healed":0.0,"max_hp_gain":0.0,"max_hp_loss":0.0,"gold_gain":0.0,"event_name":"The Cleric","player_choice":"Card Removal","floor":3.0,"gold_loss":50.0,"damage_taken":0.0},{"cards_removed":["Sucker Punch"],"damage_healed":5.0,"max_hp_gain":0.0,"max_hp_loss":0.0,"gold_gain":0.0,"event_name":"Bonfire Elementals","player_choice":"Offered Common","floor":7.0,"gold_loss":0.0,"damage_taken":0.0},{"cards_removed":["Sucker Punch"],"damage_healed":5.0,"max_hp_gain":0.0,"max_hp_loss":0.0,"gold_gain":0.0,"event_name":"Bonfire Elementals","player_choice":"Offered Special","floor":7.0,"gold_loss":0.0,"damage_taken":0.0},{"damage_healed":0.0,"max_hp_gain":0.0,"max_hp_loss":0.0,"gold_gain":0.0,"cards_transformed":["Strike_G","Strike_G"],"event_name":"Drug Dealer","player_choice":"Became Test Subject","floor":19.0,"gold_loss":0.0,"damage_taken":0.0,"cards_obtained":["Escape Plan","Outmaneuver"]},{"damage_healed":0.0,"max_hp_gain":0.0,"max_hp_loss":0.0,"gold_gain":0.0,"event_name":"Forgotten Altar","player_choice":"Smashed Altar","floor":20.0,"gold_loss":0.0,"damage_taken":0.0,"cards_obtained":["Decay"]},{"damage_healed":0,"gold_gain":0,"player_choice":"Simplicity","damage_taken":0,"max_hp_gain":0,"max_hp_loss":0,"event_name":"Back to Basics","floor":29,"gold_loss":0,"cards_upgraded":["Strike_G","Strike_G","Strike_G","Defend_G","Defend_G","Defend_G"]},{"damage_healed":0,"gold_gain":0,"player_choice":"Ignored","damage_taken":0,"max_hp_gain":0,"max_hp_loss":0,"event_name":"Cursed Tome","floor":31,"gold_loss":0}],"is_beta":false,"boss_relics":[{"not_picked":["WristBlade","Snecko Eye"],"picked":"Ring of the Serpent"}],"items_purged_floors":[12],"is_endless":false,"potions_floor_spawned":[2,22,24],"killed_by":"Automaton","ascension_level":0}}