{"host":"0azimyi6n3ugndj4","time":1609813328,"event":{"mods":["2.2 Compatiblity","BaseMod","Bestiary","Conspire","Curses Come First","Defuse TimeMaze Blight","Hermit","Hubris","Hyrulean Relics","Infinite Spire","Jorbs\u0027s Wanderer Trilogy","Minty Spire (QoL Compilation)","Relic Stats","Replay The Spire","StSLib","SuperFastMode","The Cursed","The Hierophant","Uncapped","¡¼?Úª?ø«¡½REMEMod"],"gold_per_floor":[136,185,185,185,241,241,314,314,314,314,314,154,154,154,154,260,260,319,319,151,71,71,134,218,271,296,296,211,304,304,304,304,466,466,599,599,9,9,94,94,251,338,364,445,516,620,645,299,299,437,635,635,743,743,848,234,329,329,405,486,556,629,737,737,453,553,553,686,686,774,774,774,886,1000,1164,1164,1315,1315,1478,1478,876,1073,1216,1216,1216,1371,1371,1642,1975,1975,2182,2200,2200,2465,2673,2673,2673,2682,2682,2069,2286,2286,2329,2329,2291,2291],"floor_reached":105,"playtime":2302,"items_purged":["Injury","Injury"],"score":5707,"play_id":"f7c11eee-50f0-4808-9bc9-beb971042441","local_time":"20210105112208","daily_mods":["SealedDeck","Hoarder","Insanity","Chimera","Specialized","ControlledChaos","Allstar","Diverse","Colorless Cards","Heirloom","Time Dilation","Flight","Elite Swarm","Binary"],"is_ascension_mode":true,"campfire_choices":[{"data":"Wraith Form v2","floor":6.0,"key":"SMITH"},{"floor":8.0,"key":"REST"},{"floor":15.0,"key":"DIG"},{"floor":32.0,"key":"REST"},{"data":"Demon Form","floor":32.0,"key":"SMITH"},{"data":"Echo Form","floor":40,"key":"SMITH"},{"floor":49,"key":"REST"},{"data":"DevaForm","floor":49,"key":"SMITH"},{"floor":58,"key":"REST"},{"data":"stsjorbsmod:WastingForm","floor":58,"key":"SMITH"},{"floor":64,"key":"REST"},{"data":"Bash","floor":64,"key":"SMITH"},{"floor":67,"key":"REST"},{"data":"Survivor","floor":67,"key":"SMITH"},{"floor":84,"key":"REST"},{"data":"Zap","floor":84,"key":"SMITH"},{"floor":85,"key":"REST"},{"data":"Strike_R","floor":85,"key":"SMITH"},{"floor":93,"key":"REST"},{"data":"Strike_B","floor":93,"key":"SMITH"},{"floor":104,"key":"REST"},{"floor":104,"key":"DIG"}],"circlet_count":0,"master_deck":["Demon Form+1","Wraith Form v2+1","Echo Form+1","DevaForm+1","stsjorbsmod:ArcaneForm+1","stsjorbsmod:WastingForm+1","AscendersBane","Bash+1","Survivor+1","Zap+1","Strike_R+1","Strike_G+1","Strike_B+1","Defend_R","Defend_G","Defend_P","TheCursedMod:CircleOfCorruption","BasicCrystalCard","Crescendo","Heel Hook","hermit:SprayPray","hermit:Roulette","Panic Button","CutThroughFate","Fluid Movement","TheCursedMod:SoulCrush","stsjorbsmod:MageArmor","hermit:Snipe","Steam","hermit:NoHoldsBarred","hierophant:Upheaval","hermit:TrackingShot","Battle Trance","REME_SingleHolding","Nirvana","Well Laid Plans","WreathOfFlame","Anger","WreathOfFlame","Rip and Tear","stsjorbsmod:FracturedMind","Wallop","stsjorbsmod:BurningFlask","Flex","ReplayTheSpireMod:Speed Training","hermit:Vantage","stsjorbsmod:RefuseToForget","Acrobatics","Carnage","Cold Snap","Disarm","Halt","Replay:BasicMightCard","hierophant:Encroach","Conserve Battery","hermit:Misfire","Fluid Movement","stsjorbsmod:WanderingMind","FollowUp","Shrug It Off","Replay:Undeath\u0027s Touch","TheCursedMod:CircleOfFocus","hierophant:PristineSoul","stsjorbsmod:Thorns","hierophant:Doubloon","hierophant:Glossolalia","hierophant:Glossolalia","hierophant:Glossolalia","hierophant:Glossolalia","hierophant:Glossolalia","hierophant:Glossolalia","hierophant:Glossolalia","hierophant:Glossolalia","hierophant:Glossolalia","hierophant:Glossolalia","hierophant:Glossolalia","hierophant:Glossolalia","hierophant:Glossolalia","hierophant:Glossolalia","Tactician","Tactician","Tactician","Pommel Strike","Pommel Strike","Pommel Strike","ReplayTheSpireMod:LeadingStrike","ReplayTheSpireMod:LeadingStrike","ReplayTheSpireMod:LeadingStrike","Pommel Strike","Pommel Strike","Pommel Strike","Run Through","Run Through","Run Through","Replay:BluntJabs","Replay:BluntJabs","Replay:BluntJabs","stsjorbsmod:BurningFlask","stsjorbsmod:BurningFlask","stsjorbsmod:BurningFlask","hierophant:Doubloon","hierophant:Doubloon","hierophant:Doubloon","hierophant:SolarFlare","hierophant:SolarFlare","hierophant:SolarFlare","Dark Shackles","Dark Shackles","Dark Shackles","stsjorbsmod:Feast","stsjorbsmod:Feast","stsjorbsmod:Feast","Turbo+1","Turbo+1","Turbo+1","DeceiveReality","DeceiveReality","DeceiveReality","hubris:Envy","hubris:Envy","hubris:Envy","infinitespire:TheBestDefense","infinitespire:TheBestDefense","infinitespire:TheBestDefense","hubris:Wrath","hubris:Wrath","hubris:Wrath","Wraith Form v2+1","Wraith Form v2+1","Wraith Form v2+1","stsjorbsmod:FracturedMind","stsjorbsmod:FracturedMind","stsjorbsmod:FracturedMind","Dagger Spray","Dagger Spray","Dagger Spray","hierophant:Sermon","hierophant:Sermon","hierophant:Sermon","Study","Study","Study","Finesse","Finesse","Finesse","Venomology","Venomology","Venomology","Violence","Violence","Violence","ReplayTheSpireMod:Faulty Equipment","ReplayTheSpireMod:Faulty Equipment","ReplayTheSpireMod:Faulty Equipment","infinitespire:Punishment","infinitespire:Punishment","infinitespire:Punishment","Anger","Anger","Anger","Judgement+1","Judgement+1","Judgement+1","Injury","Injury","hierophant:FlamingChariot","hierophant:FlamingChariot","hierophant:FlamingChariot","ReplayTheSpireMod:Faulty Equipment","ReplayTheSpireMod:Faulty Equipment","ReplayTheSpireMod:Faulty Equipment","stsjorbsmod:WanderingMind+1","stsjorbsmod:WanderingMind+1","stsjorbsmod:WanderingMind+1"],"relics":["Cracked Core","Frozen Eye","Busted Crown","REME_ComplimentaryCards","REME_IWantAll","zeldaRelics:CourageTriforce","ReplayFunnel","zeldaRelics:Boomerang","Ring of Panic","Nunchaku","Replay:Grab Bag","hubris:RunicObelisk","Cursed Key","hubris:BlackHole","ClockworkSouvenir","zeldaRelics:WisdomTriforce","MutagenicStrength","Quantum Egg","SlaversCollar","infinitespire:Magic Flask","infinitespire:EvilPickle","Snecko Heart","hubris:RGBLights","Blood Vial","TheAbacus","hubris:Icosahedron","Akabeko","zeldaRelics:PowerTriforce","Happy Flower","infinitespire:Beetle Shell","DollysMirror","Black Star","BargainBundle","Replay:WaspNest","infinitespire:Satchel","Odd Mushroom","conspire:Dentures","hubris:PeanutButter","Gambling Chip","Toxic Egg 2","Orichalcum","Replay:Antivirus Software","conspire:SpecialSausage","hubris:Towel","infinitespire:Lucky Rock","infinitespire:Broken Mirror","hubris:FruitBowl","hubris:EvacipatedBox","Pondfish Scales","hubris:Macrotransations","Pear","infinitespire:Freezer","PreservedInsect","Mercury Hourglass","Medical Kit","Ancient Tea Set","hubris:BallOfYels","CeramicFish","hubris:Stopwatch","White Beast Statue","Question Card","Replay:Rubber Ducky","hubris:HerbalPaste","hubris:ScarierMask","Shovel","ReplayTheSpireMod:TigerMarble"],"acts_visited":["Exordium","TheCity","TheBeyond","Exordium","TheCity","TheBeyond"],"potions_floor_usage":[45,62,62,63,79,86,88,94,95,101,101,101,105,105,105,105],"damage_taken":[{"damage":6.0,"enemies":"Cultist","floor":1.0,"turns":3.0},{"damage":0.0,"enemies":"Jaw Worm","floor":2.0,"turns":1.0},{"damage":0.0,"enemies":"Small Slimes","floor":5.0,"turns":2.0},{"damage":31.0,"enemies":"Lagavulin","floor":7.0,"turns":5.0},{"damage":26.0,"enemies":"The Guardian","floor":16.0,"turns":5.0},{"damage":0.0,"enemies":"Spheric Guardian","floor":18.0,"turns":3.0},{"damage":0.0,"enemies":"Book of Stabbing","floor":23.0,"turns":7.0},{"damage":14.0,"enemies":"3 Byrds","floor":24.0,"turns":6.0},{"damage":0.0,"enemies":"Cultist and Chosen","floor":25.0,"turns":4.0},{"damage":9.0,"enemies":"Slavers","floor":29.0,"turns":6.0},{"damage":5.0,"enemies":"Pondfish","floor":33.0,"turns":8.0},{"damage":4.0,"enemies":"3 Shapes","floor":35.0,"turns":2.0},{"damage":0,"enemies":"conspire:MimicChest","floor":39,"turns":6},{"damage":26,"enemies":"3 Darklings","floor":41,"turns":5},{"damage":0,"enemies":"Nemesis","floor":42,"turns":5},{"damage":26,"enemies":"Giant Head","floor":44,"turns":11},{"damage":0,"enemies":"Transient","floor":45,"turns":6},{"damage":0,"enemies":"Nightmare","floor":46,"turns":10},{"damage":2,"enemies":"conspire:OrnateMirror","floor":50,"turns":12},{"damage":16,"enemies":"infinitespire:MassOfShapes","floor":51,"turns":6},{"damage":12,"enemies":"conspire:RoseBush","floor":53,"turns":2},{"damage":0,"enemies":"Cultist","floor":55,"turns":3},{"damage":0,"enemies":"The Mushroom Lair","floor":57,"turns":4},{"damage":0,"enemies":"Jaw Worm","floor":60,"turns":3},{"damage":45,"enemies":"Nightmare","floor":62,"turns":7},{"damage":0,"enemies":"Exordium Thugs","floor":63,"turns":3},{"damage":0,"enemies":"Lagavulin","floor":66,"turns":2},{"damage":20,"enemies":"The Guardian","floor":68,"turns":6},{"damage":0,"enemies":"Shell Parasite","floor":70,"turns":4},{"damage":0,"enemies":"Spheric Guardian","floor":73,"turns":1},{"damage":0,"enemies":"Centurion and Healer","floor":74,"turns":3},{"damage":0,"enemies":"Slavers","floor":75,"turns":4},{"damage":0,"enemies":"Shelled Parasite and Fungi","floor":77,"turns":2},{"damage":20,"enemies":"Replay:Snechameleon","floor":79,"turns":4},{"damage":0,"enemies":"conspire:Head Lice","floor":82,"turns":3},{"damage":0,"enemies":"3 Cultists","floor":83,"turns":3},{"damage":0,"enemies":"conspire:MysteriousRune","floor":86,"turns":5},{"damage":0,"enemies":"3 Darklings","floor":88,"turns":7},{"damage":0,"enemies":"3 Shapes","floor":91,"turns":4},{"damage":8,"enemies":"3 Darklings","floor":94,"turns":4},{"damage":0,"enemies":"Transient","floor":95,"turns":5},{"damage":46,"enemies":"Jaw Worm Horde","floor":101,"turns":3},{"damage":175,"enemies":"Awakened One","floor":105,"turns":9}],"seed_played":"-4214862728522841395","potions_obtained":[{"floor":5.0,"key":"Languid Potion"},{"floor":16.0,"key":"SkillPotion"},{"floor":18.0,"key":"LiquidMemories"},{"floor":50,"key":"Explosive Potion"},{"floor":57,"key":"Block Potion"},{"floor":68,"key":"DistilledChaos"},{"floor":86,"key":"Regen Potion"},{"floor":94,"key":"REME_GoldPotion"},{"floor":101,"key":"PotionOfCapacity"},{"floor":103,"key":"SmokeBomb"},{"floor":103,"key":"SpeedPotion"},{"floor":103,"key":"CultistPotion"}],"is_trial":true,"path_per_floor":["M","M","?","?","M","R","E","R","T","?","?","$","?","?","R","B",null,"M","?","$","?","?","E","M","M","T","?","?","E","?","AVR","R","B",null,"M","?","$","?","?","R","M","E","T","E","M","NM","T","$","R","B","B",null,"M","?","M","$","?","R","T","M","T","NM","M","R","$","E","R","B",null,"M","?","?","M","M","E","$","M","T","E","?","$","E","M","R","R","B",null,"M","?","?","M","?","R","M","M","PTL","PTL","T","?","$","M","AVR","?","R","B"],"character_chosen":"DEFECT","items_purchased":["zeldaRelics:Boomerang","ClockworkSouvenir","hubris:RGBLights","Blood Vial","TheAbacus","infinitespire:Beetle Shell","DollysMirror","BargainBundle","Replay:WaspNest","infinitespire:Satchel","stsjorbsmod:FracturedMind","Dagger Spray","hierophant:Sermon","Study","Finesse","Venomology","Violence","ColorlessPotion","Toxic Egg 2","hubris:FruitBowl","hubris:EvacipatedBox","Pondfish Scales","hubris:Macrotransations","Mercury Hourglass","Medical Kit","Ancient Tea Set","Question Card","Replay:Rubber Ducky","hubris:HerbalPaste"],"campfire_rested":10,"item_purchase_floors":[12,20,37,37,37,48,48,56,56,56,56,56,56,56,56,56,56,56,65,76,76,76,76,81,81,81,100,100,100],"current_hp_per_floor":[58,58,51,51,51,51,22,43,43,38,38,38,38,34,34,10,59,59,59,59,59,59,61,51,55,55,55,55,46,46,46,71,74,88,88,88,88,88,90,90,66,68,68,46,48,52,52,52,82,82,70,95,85,85,87,87,89,103,103,103,103,60,66,98,98,100,109,91,106,108,108,108,110,111,111,35,37,52,34,34,34,39,50,91,132,134,137,138,138,138,141,141,141,133,138,138,138,138,138,138,100,100,101,144,0,0],"gold":2291,"neow_bonus":"","is_daily":false,"chose_seed":false,"campfire_upgraded":10,"win_rate":0.0,"timestamp":1609813328,"path_taken":["M","?","?","?","?","R","E","R","T","?","?","?","?","?","R","BOSS","M","?","$","?","?","E","?","M","T","?","?","E","?","AVR","R","BOSS","M","?","$","?","?","R","M","E","T","E","?","NM","?","?","R","BOSS","BOSS","M","?","?","?","?","R","?","?","T","NM","?","R","?","E","R","BOSS","M","?","?","?","?","E","?","?","T","E","?","?","E","?","R","R","BOSS","M","?","?","?","?","R","?","M","PTL","PTL","T","?","?","?","AVR","?","R","BOSS"],"items_purchased_type":["Relic","Relic","Relic","Relic","Relic","Relic","Relic","Relic","Relic","Relic","Card","Card","Card","Card","Card","Card","Card","Potion","Relic","Relic","Relic","Relic","Relic","Relic","Relic","Relic","Relic","Relic","Relic"],"build_version":"2020-12-22","purchased_purges":2,"victory":false,"max_hp_per_floor":[71,71,71,71,71,71,73,73,73,73,73,73,73,73,73,75,75,75,75,75,75,75,77,81,85,85,85,85,85,85,85,85,93,93,97,97,97,97,97,97,97,97,97,99,99,101,101,101,101,101,103,103,103,103,103,103,103,103,103,103,103,105,109,109,109,109,109,111,111,111,111,111,111,111,111,111,111,126,126,126,126,129,138,138,138,138,138,138,138,138,141,141,141,141,144,144,144,144,144,144,145,145,146,146,146,146],"relic_stats":{"Happy Flower":[36],"counters":[43,204],"CeramicFish":54,"PreservedInsect":60,"Orichalcum":[78],"Cursed Key":7,"Medical Kit":[0],"Question Card":6,"Mercury Hourglass":[202],"Blood Vial":48,"Nunchaku":[33],"Busted Crown":330,"TheAbacus":[0],"Shovel":2,"Gambling Chip":[91],"Black Star":5,"obtain_stats":[{"hubris:BallOfYels":82,"CeramicFish":82,"REME_IWantAll":0,"Blood Vial":37,"hubris:HerbalPaste":100,"DollysMirror":48,"Toxic Egg 2":65,"zeldaRelics:PowerPiece":43,"hubris:RGBLights":37,"conspire:Dentures":61,"zeldaRelics:WisdomPiece":26,"Pear":78,"Happy Flower":47,"Replay:Grab Bag":17,"hubris:FruitBowl":76,"infinitespire:Beetle Shell":48,"infinitespire:Magic Flask":31,"Question Card":100,"zeldaRelics:CourageTriforce":23,"Akabeko":39,"infinitespire:EvilPickle":33,"SlaversCollar":31,"infinitespire:Broken Mirror":75,"MutagenicStrength":27,"hubris:PeanutButter":62,"Black Star":52,"ReplayTheSpireMod:TigerMarble":104,"ReplayFunnel":10,"zeldaRelics:Boomerang":12,"Snecko Heart":34,"conspire:SpecialSausage":69,"hubris:RunicObelisk":17,"Cursed Key":17,"Ancient Tea Set":81,"zeldaRelics:WisdomTriforce":42,"hubris:EvacipatedBox":76,"ClockworkSouvenir":20,"Replay:Rubber Ducky":100,"hubris:BlackHole":17,"Frozen Eye":0,"Nunchaku":15,"TheAbacus":37,"hubris:Icosahedron":38,"hubris:Macrotransations":76,"Shovel":102,"Gambling Chip":62,"hubris:Stopwatch":87,"hubris:ScarierMask":102,"zeldaRelics:CouragePiece":7,"Ring of Panic":13,"Replay:Antivirus Software":66,"Cracked Core":0,"BargainBundle":56,"Golden Idol":4,"Quantum Egg":28,"Replay:WaspNest":56,"PreservedInsect":79,"zeldaRelics:PowerTriforce":46,"infinitespire:Lucky Rock":75,"Odd Mushroom":57,"Orichalcum":66,"hubris:Towel":71,"Medical Kit":81,"White Beast Statue":98,"Mercury Hourglass":81,"Pondfish Scales":76,"Busted Crown":0,"infinitespire:Satchel":56,"REME_ComplimentaryCards":0,"infinitespire:Freezer":79},{"hubris:BallOfYels":35,"CeramicFish":35,"REME_IWantAll":0,"Blood Vial":12,"hubris:HerbalPaste":41,"DollysMirror":18,"Toxic Egg 2":26,"zeldaRelics:PowerPiece":15,"hubris:RGBLights":12,"conspire:Dentures":24,"zeldaRelics:WisdomPiece":9,"Pear":33,"Happy Flower":18,"Replay:Grab Bag":5,"hubris:FruitBowl":32,"infinitespire:Beetle Shell":18,"infinitespire:Magic Flask":10,"Question Card":41,"zeldaRelics:CourageTriforce":7,"Akabeko":13,"infinitespire:EvilPickle":11,"SlaversCollar":10,"infinitespire:Broken Mirror":32,"MutagenicStrength":9,"hubris:PeanutButter":25,"Black Star":20,"ReplayTheSpireMod:TigerMarble":42,"ReplayFunnel":4,"zeldaRelics:Boomerang":4,"Snecko Heart":11,"conspire:SpecialSausage":28,"hubris:RunicObelisk":5,"Cursed Key":5,"Ancient Tea Set":34,"zeldaRelics:WisdomTriforce":15,"hubris:EvacipatedBox":32,"ClockworkSouvenir":6,"Replay:Rubber Ducky":41,"hubris:BlackHole":5,"Frozen Eye":0,"Nunchaku":4,"TheAbacus":12,"hubris:Icosahedron":12,"hubris:Macrotransations":32,"Shovel":42,"Gambling Chip":25,"hubris:Stopwatch":37,"hubris:ScarierMask":42,"zeldaRelics:CouragePiece":4,"Ring of Panic":4,"Replay:Antivirus Software":27,"Cracked Core":0,"BargainBundle":22,"Golden Idol":2,"Quantum Egg":9,"Replay:WaspNest":22,"PreservedInsect":34,"zeldaRelics:PowerTriforce":18,"infinitespire:Lucky Rock":32,"Odd Mushroom":23,"Orichalcum":27,"hubris:Towel":29,"Medical Kit":34,"White Beast Statue":41,"Mercury Hourglass":34,"Pondfish Scales":32,"Busted Crown":0,"infinitespire:Satchel":22,"REME_ComplimentaryCards":0,"infinitespire:Freezer":34},{"hubris:BallOfYels":164,"CeramicFish":164,"REME_IWantAll":0,"Blood Vial":52,"hubris:HerbalPaste":192,"DollysMirror":95,"Toxic Egg 2":135,"zeldaRelics:PowerPiece":68,"hubris:RGBLights":52,"conspire:Dentures":125,"zeldaRelics:WisdomPiece":36,"Pear":157,"Happy Flower":95,"Replay:Grab Bag":16,"hubris:FruitBowl":155,"infinitespire:Beetle Shell":95,"infinitespire:Magic Flask":42,"Question Card":192,"zeldaRelics:CourageTriforce":26,"Akabeko":58,"infinitespire:EvilPickle":50,"SlaversCollar":42,"infinitespire:Broken Mirror":155,"MutagenicStrength":36,"hubris:PeanutButter":132,"Black Star":113,"ReplayTheSpireMod:TigerMarble":195,"ReplayFunnel":11,"zeldaRelics:Boomerang":11,"Snecko Heart":50,"conspire:SpecialSausage":143,"hubris:RunicObelisk":16,"Cursed Key":16,"Ancient Tea Set":161,"zeldaRelics:WisdomTriforce":68,"hubris:EvacipatedBox":155,"ClockworkSouvenir":19,"Replay:Rubber Ducky":192,"hubris:BlackHole":16,"Frozen Eye":0,"Nunchaku":11,"TheAbacus":52,"hubris:Icosahedron":52,"hubris:Macrotransations":155,"Shovel":195,"Gambling Chip":132,"hubris:Stopwatch":172,"hubris:ScarierMask":195,"zeldaRelics:CouragePiece":11,"Ring of Panic":11,"Replay:Antivirus Software":137,"Cracked Core":0,"BargainBundle":118,"Golden Idol":4,"Quantum Egg":36,"Replay:WaspNest":118,"PreservedInsect":161,"zeldaRelics:PowerTriforce":95,"infinitespire:Lucky Rock":155,"Odd Mushroom":122,"Orichalcum":137,"hubris:Towel":147,"Medical Kit":161,"White Beast Statue":192,"Mercury Hourglass":161,"Pondfish Scales":155,"Busted Crown":0,"infinitespire:Satchel":118,"REME_ComplimentaryCards":0,"infinitespire:Freezer":161}]},"card_choices":[{"not_picked":["infinitespire:Punishment","infinitespire:NeuralNetwork"],"picked":"infinitespire:TheBestDefense","floor":36},{"not_picked":["infinitespire:FinalStrike","infinitespire:NeuralNetwork"],"picked":"infinitespire:Punishment","floor":69},{"not_picked":["hierophant:FlamingChariot"],"picked":"Singing Bowl","floor":101},{"not_picked":["stsjorbsmod:WanderingMind+1"],"picked":"Singing Bowl","floor":103}],"player_experience":1541813,"relics_obtained":[{"floor":7.0,"key":"zeldaRelics:CouragePiece"},{"floor":9.0,"key":"zeldaRelics:CouragePiece"},{"floor":13.0,"key":"Ring of Panic"},{"floor":15.0,"key":"Nunchaku"},{"floor":23.0,"key":"zeldaRelics:CouragePiece"},{"floor":26.0,"key":"zeldaRelics:WisdomPiece"},{"floor":29.0,"key":"zeldaRelics:WisdomPiece"},{"floor":39,"key":"Akabeko"},{"floor":42,"key":"zeldaRelics:WisdomPiece"},{"floor":43,"key":"zeldaRelics:PowerPiece"},{"floor":44,"key":"zeldaRelics:PowerPiece"},{"floor":46,"key":"zeldaRelics:PowerPiece"},{"floor":47,"key":"Happy Flower"},{"floor":57,"key":"Odd Mushroom"},{"floor":61,"key":"conspire:Dentures"},{"floor":62,"key":"hubris:PeanutButter"},{"floor":62,"key":"Gambling Chip"},{"floor":66,"key":"Orichalcum"},{"floor":66,"key":"Replay:Antivirus Software"},{"floor":75,"key":"infinitespire:Lucky Rock"},{"floor":75,"key":"infinitespire:Broken Mirror"},{"floor":78,"key":"Pear"},{"floor":79,"key":"infinitespire:Freezer"},{"floor":79,"key":"PreservedInsect"},{"floor":82,"key":"hubris:BallOfYels"},{"floor":82,"key":"CeramicFish"},{"floor":98,"key":"White Beast Statue"},{"floor":104,"key":"ReplayTheSpireMod:TigerMarble"}],"event_choices":[{"cards_removed":["Eruption"],"damage_healed":0.0,"max_hp_gain":0.0,"max_hp_loss":0.0,"gold_gain":0.0,"event_name":"Golden Wing","player_choice":"Card Removal","floor":3.0,"gold_loss":0.0,"damage_taken":7.0},{"damage_healed":0.0,"max_hp_gain":0.0,"max_hp_loss":0.0,"gold_gain":0.0,"event_name":"Golden Idol","player_choice":"Take Wound","floor":4.0,"gold_loss":0.0,"damage_taken":0.0,"relics_obtained":["Golden Idol"],"cards_obtained":["Injury"]},{"damage_healed":0.0,"max_hp_gain":0.0,"max_hp_loss":0.0,"gold_gain":0.0,"event_name":"Scrap Ooze","player_choice":"Success","floor":10.0,"gold_loss":0.0,"damage_taken":5.0,"relics_obtained":["ReplayFunnel"]},{"damage_healed":0.0,"max_hp_gain":0.0,"max_hp_loss":0.0,"gold_gain":0.0,"event_name":"conspire:Investor","player_choice":"Leave","floor":14.0,"gold_loss":0.0,"damage_taken":0.0},{"damage_healed":0.0,"max_hp_gain":0.0,"max_hp_loss":0.0,"gold_gain":0.0,"event_name":"Vampires","player_choice":"Ignored","floor":19.0,"gold_loss":0.0,"damage_taken":0.0},{"damage_healed":0.0,"max_hp_gain":0.0,"max_hp_loss":0.0,"gold_gain":0.0,"event_name":"The Library","player_choice":"Read","floor":22.0,"gold_loss":0.0,"damage_taken":0.0,"cards_obtained":["DeceiveReality"]},{"damage_healed":0.0,"max_hp_gain":0.0,"max_hp_loss":0.0,"gold_gain":0.0,"event_name":"Drug Dealer","player_choice":"Inject Mutagens","floor":27.0,"gold_loss":0.0,"damage_taken":0.0,"relics_obtained":["MutagenicStrength"]},{"damage_healed":0.0,"max_hp_gain":0.0,"max_hp_loss":0.0,"gold_gain":0.0,"event_name":"Addict","player_choice":"Obtained Relic","floor":28.0,"gold_loss":85.0,"damage_taken":0.0,"relics_obtained":["Quantum Egg"]},{"cards_removed":["Injury"],"damage_healed":0.0,"max_hp_gain":0.0,"max_hp_loss":0.0,"gold_gain":0.0,"event_name":"Back to Basics","player_choice":"Elegance","floor":30.0,"gold_loss":0.0,"damage_taken":0.0},{"damage_healed":0,"gold_gain":0,"player_choice":"Upgraded","damage_taken":0,"max_hp_gain":0,"max_hp_loss":0,"event_name":"Upgrade Shrine","floor":54,"gold_loss":0,"cards_upgraded":["stsjorbsmod:ArcaneForm"]},{"damage_healed":0,"gold_gain":0,"player_choice":"Fought Mushrooms","damage_taken":0,"max_hp_gain":0,"max_hp_loss":0,"event_name":"Mushrooms","floor":57,"gold_loss":0},{"damage_healed":0,"gold_gain":0,"player_choice":"Cursed","damage_taken":0,"max_hp_gain":0,"max_hp_loss":0,"event_name":"Wheel of Change","floor":72,"gold_loss":0,"cards_obtained":["Decay"]},{"cards_removed":["hubris:Disease","hubris:Disease","hubris:Disease","Decay","Decay","Decay","Decay","Decay","Decay","ReplayTheSpireMod:Faulty Equipment","ReplayTheSpireMod:Faulty Equipment","ReplayTheSpireMod:Faulty Equipment","Decay","Decay","Decay","Writhe","Writhe","Writhe","hubris:Disease","hubris:Disease","hubris:Disease","Looming Evil","Looming Evil","Looming Evil","Injury"],"damage_healed":0,"gold_gain":0,"player_choice":"Removed Curses","damage_taken":0,"max_hp_gain":0,"max_hp_loss":0,"event_name":"Fountain of Cleansing","floor":80,"gold_loss":0},{"damage_healed":0,"gold_gain":333,"player_choice":"Gave Idol","damage_taken":0,"max_hp_gain":0,"max_hp_loss":0,"event_name":"The Moai Head","floor":89,"relics_lost":["Golden Idol"],"gold_loss":0},{"damage_healed":0,"gold_gain":0,"player_choice":"Upgraded","damage_taken":0,"max_hp_gain":0,"max_hp_loss":0,"event_name":"Upgrade Shrine","floor":90,"gold_loss":0,"cards_upgraded":["Strike_G"]},{"damage_healed":0,"gold_gain":0,"player_choice":"2 cards matched","damage_taken":0,"max_hp_gain":0,"max_hp_loss":0,"event_name":"Match and Keep!","floor":92,"gold_loss":0,"cards_obtained":["Anger","Judgement"]},{"cards_removed":["hierophant:Glossolalia"],"damage_healed":0,"gold_gain":0,"player_choice":"Removed Power","damage_taken":0,"max_hp_gain":0,"max_hp_loss":0,"event_name":"Falling","floor":99,"gold_loss":0}],"is_beta":false,"boss_relics":[{"not_picked":["Calling Bell","Philosopher\u0027s Stone"],"picked":"Replay:Grab Bag"},{"not_picked":["conspire:SlowCooker","hubris:CrackedHourglass"],"picked":"hubris:RunicObelisk"},{"not_picked":["conspire:SeveredTorchhead","conspire:RoyalGoblet"],"picked":"Cursed Key"},{"not_picked":["Nuclear Battery","FrozenCore"],"picked":"hubris:BlackHole"},{"not_picked":["ReplayTheSpireMod:DimensionalGlitch","ReplayTheSpireMod:SealedPack"],"picked":"Snecko Heart"},{"not_picked":["Snecko Eye","Replay:Drink Me"],"picked":"Black Star"},{"not_picked":["Kintsugi","Snecko Eye"],"picked":"conspire:SpecialSausage"},{"not_picked":["ChewingGum","ReplayTheSpireMod:SealedPack","Replay:Drink Me"],"picked":"hubris:Stopwatch"}],"items_purged_floors":[31,102],"is_endless":true,"potions_floor_spawned":[5,16,18,25,29,39,41,50,51,57,63,68,77,83,86,94,101],"killed_by":"Awakened One","ascension_level":20}}