{"host":"1a3cjta80tad0aqj","time":1609825291,"event":{"mods":["2.2 Compatiblity","AchievementEnabler","BaseMod","Colored Map","DeckTracker","KOR Keyword Fix","Keyboard Shortcuts","Minty Spire (QoL Compilation)","Permanent Neow","Quick Restart","Random Character Button","StSLib","SuperFastMode","everything is the same but u backflip on backflip"],"gold_per_floor":[114,129,54,69,69,69,69,69,69,88,88,163,182,32,32,32,32],"floor_reached":16,"playtime":245,"items_purged":["Alpha","Establishment"],"score":90,"play_id":"37848f30-b05f-42a2-9d0a-1a9fb3dafd14","local_time":"20210105144131","daily_mods":["Shiny","Red Cards","Night Terrors"],"is_ascension_mode":false,"campfire_choices":[{"data":"Immolate","floor":6,"key":"SMITH"},{"data":"Bludgeon","floor":8,"key":"SMITH"},{"data":"Corruption","floor":11,"key":"SMITH"},{"data":"Blasphemy","floor":15,"key":"SMITH"}],"circlet_count":0,"master_deck":["Double Tap","Demon Form","Bludgeon+1","Feed","Limit Break","Corruption+1","Barricade","Fiend Fire","Berserk+1","Impervious","Juggernaut","Brutality","Reaper","Exhume","Offering","Immolate+1","Judgement","ConjureBlade","MasterReality","Brilliance","Devotion","Blasphemy+1","Ragnarok","LessonLearned","Scrawl","Vault","Wish","Omniscience","SpiritShield","DevaForm","DeusExMachina"],"relics":["PureWater","Golden Idol","Kunai","Ornamental Fan"],"acts_visited":["Exordium"],"potions_floor_usage":[],"damage_taken":[{"damage":0,"enemies":"Small Slimes","floor":1,"turns":1},{"damage":0,"enemies":"Jaw Worm","floor":2,"turns":1},{"damage":0,"enemies":"2 Louse","floor":4,"turns":1},{"damage":11,"enemies":"Exordium Wildlife","floor":10,"turns":2},{"damage":0,"enemies":"3 Louse","floor":13,"turns":1},{"damage":99999,"enemies":"Slime Boss","floor":16,"turns":4}],"seed_played":"-8136925521176778862","potions_obtained":[{"floor":10,"key":"Ancient Potion"}],"is_trial":false,"path_per_floor":["M","M","$","M","?","R","?","R","T","M","R","T","M","$","R","B"],"character_chosen":"WATCHER","items_purchased":["SteroidPotion"],"campfire_rested":0,"item_purchase_floors":[14],"current_hp_per_floor":[72,72,72,72,54,54,54,54,54,43,43,43,43,43,43,0,0],"gold":32,"neow_bonus":"","is_daily":true,"chose_seed":false,"campfire_upgraded":4,"win_rate":0.0,"timestamp":1609825291,"path_taken":["M","M","$","M","?","R","?","R","T","M","R","?","M","$","R","BOSS"],"items_purchased_type":["Potion"],"build_version":"2020-12-22","purchased_purges":2,"victory":false,"max_hp_per_floor":[72,72,72,72,72,72,72,72,72,72,72,72,72,72,72,72,72],"card_choices":[{"not_picked":["Headbutt","Armaments","Clothesline"],"picked":"SKIP","floor":1},{"not_picked":["Conclude","JustLucky","MasterReality"],"picked":"SKIP","floor":2},{"not_picked":["Pray","MentalFortress","WheelKick"],"picked":"SKIP","floor":4},{"not_picked":["FlyingSleeves","Havoc","Bloodletting"],"picked":"SKIP","floor":10},{"not_picked":["Indignation","FlyingSleeves","Whirlwind"],"picked":"SKIP","floor":13}],"player_experience":117723,"relics_obtained":[{"floor":9,"key":"Kunai"},{"floor":12,"key":"Ornamental Fan"}],"event_choices":[{"damage_healed":0,"gold_gain":0,"player_choice":"Take Damage","damage_taken":18,"relics_obtained":["Golden Idol"],"max_hp_gain":0,"max_hp_loss":0,"event_name":"Golden Idol","floor":5,"gold_loss":0},{"damage_healed":0,"gold_gain":0,"player_choice":"Ignored","damage_taken":0,"max_hp_gain":0,"max_hp_loss":0,"event_name":"Liars Game","floor":7,"gold_loss":0}],"is_beta":false,"boss_relics":[],"items_purged_floors":[3,14],"is_endless":false,"potions_floor_spawned":[10],"killed_by":"Slime Boss","ascension_level":0}}