{"host":"7xbu8gt067z192g2","time":1609841067,"event":{"mods":["BaseMod","Better Note","Colored Map","Colored Powertips","Googly Eyes","Highlight Path","Minty Spire (QoL Compilation)","Rare Cards Sparkle","Replay The Spire","StSLib","The Bladedancer","The Cursed","The Hierophant","The Valiant","The Wild Card"],"gold_per_floor":[110,120,170,185,199,226,226,226,226,226,226],"floor_reached":10,"playtime":616,"items_purged":[],"score":78,"play_id":"6966cb62-ae0b-416f-b0c9-cf96e9974d63","local_time":"20210105050427","is_ascension_mode":true,"campfire_choices":[{"floor":8,"key":"REST"}],"circlet_count":0,"master_deck":["Strike_R","Strike_R","Strike_R","Strike_R","Strike_R","Defend_R","Defend_R","Defend_R","Defend_R","Bash","Whirlwind","Cleave","Amnesia","Double Tap","Inflame","Uppercut","Regret","CommonCold"],"relics":["Cursed Key","Ring of Greed","Smiling Mask","Tiny Chest","ReplayTheSpireMod:Ring of Exchange","Pondfish Scales","Huge Egg","Torii"],"acts_visited":["Exordium"],"potions_floor_usage":[10],"damage_taken":[{"damage":4,"enemies":"2 Louse","floor":1,"turns":3},{"damage":12,"enemies":"Small Slimes","floor":2,"turns":2},{"damage":0,"enemies":"Cultist","floor":4,"turns":2},{"damage":23,"enemies":"Lots of Slimes","floor":5,"turns":3},{"damage":37,"enemies":"Gremlin Nob","floor":6,"turns":4},{"damage":33,"enemies":"Replay:BlueRogue","floor":10,"turns":3}],"seed_played":"-2970910189361844317","potions_obtained":[{"floor":2,"key":"FearPotion"},{"floor":5,"key":"BlessingOfTheForge"}],"is_trial":false,"path_per_floor":["M","M","?","M","M","E","?","R","T","E"],"character_chosen":"IRONCLAD","items_purchased":[],"campfire_rested":1,"item_purchase_floors":[],"current_hp_per_floor":[76,64,64,64,41,4,4,28,28,0,0],"gold":226,"neow_bonus":"BOSS_RELIC","is_daily":false,"chose_seed":false,"campfire_upgraded":0,"win_rate":0.0,"timestamp":1609841067,"path_taken":["M","M","?","M","M","E","?","R","T","E"],"items_purchased_type":[],"build_version":"2020-12-22","purchased_purges":0,"victory":false,"max_hp_per_floor":[80,80,80,80,80,80,80,80,80,80,80],"card_choices":[{"not_picked":["True Grit","Heavy Blade"],"picked":"Whirlwind","floor":1},{"not_picked":["Dual Wield","Massacre"],"picked":"Cleave","floor":2},{"not_picked":["ReplayReversal","Thunderclap"],"picked":"Double Tap","floor":4},{"not_picked":["Ghostly Armor","Replay:Undeath\u0027s Touch"],"picked":"Inflame","floor":5},{"not_picked":["Heavy Blade","Perfected Strike"],"picked":"Uppercut","floor":6}],"player_experience":138800,"relics_obtained":[{"floor":3,"key":"Ring of Greed"},{"floor":3,"key":"Smiling Mask"},{"floor":3,"key":"Tiny Chest"},{"floor":3,"key":"ReplayTheSpireMod:Ring of Exchange"},{"floor":6,"key":"Pondfish Scales"},{"floor":9,"key":"Torii"}],"event_choices":[{"damage_healed":0,"gold_gain":0,"player_choice":"Box","damage_taken":0,"relics_obtained":["Huge Egg"],"max_hp_gain":0,"max_hp_loss":0,"event_name":"Big Fish","floor":7,"gold_loss":0,"cards_obtained":["Regret"]}],"is_beta":false,"boss_relics":[],"items_purged_floors":[],"is_endless":false,"potions_floor_spawned":[2,5],"killed_by":"Replay:BlueRogue","ascension_level":3}}