{"host":"8g198xe1n7br41jb","time":1609848477,"event":{"mods":["BaseMod","Downfall","Minty Spire (QoL Compilation)","StSLib","SuperFastMode"],"gold_per_floor":[0,10,22,32,17,2,79,79,89,89,14,14,30,30,42,42,42,42],"floor_reached":16,"playtime":744,"items_purged":[],"score":101,"play_id":"000d7009-e308-4d61-acf4-ea8a0d15f593","local_time":"20210105130757","is_ascension_mode":true,"campfire_choices":[{"data":"hexamod:Defend","floor":1.0,"key":"SMITH"},{"floor":8,"key":"RECALL"},{"data":"hexamod:GhostOfSpireFuture","floor":11,"key":"SMITH"}],"circlet_count":0,"master_deck":["hexamod:Strike+1","hexamod:Strike","hexamod:Strike","hexamod:Strike+1","hexamod:Defend+1","hexamod:Defend","hexamod:Defend+1","hexamod:Sear+1","hexamod:Float","hexamod:SixthSeal","hexamod:EmpoweredFlame+1","hexamod:AdvancingGuard","hexamod:GhostOfSpireFuture+1","hexamod:Hexaguard+1","hexamod:SpectersWail+1"],"relics":["hexamod:SpiritBrand","Ornamental Fan","Blood Vial","downfall:HeartBlessingRed"],"acts_visited":["Exordium"],"potions_floor_usage":[16,16],"damage_taken":[{"damage":0.0,"enemies":"Cultist","floor":2.0,"turns":4.0},{"damage":8.0,"enemies":"2 Louse","floor":3.0,"turns":3.0},{"damage":0.0,"enemies":"Small Slimes","floor":4.0,"turns":3.0},{"damage":0.0,"enemies":"downfall:FleeingMerchant","floor":5.0,"turns":4.0},{"damage":0,"enemies":"downfall:FleeingMerchant","floor":6,"turns":4},{"damage":0,"enemies":"2 Fungi Beasts","floor":9,"turns":5},{"damage":0,"enemies":"Blue Slaver","floor":13,"turns":4},{"damage":11,"enemies":"Large Slime","floor":15,"turns":6},{"damage":44,"enemies":"downfall:Defect","floor":16,"turns":6}],"seed_played":"901383115337291801","potions_obtained":[{"floor":2.0,"key":"champ:CounterPotion"},{"floor":4.0,"key":"sneckomod:MuddlingPotion"},{"floor":13,"key":"ColorlessPotion"}],"is_trial":false,"path_per_floor":["R","M","M","M","$","$","T","R","M","?","R","?","M","?","M","B"],"character_chosen":"THE_SPIRIT","items_purchased":[],"campfire_rested":0,"item_purchase_floors":[],"current_hp_per_floor":[70,70,62,62,62,62,62,62,62,44,44,44,46,51,42,0,0,0],"gold":42,"neow_bonus":"THREE_RARE_CARDS","is_daily":false,"chose_seed":false,"campfire_upgraded":2,"win_rate":0.0,"timestamp":1609848477,"path_taken":["R","M","M","M","?","$","T","R","M","?","R","?","M","?","M","BOSS"],"items_purchased_type":[],"build_version":"2020-12-22","purchased_purges":0,"victory":false,"max_hp_per_floor":[70,70,70,70,70,70,70,70,70,70,70,70,70,75,75,75,75,75],"card_choices":[{"not_picked":["hexamod:ApocalypseNow","hexamod:GhostflameInferno"],"picked":"hexamod:SixthSeal","floor":0.0},{"not_picked":["hexamod:HauntingEcho","hexamod:FourthSeal"],"picked":"hexamod:EmpoweredFlame","floor":2.0},{"not_picked":["hexamod:SecondSeal","hexamod:RadiantFlame"],"picked":"hexamod:AdvancingGuard","floor":3.0},{"not_picked":["hexamod:GhostShield","hexamod:Incineration","hexamod:SkipABeat"],"picked":"SKIP","floor":4.0},{"not_picked":["hexamod:AdvancingGuard","hexamod:Again"],"picked":"hexamod:GhostOfSpireFuture","floor":5.0},{"not_picked":["hexamod:InspiringFlames","hexamod:RainOfEmbers"],"picked":"hexamod:Hexaguard","floor":6},{"not_picked":["hexamod:InspiringFlames","hexamod:BurningTouch"],"picked":"hexamod:SpectersWail","floor":9},{"not_picked":["hexamod:ChargedBarrage","hexamod:EtherealExpedition","hexamod:RainOfEmbers"],"picked":"SKIP","floor":13},{"not_picked":["hexamod:FastForward","hexamod:StepThrough","hexamod:BacktrackSmack"],"picked":"SKIP","floor":15}],"player_experience":1210675,"relics_obtained":[{"floor":7,"key":"Ornamental Fan"}],"event_choices":[{"damage_healed":0,"gold_gain":0,"player_choice":"Success","damage_taken":18,"relics_obtained":["Blood Vial"],"max_hp_gain":0,"max_hp_loss":0,"event_name":"Scrap Ooze","floor":10,"gold_loss":0},{"cards_removed":["hexamod:Defend"],"damage_healed":0,"gold_gain":0,"player_choice":"Card Removal","damage_taken":0,"max_hp_gain":0,"max_hp_loss":0,"event_name":"The Cleric","floor":12,"gold_loss":0},{"damage_healed":0,"gold_gain":0,"player_choice":"Donut","damage_taken":0,"max_hp_gain":5,"max_hp_loss":0,"event_name":"Big Fish","floor":14,"gold_loss":0}],"is_beta":false,"boss_relics":[],"items_purged_floors":[],"is_endless":false,"potions_floor_spawned":[2,4,13],"killed_by":"downfall:Defect","ascension_level":2}}