{"host":"5ezk7t18wcb10u1o","time":1609869780,"event":{"mods":["BaseMod","Bestiary","Colored Powertips","Minty Spire (QoL Compilation)","Relic Sorter"],"gold_per_floor":[117,130,145,145,145,185,185,185,185,198,236,256,272,79,79,203,203,227,247,247,247],"floor_reached":20,"playtime":1595,"items_purged":[],"score":279,"play_id":"d11e1645-aac4-49f2-a13c-e3957c3cb000","local_time":"20210105180300","is_ascension_mode":true,"campfire_choices":[{"floor":7.0,"key":"REST"},{"data":"Blur","floor":15.0,"key":"SMITH"}],"circlet_count":0,"master_deck":["AscendersBane","Strike_G","Strike_G","Strike_G","Strike_G","Strike_G","Defend_G","Defend_G","Defend_G","Defend_G","Defend_G","Survivor","Neutralize","Backflip","Cloak And Dagger","Terror","Venomology","Skewer","Backflip","Blur+1","Envenom","Deadly Poison","Noxious Fumes"],"relics":["Ring of the Snake","Golden Idol","Kunai","Tough Bandages","Darkstone Periapt","Pantograph","PreservedInsect","Black Star"],"acts_visited":["Exordium","TheCity"],"potions_floor_usage":[20],"damage_taken":[{"damage":0.0,"enemies":"2 Louse","floor":1.0,"turns":3.0},{"damage":0.0,"enemies":"Small Slimes","floor":2.0,"turns":4.0},{"damage":0.0,"enemies":"Cultist","floor":3.0,"turns":3.0},{"damage":27.0,"enemies":"3 Sentries","floor":6.0,"turns":15.0},{"damage":0.0,"enemies":"Large Slime","floor":10.0,"turns":10.0},{"damage":21.0,"enemies":"Gremlin Nob","floor":11.0,"turns":5.0},{"damage":7.0,"enemies":"Blue Slaver","floor":12.0,"turns":6.0},{"damage":0.0,"enemies":"Lots of Slimes","floor":13.0,"turns":2.0},{"damage":66.0,"enemies":"Slime Boss","floor":16.0,"turns":22.0},{"damage":21.0,"enemies":"3 Byrds","floor":18.0,"turns":10.0},{"damage":37.0,"enemies":"Spheric Guardian","floor":19.0,"turns":8.0},{"damage":7,"enemies":"Snecko","floor":20,"turns":2}],"seed_played":"-8674464565507687283","potions_obtained":[{"floor":2.0,"key":"Fire Potion"},{"floor":11.0,"key":"PowerPotion"},{"floor":12.0,"key":"SpeedPotion"},{"floor":19.0,"key":"FearPotion"}],"is_trial":false,"path_per_floor":["M","M","M","?","?","E","R","?","T","M","E","M","M","$","R","B",null,"M","M","M"],"character_chosen":"THE_SILENT","items_purchased":["PreservedInsect","Blur"],"campfire_rested":1,"item_purchase_floors":[14,14],"current_hp_per_floor":[70,70,70,51,48,21,44,77,77,77,56,49,49,49,49,8,60,39,2,0,0],"gold":247,"neow_bonus":"TEN_PERCENT_HP_BONUS","is_daily":false,"chose_seed":false,"campfire_upgraded":1,"win_rate":0.0,"timestamp":1609869780,"path_taken":["M","M","M","?","?","E","R","?","T","?","E","M","M","$","R","BOSS","M","M","M"],"items_purchased_type":["Relic","Card"],"build_version":"2020-12-22","purchased_purges":0,"victory":false,"max_hp_per_floor":[77,77,77,77,77,77,77,77,77,77,77,77,77,77,77,77,77,77,77,77,77],"card_choices":[{"not_picked":["Poisoned Stab","Cloak And Dagger"],"picked":"Blur","floor":1.0},{"not_picked":["Prepared","Concentrate","Leg Sweep"],"picked":"SKIP","floor":2.0},{"not_picked":["Concentrate","Masterful Stab"],"picked":"Backflip","floor":3.0},{"not_picked":["Footwork","Prepared"],"picked":"Cloak And Dagger","floor":6.0},{"not_picked":["Footwork","Sucker Punch"],"picked":"Terror","floor":10.0},{"not_picked":["Flying Knee","Bane"],"picked":"Venomology","floor":11.0},{"not_picked":["Bane","Deadly Poison"],"picked":"Skewer","floor":12.0},{"not_picked":["Prepared","Cloak And Dagger"],"picked":"Backflip","floor":13.0},{"not_picked":["After Image","Venomology"],"picked":"Envenom","floor":16.0},{"not_picked":["Outmaneuver","Escape Plan+1"],"picked":"Deadly Poison","floor":18.0},{"not_picked":["Dodge and Roll","Dagger Throw+1"],"picked":"Noxious Fumes","floor":19.0}],"player_experience":1095505,"relics_obtained":[{"floor":6.0,"key":"Tough Bandages"},{"floor":9.0,"key":"Darkstone Periapt"},{"floor":11.0,"key":"Pantograph"}],"event_choices":[{"damage_healed":0.0,"max_hp_gain":0.0,"max_hp_loss":0.0,"gold_gain":0.0,"event_name":"Golden Idol","player_choice":"Take Damage","floor":4.0,"gold_loss":0.0,"damage_taken":19.0,"relics_obtained":["Golden Idol"]},{"damage_healed":0.0,"max_hp_gain":0.0,"max_hp_loss":0.0,"gold_gain":0.0,"event_name":"Scrap Ooze","player_choice":"Success","floor":5.0,"gold_loss":0.0,"damage_taken":3.0,"relics_obtained":["Kunai"]},{"cards_removed":["Blur"],"damage_healed":33.0,"max_hp_gain":0.0,"max_hp_loss":0.0,"gold_gain":0.0,"event_name":"Bonfire Elementals","player_choice":"Offered Uncommon","floor":8.0,"gold_loss":0.0,"damage_taken":0.0}],"is_beta":false,"boss_relics":[{"not_picked":["Busted Crown","Astrolabe"],"picked":"Black Star"}],"items_purged_floors":[],"is_endless":false,"potions_floor_spawned":[2,11,12,13,19],"killed_by":"Snecko","ascension_level":10}}