{"host":"8i4doyxqctgl5qb0","time":1609816245,"event":{"mods":["AchievementEnabler","BaseMod","Block Reminder","Colored Powertips","Downfall","Marisa£®ÏF”Í°°ƒß¿Ì…≥£©","Minty Spire (QoL Compilation)","Permanent Neow","Potion Indicator Mod","Rare Cards Sparkle","StSLib","SuperFastMode"],"gold_per_floor":[110,60,60,76,76,76,92,92,92,92,126,126,51,51,51,152,202,213,213,128,128,138,138,148,148,173,20,39,49,62,62,62,160,160,173,192,192,207,207,207,241,252,252,252,272,272,272,300,300,300],"floor_reached":51,"playtime":1740,"items_purged":[],"score":818,"play_id":"3373a84b-d552-426c-bb47-82230e9df93f","local_time":"20210105111045","is_ascension_mode":true,"campfire_choices":[{"data":"WaveOfTheHand","floor":6.0,"key":"SMITH"},{"data":"Adaptation","floor":8.0,"key":"SMITH"},{"data":"Vigilance","floor":10.0,"key":"SMITH"},{"data":"Eruption","floor":12.0,"key":"SMITH"},{"data":"Devotion","floor":15.0,"key":"SMITH"},{"floor":23.0,"key":"REST"},{"floor":32.0,"key":"REST"},{"floor":40.0,"key":"REST"},{"floor":44.0,"key":"REST"},{"data":"Alpha","floor":46.0,"key":"SMITH"},{"floor":49,"key":"REST"}],"circlet_count":0,"master_deck":["Strike_P+1","Strike_P+1","Strike_P+1","Defend_P+1","Defend_P+1","Defend_P+1","Eruption+1","Vigilance+1","Adaptation+1","WaveOfTheHand+1","Halt","Worship+1","Devotion+1","Blasphemy","ReachHeaven","EmptyFist","J.A.X.","Prostrate","WindmillStrike","Protect","Halt+1","Ragnarok","Writhe","Alpha+1","EmptyBody+1","Protect+1","WaveOfTheHand","Ragnarok","WreathOfFlame+1","Worship+1","Madness","Madness","Crescendo+1"],"relics":["PureWater","NeowsBlessing","Centennial Puzzle","Mummified Hand","White Beast Statue","Tiny House","Mango","Art of War","Toy Ornithopter","Membership Card","Ice Cream","Philosopher\u0027s Stone","Anchor","Bag of Preparation","GoldenEye","Shuriken","TungstenRod"],"acts_visited":["Exordium","TheCity","TheBeyond"],"potions_floor_usage":[50,50],"damage_taken":[{"damage":0.0,"enemies":"Jaw Worm","floor":1.0,"turns":1.0},{"damage":0.0,"enemies":"Cultist","floor":4.0,"turns":1.0},{"damage":0.0,"enemies":"2 Louse","floor":7.0,"turns":1.0},{"damage":16.0,"enemies":"Gremlin Nob","floor":11.0,"turns":3.0},{"damage":30.0,"enemies":"Hexaghost","floor":16.0,"turns":9.0},{"damage":24.0,"enemies":"Shell Parasite","floor":18.0,"turns":5.0},{"damage":23.0,"enemies":"2 Thieves","floor":22.0,"turns":5.0},{"damage":34.0,"enemies":"3 Cultists","floor":24.0,"turns":7.0},{"damage":3.0,"enemies":"Centurion and Healer","floor":28.0,"turns":4.0},{"damage":0.0,"enemies":"Snecko","floor":29.0,"turns":4.0},{"damage":8.0,"enemies":"3 Cultists","floor":30.0,"turns":4.0},{"damage":13.0,"enemies":"Champ","floor":33.0,"turns":7.0},{"damage":17.0,"enemies":"3 Shapes","floor":35.0,"turns":4.0},{"damage":17.0,"enemies":"3 Darklings","floor":36.0,"turns":4.0},{"damage":35.0,"enemies":"4 Shapes","floor":38.0,"turns":6.0},{"damage":23.0,"enemies":"Reptomancer","floor":41.0,"turns":6.0},{"damage":12.0,"enemies":"Transient","floor":42.0,"turns":5.0},{"damage":3.0,"enemies":"Jaw Worm Horde","floor":45.0,"turns":2.0},{"damage":33,"enemies":"Nemesis","floor":48,"turns":7},{"damage":50,"enemies":"Donu and Deca","floor":50,"turns":7}],"seed_played":"2392381541194179974","potions_obtained":[{"floor":1.0,"key":"Fire Potion"},{"floor":4.0,"key":"LiquidBronze"},{"floor":11.0,"key":"Explosive Potion"},{"floor":16.0,"key":"SpeedPotion"},{"floor":17.0,"key":"FairyPotion"},{"floor":18.0,"key":"DuplicationPotion"},{"floor":22.0,"key":"Strength Potion"},{"floor":36.0,"key":"LiquidBronze"},{"floor":38.0,"key":"Dexterity Potion"},{"floor":41.0,"key":"Fire Potion"},{"floor":42.0,"key":"LiquidMemories"},{"floor":45.0,"key":"Ancient Potion"},{"floor":48,"key":"DuplicationPotion"}],"is_trial":false,"path_per_floor":["M","?","T","M","$","R","M","R","T","R","E","R","$","?","R","B",null,"M","T","?","?","M","R","M","?","T","$","M","M","M","?","R","B",null,"M","M","?","M","T","R","E","M","T","R","M","R","?","E","R","B",null],"character_chosen":"WATCHER","items_purchased":["Devotion","Membership Card"],"campfire_rested":5,"item_purchase_floors":[13,27],"current_hp_per_floor":[72,72,72,72,72,72,72,72,72,72,56,56,56,56,56,26,77,53,67,67,67,44,71,37,37,37,37,34,34,26,26,53,40,91,74,62,62,27,27,54,36,29,29,56,58,58,47,14,41,1],"gold":300,"neow_bonus":"THREE_ENEMY_KILL","is_daily":false,"chose_seed":false,"campfire_upgraded":6,"win_rate":0.0,"timestamp":1609816245,"path_taken":["M","?","?","?","$","R","M","R","T","R","E","R","?","?","R","BOSS","M","?","?","?","?","R","M","?","T","$","M","M","M","?","R","BOSS","M","M","?","?","?","R","E","?","T","R","M","R","?","E","R","BOSS"],"items_purchased_type":["Card","Relic"],"build_version":"2020-12-22","purchased_purges":0,"victory":true,"max_hp_per_floor":[72,72,72,72,72,72,72,72,72,72,72,72,72,72,72,72,77,77,91,91,91,91,91,91,91,91,91,91,91,91,91,91,91,91,91,91,91,91,91,91,91,91,91,91,91,91,91,91,91,91],"card_choices":[{"not_picked":["ClearTheMind","ReachHeaven"],"picked":"Adaptation","floor":1.0},{"not_picked":["ClearTheMind","FearNoEvil"],"picked":"WaveOfTheHand","floor":4.0},{"not_picked":["SashWhip","CrushJoints"],"picked":"Halt","floor":7.0},{"not_picked":["ReachHeaven","EmptyBody"],"picked":"Worship","floor":11.0},{"not_picked":["Scrawl","ConjureBlade"],"picked":"Blasphemy","floor":16.0},{"not_picked":["CarveReality","Swivel"],"picked":"ReachHeaven","floor":17.0},{"not_picked":["FlurryOfBlows","Vengeance"],"picked":"EmptyFist","floor":18.0},{"not_picked":["CrushJoints","PathToVictory"],"picked":"Prostrate","floor":22.0},{"not_picked":["Halt","ForeignInfluence"],"picked":"WindmillStrike","floor":24.0},{"not_picked":["Crescendo","ThirdEye"],"picked":"Protect","floor":28.0},{"not_picked":["ReachHeaven","WindmillStrike"],"picked":"Halt+1","floor":29.0},{"not_picked":["EmptyBody","FlurryOfBlows+1"],"picked":"Ragnarok","floor":30.0},{"not_picked":["Scrawl","Ragnarok"],"picked":"Alpha","floor":33.0},{"not_picked":["EmptyFist+1","InnerPeace+1"],"picked":"EmptyBody+1","floor":35.0},{"not_picked":["Wallop","BowlingBash+1"],"picked":"Protect+1","floor":36.0},{"not_picked":["Swivel","Crescendo+1"],"picked":"WaveOfTheHand","floor":38.0},{"not_picked":["Prostrate+1","PathToVictory"],"picked":"Ragnarok","floor":41.0},{"not_picked":["FollowUp","LikeWater"],"picked":"WreathOfFlame+1","floor":42.0},{"not_picked":["TalkToTheHand+1","DeceiveReality"],"picked":"Worship+1","floor":45.0},{"not_picked":["SashWhip+1","Perseverance"],"picked":"Crescendo+1","floor":48}],"player_experience":79681,"relics_obtained":[{"floor":3.0,"key":"Centennial Puzzle"},{"floor":9.0,"key":"Mummified Hand"},{"floor":11.0,"key":"White Beast Statue"},{"floor":19.0,"key":"Mango"},{"floor":26.0,"key":"Toy Ornithopter"},{"floor":39.0,"key":"Bag of Preparation"},{"floor":41.0,"key":"GoldenEye"},{"floor":43.0,"key":"Shuriken"},{"floor":48,"key":"TungstenRod"}],"event_choices":[{"cards_removed":["Defend_P"],"damage_healed":0.0,"max_hp_gain":0.0,"max_hp_loss":0.0,"gold_gain":0.0,"event_name":"The Cleric","player_choice":"Card Removal","floor":2.0,"gold_loss":50.0,"damage_taken":0.0},{"cards_removed":["Strike_P"],"damage_healed":0.0,"max_hp_gain":0.0,"max_hp_loss":0.0,"gold_gain":0.0,"event_name":"Wheel of Change","player_choice":"Card Removal","floor":14.0,"gold_loss":0.0,"damage_taken":0.0},{"damage_healed":0.0,"max_hp_gain":0.0,"max_hp_loss":0.0,"gold_gain":0.0,"event_name":"Addict","player_choice":"Obtained Relic","floor":20.0,"gold_loss":85.0,"damage_taken":0.0,"relics_obtained":["Art of War"]},{"damage_healed":0.0,"max_hp_gain":0.0,"max_hp_loss":0.0,"gold_gain":0.0,"event_name":"Drug Dealer","player_choice":"Obtain J.A.X.","floor":21.0,"gold_loss":0.0,"damage_taken":0.0,"cards_obtained":["J.A.X."]},{"damage_healed":0.0,"max_hp_gain":0.0,"max_hp_loss":0.0,"gold_gain":0.0,"event_name":"Back to Basics","player_choice":"Simplicity","floor":25.0,"gold_loss":0.0,"damage_taken":0.0,"cards_upgraded":["Strike_P","Strike_P","Strike_P","Defend_P","Defend_P","Defend_P"]},{"damage_healed":0.0,"max_hp_gain":0.0,"max_hp_loss":0.0,"gold_gain":0.0,"event_name":"The Mausoleum","player_choice":"Opened","floor":31.0,"gold_loss":0.0,"damage_taken":0.0,"relics_obtained":["Ice Cream"],"cards_obtained":["Writhe"]},{"damage_healed":0.0,"max_hp_gain":0.0,"max_hp_loss":0.0,"gold_gain":0.0,"event_name":"WeMeetAgain","player_choice":"Gave Potion","floor":37.0,"gold_loss":0.0,"damage_taken":0.0,"relics_obtained":["Anchor"]},{"damage_healed":0.0,"max_hp_gain":0.0,"max_hp_loss":0.0,"gold_gain":0.0,"event_name":"Winding Halls","player_choice":"Embrace Madness","floor":47.0,"gold_loss":0.0,"damage_taken":11.0,"cards_obtained":["Madness","Madness"]}],"is_beta":false,"boss_relics":[{"not_picked":["Cursed Key","Velvet Choker"],"picked":"Tiny House"},{"not_picked":["SlaversCollar","Snecko Eye"],"picked":"Philosopher\u0027s Stone"}],"items_purged_floors":[],"is_endless":false,"potions_floor_spawned":[1,4,11,16,18,22,24,28,29,30,33,35,36,38,41,42,45,48],"ascension_level":2}}