{"host":"q79spna8ofw6hj3r","time":1609837041,"event":{"mods":["Aspiration","BaseMod","Bestiary","Better Altar","Better Match","Better Note","Better Sensory Stone","Better Skull","Better Third Choice","Better Vampires","BetterRewards","Block Reminder","Card Filter","Challenge The Spire","Colored Map","Colored Powertips","Conspire","Custom Start","Energized Spire","Halation","Hubris","Infinite Spire","Jedi Mod","Mimic Mod","Minty Spire (QoL Compilation)","Permanent Neow","Quick Restart","Relic Filter","Relic Sorter","Replay The Spire","Shop Mod","StSLib","SuperFastMode","Synergy Search","The Servant 0.9.4","vexMod"],"gold_per_floor":[116,41,41,41,53,53,70,105,178,178,27,42,60,60,60,60,60],"floor_reached":16,"playtime":452,"items_purged":["Strike_S"],"score":105,"play_id":"2e92ffdb-80bd-4e4f-a801-7d73b0652182","local_time":"20210105105721","is_ascension_mode":true,"campfire_choices":[{"data":"KidneyShot","floor":6,"key":"SMITH"},{"data":"Calculated Gamble","floor":10,"key":"SMITH"},{"data":"Rearm","floor":15,"key":"SMITH"}],"circlet_count":0,"master_deck":["Strike_S","Strike_S","Strike_S","Defend_S","Defend_S","Defend_S","Defend_S","KidneyShot+1","Exchange","Collapse","Calculated Gamble+1","Rearm+1"],"relics":["Uniform","aspiration:Nostalgia","m_SnakeCloak","ReplayFunnel","Bag of Preparation","hubris:Metronome","Pen Nib"],"acts_visited":["Exordium"],"potions_floor_usage":[8,16],"damage_taken":[{"damage":1,"enemies":"2 Louse","floor":1,"turns":3},{"damage":3,"enemies":"Small Slimes","floor":5,"turns":4},{"damage":0,"enemies":"Cultist","floor":7,"turns":3},{"damage":29,"enemies":"Gremlin Nob","floor":8,"turns":8},{"damage":18,"enemies":"Exordium Thugs","floor":12,"turns":3},{"damage":0,"enemies":"Large Slime","floor":13,"turns":1},{"damage":14,"enemies":"The Guardian","floor":16,"turns":5}],"seed_played":"-4411307116678825707","potions_obtained":[{"floor":1,"key":"Weak Potion"},{"floor":5,"key":"SkillPotion"},{"floor":8,"key":"Flashbang"},{"floor":12,"key":"BlessingOfTheForge"}],"is_trial":false,"path_per_floor":["M","$","?","?","M","R","M","E","T","R","$","M","M","$","R","B"],"character_chosen":"THE_SERVANT","items_purchased":["Pen Nib"],"campfire_rested":0,"item_purchase_floors":[11],"current_hp_per_floor":[64,64,64,64,61,61,61,32,32,32,32,14,14,14,14,0,0],"gold":60,"neow_bonus":"NOSTALGIA","is_daily":false,"chose_seed":false,"campfire_upgraded":3,"win_rate":0.0,"timestamp":1609837041,"path_taken":["M","$","?","?","M","R","M","E","T","R","$","M","?","?","R","BOSS"],"items_purchased_type":["Relic"],"build_version":"2020-12-22","purchased_purges":1,"victory":false,"max_hp_per_floor":[65,65,65,65,65,65,65,65,65,65,65,65,65,65,65,65,65],"card_choices":[{"not_picked":["Revamp","ShatteredReality"],"picked":"Collapse","floor":1},{"not_picked":["ShatteredReality","Defy","Starlight"],"picked":"SKIP","floor":5},{"not_picked":["ShatteredReality","Defy","Starlight"],"picked":"SKIP","floor":5},{"not_picked":["Deadline","Calculated Gamble","Gouge"],"picked":"SKIP","floor":7},{"not_picked":["Deadline","Gouge"],"picked":"Calculated Gamble","floor":7},{"not_picked":["BestPractice","Dagger Throw","FastForward"],"picked":"SKIP","floor":8},{"not_picked":["ReturningBlade","Starlight"],"picked":"Rearm","floor":12},{"not_picked":["Revamp","Acrobatics","Reflex"],"picked":"SKIP","floor":13}],"player_experience":218639,"relics_obtained":[{"floor":8,"key":"Bag of Preparation"},{"floor":9,"key":"hubris:Metronome"}],"event_choices":[{"damage_healed":0,"gold_gain":0,"player_choice":"Gave Potion","damage_taken":0,"relics_obtained":["ReplayFunnel"],"max_hp_gain":0,"max_hp_loss":0,"event_name":"WeMeetAgain","floor":4,"gold_loss":0}],"is_beta":false,"boss_relics":[],"items_purged_floors":[2],"is_endless":false,"potions_floor_spawned":[1,5,8,12],"killed_by":"The Guardian","ascension_level":1}}