{"host":"pwvccrb83t5l255a","time":1609811683,"event":{"mods":["2.2 Compatiblity","AchievementEnabler","BaseMod","Bestiary","BetterRewards","Block Reminder","Colored Map","Colored Powertips","Curses Come First","Googly Eyes","Minty Spire (QoL Compilation)","Quick Restart","Rare Cards Sparkle","Relic Sorter","Relic Stats","StSLib","The IronCluck"],"gold_per_floor":[114,114,133,152,152,152,152,152,227,246,211,231,250,269,269,394,394,413,413,363,363,363],"floor_reached":21,"playtime":3715,"items_purged":[],"score":221,"play_id":"16ebb768-617f-4cd1-8060-29813a777feb","local_time":"20210104205443","daily_mods":["Shiny","Red Cards","Night Terrors"],"is_ascension_mode":false,"campfire_choices":[{"data":"Corruption","floor":6,"key":"SMITH"},{"data":"Demon Form","floor":8,"key":"SMITH"},{"floor":15,"key":"REST"}],"circlet_count":0,"master_deck":["Double Tap","Demon Form+1","Bludgeon","Feed","Limit Break","Corruption+1","Barricade","Fiend Fire","Berserk","Impervious","Juggernaut","Brutality","Reaper","Exhume","Offering","Immolate+1","Judgement","Brilliance","Devotion","Ragnarok","LessonLearned","Scrawl","Vault","Alpha","Wish","Omniscience","Establishment","SpiritShield","DevaForm","DeusExMachina","Corruption","Pray+1","Meditate+1","Sever Soul+1"],"relics":["PureWater","Golden Idol","Kunai","Ornamental Fan","Odd Mushroom","Astrolabe"],"acts_visited":["Exordium","TheCity"],"potions_floor_usage":[10,16],"damage_taken":[{"damage":21,"enemies":"Small Slimes","floor":1,"turns":4},{"damage":0,"enemies":"Jaw Worm","floor":3,"turns":1},{"damage":6,"enemies":"2 Louse","floor":4,"turns":2},{"damage":20,"enemies":"Exordium Wildlife","floor":10,"turns":3},{"damage":0,"enemies":"The Mushroom Lair","floor":12,"turns":1},{"damage":0,"enemies":"3 Louse","floor":13,"turns":1},{"damage":10,"enemies":"Gremlin Gang","floor":14,"turns":3},{"damage":4,"enemies":"Slime Boss","floor":16,"turns":6},{"damage":0,"enemies":"2 Thieves","floor":18,"turns":1},{"damage":20,"enemies":"Shell Parasite","floor":19,"turns":3},{"damage":72,"enemies":"Cultist and Chosen","floor":21,"turns":4}],"seed_played":"-8136925521176778862","potions_obtained":[{"floor":10,"key":"Fruit Juice"},{"floor":12,"key":"ColorlessPotion"},{"floor":14,"key":"StancePotion"}],"is_trial":false,"path_per_floor":["M","?","M","M","?","R","T","R","T","M","?","?","M","M","R","B",null,"M","M","?","M"],"character_chosen":"WATCHER","items_purchased":[],"campfire_rested":1,"item_purchase_floors":[],"current_hp_per_floor":[57,57,57,59,59,59,59,59,59,44,63,63,63,53,72,68,72,72,52,52,0,0],"gold":363,"neow_bonus":"","is_daily":true,"chose_seed":false,"campfire_upgraded":2,"win_rate":0.0,"timestamp":1609811683,"path_taken":["M","?","M","M","?","R","?","R","T","M","?","?","?","M","R","BOSS","M","M","?","?"],"items_purchased_type":[],"build_version":"2020-12-22","purchased_purges":0,"victory":false,"max_hp_per_floor":[72,72,72,72,72,72,72,72,72,77,77,77,77,77,72,72,72,72,72,72,72,72],"relic_stats":{"counters":[11,29],"Golden Idol":57,"Ornamental Fan":[4],"Astrolabe":["Pray","Meditate","Sever Soul"],"Kunai":[1],"obtain_stats":[{"Golden Idol":2,"Ornamental Fan":9,"Astrolabe":17,"Kunai":7,"PureWater":0,"Odd Mushroom":12},{"Golden Idol":1,"Ornamental Fan":3,"Astrolabe":8,"Kunai":3,"PureWater":0,"Odd Mushroom":5},{"Golden Idol":4,"Ornamental Fan":7,"Astrolabe":21,"Kunai":7,"PureWater":0,"Odd Mushroom":11}]},"card_choices":[{"not_picked":["Headbutt","Armaments","Clothesline"],"picked":"SKIP","floor":1},{"not_picked":["Conclude","JustLucky","MasterReality"],"picked":"SKIP","floor":3},{"not_picked":["Evaluate","EmptyFist","Halt"],"picked":"SKIP","floor":4},{"not_picked":["WaveOfTheHand","Crescendo","Sword Boomerang"],"picked":"SKIP","floor":10},{"not_picked":["Flame Barrier","Anger","True Grit"],"picked":"SKIP","floor":13},{"not_picked":["Clash","Evaluate","BowlingBash"],"picked":"SKIP","floor":14},{"not_picked":["Berserk","Barricade"],"picked":"Corruption","floor":16},{"not_picked":["EmptyFist+1","TalkToTheHand","Clash"],"picked":"SKIP","floor":18},{"not_picked":["Hemokinesis","TalkToTheHand","Halt+1"],"picked":"SKIP","floor":19}],"player_experience":219959,"relics_obtained":[{"floor":7,"key":"Kunai"},{"floor":9,"key":"Ornamental Fan"},{"floor":12,"key":"Odd Mushroom"}],"event_choices":[{"damage_healed":0,"gold_gain":0,"player_choice":"Take Wound","damage_taken":0,"relics_obtained":["Golden Idol"],"max_hp_gain":0,"max_hp_loss":0,"event_name":"Golden Idol","floor":2,"gold_loss":0,"cards_obtained":["Injury"]},{"cards_removed":["Injury"],"damage_healed":0,"gold_gain":0,"player_choice":"Forget","damage_taken":0,"max_hp_gain":0,"max_hp_loss":0,"event_name":"Living Wall","floor":5,"gold_loss":0},{"damage_healed":19,"gold_gain":0,"player_choice":"Healed","damage_taken":0,"max_hp_gain":0,"max_hp_loss":0,"event_name":"The Cleric","floor":11,"gold_loss":35},{"damage_healed":0,"gold_gain":0,"player_choice":"Fought Mushrooms","damage_taken":0,"max_hp_gain":0,"max_hp_loss":0,"event_name":"Mushrooms","floor":12,"gold_loss":0},{"damage_healed":0,"gold_gain":0,"player_choice":"Bet on Owner","damage_taken":0,"max_hp_gain":0,"max_hp_loss":0,"event_name":"The Joust","floor":20,"gold_loss":50}],"is_beta":false,"boss_relics":[{"not_picked":["Philosopher\u0027s Stone","Snecko Eye"],"picked":"Astrolabe"}],"items_purged_floors":[],"is_endless":false,"potions_floor_spawned":[10,12,14],"killed_by":"Cultist and Chosen","ascension_level":0}}