{"host":"ox77rn1xcurm2t5a","time":1609807879,"event":{"mods":["2.2 Compatiblity","AchievementEnabler","Act Like it!","Aspiration","BaseMod","Best Route Mod","Better Match","Better Note","Better Sensory Stone","Block Reminder","Colored Map","Colored Powertips","Conjunction","Conspire","Custom Start","Energized Spire","GifTheSpireLib","Gold Saver","Gremlin Skip","Halation","Highlight Path","Hubris","Infinite Spire","Minty Spire (QoL Compilation)","Pale of the Ancients","Quick Restart","Replay The Spire","Reworked Bosses","ShortenTheSpire","Spire Exporter","StSLib","Stuff the Spire","Wandering Minibosses","vexMod"],"gold_per_floor":[112,112,37,49,49,49,75,92,115,115,148,148],"floor_reached":11,"playtime":168,"items_purged":["Zap"],"score":164,"play_id":"b9e2eaf0-d79a-4f1f-ae96-790c0d2a915a","local_time":"20210105025119","is_ascension_mode":true,"campfire_choices":[{"floor":6,"key":"RECALL"},{"data":"Dualcast","floor":10,"key":"SMITH"}],"circlet_count":0,"master_deck":["AscendersBane","Strike_B","Strike_B","Strike_B","Strike_B","Defend_B","Defend_B","Defend_B","Defend_B","Dualcast+1","Coolheaded","Gash","StuffTheSpire:Synthwave"],"relics":["Cracked Core","NeowsBlessing","Orichalcum","Tiny Chest"],"acts_visited":["Exordium"],"potions_floor_usage":[11],"damage_taken":[{"damage":0,"enemies":"Jaw Worm","floor":1,"turns":1},{"damage":0,"enemies":"Cultist","floor":4,"turns":1},{"damage":0,"enemies":"Gremlin Nob","floor":7,"turns":1},{"damage":3,"enemies":"2 Louse","floor":8,"turns":3},{"damage":52,"enemies":"Lagavulin","floor":11,"turns":12}],"seed_played":"-8652317885761089997","potions_obtained":[{"floor":4,"key":"SneckoOil"},{"floor":11,"key":"LiquidMemories"}],"is_trial":false,"path_per_floor":["M","?","$","M","?","R","E","M","T","R","E"],"character_chosen":"DEFECT","items_purchased":[],"campfire_rested":0,"item_purchase_floors":[],"current_hp_per_floor":[68,68,68,68,68,68,68,65,65,65,13,13],"gold":148,"neow_bonus":"THREE_ENEMY_KILL","is_daily":false,"chose_seed":false,"campfire_upgraded":1,"win_rate":0.0,"timestamp":1609807879,"path_taken":["M","?","$","?","?","R","E","M","T","R","E"],"items_purchased_type":[],"build_version":"2020-12-22","purchased_purges":1,"victory":false,"max_hp_per_floor":[75,75,75,75,75,75,75,75,75,75,75,75],"card_choices":[{"not_picked":["BasicCrystalCard","Leap"],"picked":"Coolheaded","floor":1},{"not_picked":["Stack","Double Energy","Conserve Battery"],"picked":"SKIP","floor":4},{"not_picked":["hubris:SpecializedCircuitry","Blizzard"],"picked":"Gash","floor":7},{"not_picked":["Melter","Streamline","Scrape"],"picked":"SKIP","floor":8},{"not_picked":["Double Energy","Barrage"],"picked":"StuffTheSpire:Synthwave","floor":11}],"player_experience":2892000,"relics_obtained":[{"floor":7,"key":"Orichalcum"},{"floor":11,"key":"Tiny Chest"}],"event_choices":[{"damage_healed":0,"gold_gain":0,"player_choice":"Ignored","damage_taken":0,"max_hp_gain":0,"max_hp_loss":0,"event_name":"Transmorgrifier","floor":2,"gold_loss":0}],"is_beta":false,"boss_relics":[],"items_purged_floors":[3],"is_endless":false,"potions_floor_spawned":[4,11],"killed_by":"Lagavulin","ascension_level":11}}