{"host":"foq4mrde4mssg7vt","time":1609868331,"event":{"mods":["AchievementEnabler","BaseMod","Colored Map","Colored Powertips","Highlight Path","Minty Spire (QoL Compilation)","Relic Stats","everything is the same but u backflip on backflip"],"gold_per_floor":[110,127,139,154,169,196,196,222,245,271,271,288,363,363,363,442,442,461,476,76,90,100,100,130,130,182,182,182,182,214,234,234,306,306,323,333,22,42,0,25,25,57,57,57,82,102,128,168,180,192,204,216,39,64,64],"floor_reached":56,"playtime":3529,"items_purged":["Static Discharge"],"score":2288,"play_id":"62458fbf-4263-4c08-8da9-4e70c2c1b60a","local_time":"20210106013851","is_ascension_mode":true,"campfire_choices":[{"data":"Ball Lightning","floor":7.0,"key":"SMITH"},{"data":"Defragment","floor":11.0,"key":"SMITH"},{"data":"Coolheaded","floor":15.0,"key":"SMITH"},{"data":"Hologram","floor":23.0,"key":"SMITH"},{"data":"Recycle","floor":25.0,"key":"SMITH"},{"floor":29.0,"key":"REST"},{"data":"Coolheaded","floor":32,"key":"SMITH"},{"data":"Fission","floor":41,"key":"SMITH"},{"floor":49,"key":"RECALL"},{"data":"Loop","floor":52,"key":"SMITH"}],"circlet_count":0,"master_deck":["AscendersBane","Zap","Dualcast","Rip and Tear","Ball Lightning+1","Auto Shields","Core Surge","Cold Snap","Defragment+1","Coolheaded+1","Reboot","Turbo","Recycle+1","Leap","Conserve Battery","Buffer","Coolheaded+1","Genetic Algorithm","Hologram+1","Force Field","Self Repair","Fission+1","Sweeping Beam+1","Echo Form","Loop+1","Capacitor","Defragment"],"relics":["Cracked Core","PreservedInsect","Smiling Mask","Mercury Hourglass","Bag of Marbles","Pandora\u0027s Box","DataDisk","OrangePellets","Blood Vial","Potion Belt","HornCleat","Coffee Dripper","Membership Card","Lantern","Akabeko","Red Mask","Darkstone Periapt","Calipers","Oddly Smooth Stone","Eternal Feather","MawBank","Bird Faced Urn","Frozen Eye","Happy Flower"],"acts_visited":["Exordium","TheCity","TheBeyond","TheEnding"],"potions_floor_usage":[30,38,40,40,54,55,55,55],"damage_taken":[{"damage":0.0,"enemies":"Cultist","floor":1.0,"turns":3.0},{"damage":0.0,"enemies":"2 Louse","floor":2.0,"turns":2.0},{"damage":5.0,"enemies":"Small Slimes","floor":3.0,"turns":3.0},{"damage":3.0,"enemies":"Blue Slaver","floor":4.0,"turns":3.0},{"damage":0.0,"enemies":"Looter","floor":5.0,"turns":2.0},{"damage":8.0,"enemies":"Lagavulin","floor":6.0,"turns":5.0},{"damage":16.0,"enemies":"Gremlin Nob","floor":8.0,"turns":3.0},{"damage":3.0,"enemies":"3 Sentries","floor":10.0,"turns":3.0},{"damage":10.0,"enemies":"Gremlin Gang","floor":12.0,"turns":3.0},{"damage":0.0,"enemies":"Slime Boss","floor":16.0,"turns":6.0},{"damage":0.0,"enemies":"Chosen","floor":18.0,"turns":4.0},{"damage":7.0,"enemies":"Spheric Guardian","floor":19.0,"turns":4.0},{"damage":3.0,"enemies":"Cultist and Chosen","floor":21.0,"turns":6.0},{"damage":8.0,"enemies":"Snecko","floor":22.0,"turns":4.0},{"damage":9.0,"enemies":"Book of Stabbing","floor":24.0,"turns":5.0},{"damage":18,"enemies":"Gremlin Leader","floor":30,"turns":7},{"damage":0,"enemies":"Sentry and Sphere","floor":31,"turns":6},{"damage":43,"enemies":"Automaton","floor":33,"turns":15},{"damage":0,"enemies":"Orb Walker","floor":35,"turns":4},{"damage":0,"enemies":"3 Shapes","floor":36,"turns":5},{"damage":0,"enemies":"Transient","floor":38,"turns":5},{"damage":26,"enemies":"Reptomancer","floor":40,"turns":10},{"damage":0,"enemies":"Giant Head","floor":42,"turns":9},{"damage":29,"enemies":"Reptomancer","floor":45,"turns":9},{"damage":1,"enemies":"3 Darklings","floor":46,"turns":7},{"damage":0,"enemies":"Nemesis","floor":48,"turns":7},{"damage":0,"enemies":"Time Eater","floor":50,"turns":18},{"damage":79,"enemies":"Shield and Spear","floor":54,"turns":11},{"damage":22,"enemies":"The Heart","floor":55,"turns":13}],"seed_played":"1212144847787192788","potions_obtained":[{"floor":1.0,"key":"DuplicationPotion"},{"floor":4.0,"key":"SpeedPotion"},{"floor":10.0,"key":"CultistPotion"},{"floor":22.0,"key":"Fruit Juice"},{"floor":30,"key":"Ancient Potion"},{"floor":31,"key":"FearPotion"},{"floor":35,"key":"AttackPotion"},{"floor":38,"key":"Dexterity Potion"},{"floor":48,"key":"ColorlessPotion"}],"is_trial":false,"path_per_floor":["M","M","M","M","M","E","R","E","T","E","R","M","?","?","R","B",null,"M","M","$","M","M","R","E","R","T","?","?","R","E","M","R","B",null,"M","M","$","M","?","E","R","E","T","?","E","M","T","E","R","B",null,"R","$","E","B",null],"character_chosen":"DEFECT","items_purchased":["DataDisk","OrangePellets","Hologram","Membership Card","Lantern","Akabeko","Capacitor","Frozen Eye","Ancient Potion","GamblersBrew"],"campfire_rested":1,"item_purchase_floors":[20,20,20,37,37,37,53,53,53,53],"current_hp_per_floor":[64,64,59,56,56,48,48,32,32,29,29,19,8,31,31,31,61,61,54,54,51,43,43,34,34,34,34,28,49,40,49,49,15,57,66,71,71,76,76,57,57,73,73,73,60,75,75,76,76,76,76,76,76,23,34],"gold":64,"neow_bonus":"RANDOM_COMMON_RELIC","is_daily":false,"chose_seed":false,"campfire_upgraded":8,"win_rate":0.0,"timestamp":1609868331,"path_taken":["M","M","M","M","?","E","R","E","T","E","R","M","?","?","R","BOSS","M","M","$","M","M","R","E","R","T","?","?","R","E","M","R","BOSS","M","M","$","M","?","E","R","E","T","?","E","M","?","E","R","BOSS","R","$","E","BOSS"],"items_purchased_type":["Relic","Relic","Card","Relic","Relic","Relic","Card","Relic","Potion","Potion"],"build_version":"2020-12-22","purchased_purges":1,"victory":true,"max_hp_per_floor":[71,71,71,71,71,71,71,71,71,71,71,71,71,71,71,71,71,71,71,71,71,71,71,71,71,71,71,71,71,71,71,71,71,71,71,71,71,76,76,76,76,76,76,76,76,76,76,76,76,76,76,76,76,76,76],"relic_stats":{"Darkstone Periapt":0,"Happy Flower":[4],"counters":[29,180],"Eternal Feather":0,"PreservedInsect":557,"Smiling Mask":25,"MawBank":72,"Mercury Hourglass":[591],"Blood Vial":19,"OrangePellets":[5],"Bird Faced Urn":[36],"Pandora\u0027s Box":["Turbo","Recycle","Leap","Conserve Battery","Blizzard","Static Discharge","Buffer","Coolheaded"],"obtain_stats":[{"Potion Belt":26,"Darkstone Periapt":40,"Lantern":37,"Calipers":42,"Happy Flower":54,"Oddly Smooth Stone":43,"Eternal Feather":45,"PreservedInsect":0,"Smiling Mask":6,"MawBank":47,"Akabeko":37,"Mercury Hourglass":8,"Blood Vial":24,"OrangePellets":20,"Frozen Eye":53,"DataDisk":20,"HornCleat":30,"Bird Faced Urn":48,"Pandora\u0027s Box":17,"Bag of Marbles":10,"Coffee Dripper":34,"Red Mask":39,"Membership Card":37,"Cracked Core":0},{"Potion Belt":15,"Darkstone Periapt":22,"Lantern":20,"Calipers":23,"Happy Flower":28,"Oddly Smooth Stone":23,"Eternal Feather":24,"PreservedInsect":0,"Smiling Mask":6,"MawBank":25,"Akabeko":20,"Mercury Hourglass":7,"Blood Vial":15,"OrangePellets":12,"Frozen Eye":27,"DataDisk":12,"HornCleat":16,"Bird Faced Urn":26,"Pandora\u0027s Box":10,"Bag of Marbles":8,"Coffee Dripper":18,"Red Mask":21,"Membership Card":20,"Cracked Core":0},{"Potion Belt":56,"Darkstone Periapt":108,"Lantern":93,"Calipers":117,"Happy Flower":168,"Oddly Smooth Stone":117,"Eternal Feather":126,"PreservedInsect":0,"Smiling Mask":18,"MawBank":133,"Akabeko":93,"Mercury Hourglass":21,"Blood Vial":56,"OrangePellets":41,"Frozen Eye":158,"DataDisk":41,"HornCleat":63,"Bird Faced Urn":140,"Pandora\u0027s Box":33,"Bag of Marbles":24,"Coffee Dripper":84,"Red Mask":98,"Membership Card":93,"Cracked Core":0}]},"card_choices":[{"not_picked":["Compile Driver","Coolheaded"],"picked":"Rip and Tear","floor":1.0},{"not_picked":["Stack","Hologram"],"picked":"Ball Lightning","floor":2.0},{"not_picked":["Consume","Steam"],"picked":"Auto Shields","floor":3.0},{"not_picked":["Tempest","Aggregate"],"picked":"Gash","floor":4.0},{"not_picked":["Stack","Chaos","Aggregate"],"picked":"SKIP","floor":5.0},{"not_picked":["Sweeping Beam","Redo"],"picked":"Core Surge","floor":6.0},{"not_picked":["Sunder","Streamline"],"picked":"Cold Snap","floor":8.0},{"not_picked":["Scrape","Reprogram"],"picked":"Defragment","floor":10.0},{"not_picked":["Compile Driver","Cold Snap"],"picked":"Coolheaded","floor":12.0},{"not_picked":["Buffer","Meteor Strike"],"picked":"Reboot","floor":16.0},{"not_picked":["Redo","Sunder"],"picked":"Genetic Algorithm","floor":18.0},{"not_picked":["Turbo","Doom and Gloom","Steam"],"picked":"SKIP","floor":19.0},{"not_picked":["Darkness","Hologram","Leap"],"picked":"SKIP","floor":21.0},{"not_picked":["Streamline","Conserve Battery+1","Darkness"],"picked":"SKIP","floor":22.0},{"not_picked":["Conserve Battery","Turbo","Hologram"],"picked":"SKIP","floor":24.0},{"not_picked":["Beam Cell+1","Hologram","Recycle"],"picked":"SKIP","floor":30},{"not_picked":["Gash","Streamline","Fusion"],"picked":"SKIP","floor":31},{"not_picked":["Seek","Meteor Strike"],"picked":"Fission","floor":33},{"not_picked":["Conserve Battery","Genetic Algorithm","Leap"],"picked":"SKIP","floor":35},{"not_picked":["Compile Driver+1","Leap+1"],"picked":"Sweeping Beam+1","floor":36},{"not_picked":["Reprogram+1","Hologram+1","Ball Lightning"],"picked":"SKIP","floor":38},{"not_picked":["Cold Snap","Lockon"],"picked":"Echo Form","floor":40},{"not_picked":["Chill","Cold Snap","Steam+1"],"picked":"SKIP","floor":42},{"not_picked":["Heatsinks+1","Electrodynamics","Skim"],"picked":"SKIP","floor":45},{"not_picked":["Steam","Cold Snap+1"],"picked":"Loop","floor":46},{"not_picked":["Coolheaded","Rebound","Beam Cell"],"picked":"SKIP","floor":48},{"not_picked":["Static Discharge","Chaos"],"picked":"Defragment","floor":54}],"player_experience":401376,"relics_obtained":[{"floor":6.0,"key":"Smiling Mask"},{"floor":8.0,"key":"Mercury Hourglass"},{"floor":10.0,"key":"Bag of Marbles"},{"floor":24.0,"key":"Blood Vial"},{"floor":26.0,"key":"Potion Belt"},{"floor":30,"key":"HornCleat"},{"floor":40,"key":"Darkstone Periapt"},{"floor":42,"key":"Calipers"},{"floor":43,"key":"Oddly Smooth Stone"},{"floor":45,"key":"Eternal Feather"},{"floor":47,"key":"MawBank"},{"floor":48,"key":"Bird Faced Urn"},{"floor":54,"key":"Happy Flower"}],"event_choices":[{"damage_healed":0.0,"max_hp_gain":0.0,"max_hp_loss":0.0,"gold_gain":75.0,"event_name":"World of Goop","player_choice":"Gather Gold","floor":13.0,"gold_loss":0.0,"damage_taken":11.0},{"damage_healed":23.0,"max_hp_gain":0.0,"max_hp_loss":0.0,"gold_gain":0.0,"event_name":"Big Fish","player_choice":"Banana","floor":14.0,"gold_loss":0.0,"damage_taken":0.0},{"damage_healed":0.0,"max_hp_gain":0.0,"max_hp_loss":0.0,"gold_gain":0.0,"cards_transformed":["Blizzard","Gash"],"event_name":"Drug Dealer","player_choice":"Became Test Subject","floor":27.0,"gold_loss":0.0,"damage_taken":0.0,"cards_obtained":["Force Field","Self Repair"]},{"damage_healed":0.0,"max_hp_gain":0.0,"max_hp_loss":0.0,"gold_gain":0.0,"event_name":"Knowing Skull","player_choice":"","floor":28.0,"potions_obtained":[],"gold_loss":0.0,"damage_taken":6.0,"cards_obtained":[]},{"damage_healed":0,"gold_gain":0,"player_choice":"Paid","damage_taken":0,"relics_obtained":["Red Mask"],"max_hp_gain":0,"max_hp_loss":0,"event_name":"Tomb of Lord Red Mask","floor":39,"gold_loss":42},{"damage_healed":0,"gold_gain":0,"player_choice":"Ignored","damage_taken":0,"max_hp_gain":0,"max_hp_loss":0,"event_name":"Mysterious Sphere","floor":44,"gold_loss":0}],"is_beta":false,"boss_relics":[{"not_picked":["SlaversCollar","Cursed Key"],"picked":"Pandora\u0027s Box"},{"not_picked":["FrozenCore","Sozu"],"picked":"Coffee Dripper"}],"items_purged_floors":[20],"is_endless":false,"potions_floor_spawned":[1,4,10,16,21,22,30,31,35,38,48],"ascension_level":15}}