{"host":"Bilverbakes","time":1609809862,"event":{"mods":["2.2 Compatiblity","AchievementEnabler","BaseMod","Bestiary","Colored Map","Minty Spire (QoL Compilation)","Relic Stats","StSLib","ojb\u0027s Info Mod"],"gold_per_floor":[119,138,138,99,114,140,140,105,151,182,57,87,103,123,123,201,201,211,211,229,249,269,269,297,297,297,297,23,38,66,90,90,169,178,207,226,246,246,266,299,64,106,406,406,406,431,469,21,21,21,21,21,21,60,60,60],"floor_reached":55,"playtime":2887,"items_purged":["Strike_B","Strike_B"],"score":1766,"play_id":"d9a2b083-6af7-4d79-b4fc-8111a6863cce","local_time":"20210104192422","is_ascension_mode":true,"campfire_choices":[{"data":"Buffer","floor":7.0,"key":"SMITH"},{"data":"Electrodynamics","floor":15.0,"key":"SMITH"},{"data":"Self Repair","floor":23.0,"key":"SMITH"},{"data":"Loop","floor":25.0,"key":"SMITH"},{"data":"Coolheaded","floor":32.0,"key":"SMITH"},{"floor":49.0,"key":"RECALL"},{"data":"Biased Cognition","floor":52.0,"key":"SMITH"}],"circlet_count":0,"master_deck":["AscendersBane","Strike_B+1","Strike_B+1","Defend_B","Defend_B","Defend_B+1","Defend_B","Zap+1","Dualcast+1","Self Repair+1","Beam Cell","Ball Lightning","Buffer+1","Go for the Eyes","Rip and Tear","Reinforced Body+1","Electrodynamics+1","Lockon","Auto Shields","Biased Cognition+1","Genetic Algorithm+1","Loop+1","Genetic Algorithm","Coolheaded+1","Compile Driver+1","CurseOfTheBell","Steam Power+1","Go for the Eyes+1","Core Surge","Hologram","Leap+1","Seek","Compile Driver+1","Coolheaded+1"],"relics":["Cracked Core","PreservedInsect","Oddly Smooth Stone","Regal Pillow","DataDisk","Coffee Dripper","Emotion Chip","Ice Cream","Pantograph","CeramicFish","Calling Bell","Pen Nib","Darkstone Periapt","CaptainsWheel","White Beast Statue","Matryoshka","Juzu Bracelet","Boot","Old Coin","Ornamental Fan","Whetstone","Molten Egg 2","Bronze Scales","War Paint","Toy Ornithopter"],"acts_visited":["Exordium","TheCity","TheBeyond","TheEnding"],"potions_floor_usage":[55,55],"damage_taken":[{"damage":0.0,"enemies":"Small Slimes","floor":1.0,"turns":2.0},{"damage":4.0,"enemies":"Jaw Worm","floor":2.0,"turns":4.0},{"damage":0.0,"enemies":"2 Louse","floor":5.0,"turns":3.0},{"damage":37.0,"enemies":"3 Sentries","floor":6.0,"turns":7.0},{"damage":0.0,"enemies":"Gremlin Nob","floor":10.0,"turns":4.0},{"damage":5.0,"enemies":"3 Sentries","floor":12.0,"turns":6.0},{"damage":0.0,"enemies":"Blue Slaver","floor":13.0,"turns":4.0},{"damage":18.0,"enemies":"Exordium Wildlife","floor":14.0,"turns":3.0},{"damage":0.0,"enemies":"Slime Boss","floor":16.0,"turns":6.0},{"damage":17.0,"enemies":"3 Byrds","floor":18.0,"turns":3.0},{"damage":12.0,"enemies":"Spheric Guardian","floor":20.0,"turns":4.0},{"damage":0.0,"enemies":"Chosen and Byrds","floor":21.0,"turns":3.0},{"damage":27.0,"enemies":"Centurion and Healer","floor":22.0,"turns":6.0},{"damage":16.0,"enemies":"Book of Stabbing","floor":24.0,"turns":4.0},{"damage":29.0,"enemies":"Snake Plant","floor":29.0,"turns":5.0},{"damage":0.0,"enemies":"Gremlin Leader","floor":30.0,"turns":4.0},{"damage":13.0,"enemies":"3 Cultists","floor":31.0,"turns":4.0},{"damage":33.0,"enemies":"Automaton","floor":33.0,"turns":10.0},{"damage":0.0,"enemies":"3 Shapes","floor":35.0,"turns":5.0},{"damage":11.0,"enemies":"3 Darklings","floor":36.0,"turns":4.0},{"damage":0.0,"enemies":"4 Shapes","floor":37.0,"turns":4.0},{"damage":0.0,"enemies":"Jaw Worm Horde","floor":39.0,"turns":3.0},{"damage":32.0,"enemies":"Giant Head","floor":40.0,"turns":9.0},{"damage":36.0,"enemies":"Nemesis","floor":42.0,"turns":5.0},{"damage":11.0,"enemies":"Writhing Mass","floor":46.0,"turns":6.0},{"damage":21.0,"enemies":"Reptomancer","floor":47.0,"turns":7.0},{"damage":55.0,"enemies":"Awakened One","floor":50.0,"turns":13.0},{"damage":12.0,"enemies":"Shield and Spear","floor":54.0,"turns":3.0},{"damage":101,"enemies":"The Heart","floor":55,"turns":6}],"seed_played":"3471120949566171585","potions_obtained":[{"floor":5.0,"key":"LiquidMemories"},{"floor":6.0,"key":"Fruit Juice"},{"floor":14.0,"key":"SteroidPotion"},{"floor":22.0,"key":"Fire Potion"},{"floor":24.0,"key":"FairyPotion"},{"floor":29.0,"key":"DistilledChaos"},{"floor":31.0,"key":"Energy Potion"},{"floor":33.0,"key":"SpeedPotion"},{"floor":39.0,"key":"Explosive Potion"},{"floor":40.0,"key":"SteroidPotion"},{"floor":42.0,"key":"Energy Potion"},{"floor":47.0,"key":"Fire Potion"}],"is_trial":false,"path_per_floor":["M","M","?","?","M","E","R","?","T","E","$","E","M","M","R","B",null,"M","?","M","M","M","R","E","R","T","T","$","M","E","M","R","B",null,"M","M","M","T","M","E","$","E","T","?","T","M","E","$","R","B",null,"R","$","E","B"],"character_chosen":"DEFECT","items_purchased":["Rip and Tear","Reinforced Body","Pantograph","Core Surge","Bronze Scales","Compile Driver+1","War Paint"],"campfire_rested":0,"item_purchase_floors":[11,11,28,41,48,48,48],"current_hp_per_floor":[71,74,51,51,58,28,28,47,47,54,54,56,63,57,57,64,78,68,68,56,56,36,36,30,30,30,30,30,11,21,8,8,34,71,81,70,70,70,80,58,58,32,32,68,68,67,56,56,56,23,57,57,57,55,0,0],"gold":60,"neow_bonus":"TEN_PERCENT_HP_BONUS","is_daily":false,"chose_seed":false,"campfire_upgraded":6,"win_rate":0.0,"timestamp":1609809862,"path_taken":["M","M","?","?","M","E","R","?","T","E","$","E","M","M","R","BOSS","M","?","M","M","M","R","E","R","T","?","$","?","E","M","R","BOSS","M","M","?","?","M","E","$","E","T","?","?","M","E","$","R","BOSS","R","$","E","BOSS"],"items_purchased_type":["Card","Card","Relic","Card","Relic","Card","Relic"],"build_version":"2020-12-18","purchased_purges":2,"victory":false,"max_hp_per_floor":[78,78,78,78,78,78,78,78,78,78,78,78,78,83,83,83,83,83,83,83,83,83,83,83,83,83,83,83,83,83,83,83,83,83,83,83,83,83,83,83,83,83,83,68,68,68,68,68,68,68,68,68,68,68,68,68],"relic_stats":{"Darkstone Periapt":0,"Regal Pillow":0,"counters":[29,145],"CeramicFish":90,"PreservedInsect":479,"Pen Nib":[10],"Juzu Bracelet":0,"Whetstone":["Strike_B","Strike_B"],"War Paint":["Dualcast","Reinforced Body"],"Boot":[33],"Emotion Chip":[44,37,7,0,0],"Ornamental Fan":[36],"Pantograph":50,"Bronze Scales":[162],"obtain_stats":[{"Ice Cream":27,"Darkstone Periapt":34,"Regal Pillow":10,"CeramicFish":30,"Juzu Bracelet":42,"Whetstone":45,"Boot":43,"Old Coin":43,"Emotion Chip":24,"Matryoshka":40,"Pantograph":28,"Cracked Core":0,"Oddly Smooth Stone":9,"PreservedInsect":6,"Pen Nib":34,"War Paint":48,"White Beast Statue":38,"Calling Bell":34,"DataDisk":12,"CaptainsWheel":34,"Ornamental Fan":45,"Bronze Scales":48,"Molten Egg 2":47,"Coffee Dripper":17,"Toy Ornithopter":54},{"Ice Cream":14,"Darkstone Periapt":18,"Regal Pillow":5,"CeramicFish":16,"Juzu Bracelet":24,"Whetstone":24,"Boot":24,"Old Coin":24,"Emotion Chip":14,"Matryoshka":23,"Pantograph":14,"Cracked Core":0,"Oddly Smooth Stone":4,"PreservedInsect":4,"Pen Nib":18,"War Paint":26,"White Beast Statue":21,"Calling Bell":18,"DataDisk":6,"CaptainsWheel":18,"Ornamental Fan":24,"Bronze Scales":26,"Molten Egg 2":26,"Coffee Dripper":9,"Toy Ornithopter":28},{"Ice Cream":59,"Darkstone Periapt":82,"Regal Pillow":20,"CeramicFish":68,"Juzu Bracelet":110,"Whetstone":110,"Boot":110,"Old Coin":110,"Emotion Chip":59,"Matryoshka":105,"Pantograph":59,"Cracked Core":0,"Oddly Smooth Stone":16,"PreservedInsect":16,"Pen Nib":82,"War Paint":123,"White Beast Statue":94,"Calling Bell":82,"DataDisk":26,"CaptainsWheel":82,"Ornamental Fan":110,"Bronze Scales":123,"Molten Egg 2":123,"Coffee Dripper":39,"Toy Ornithopter":139}],"Toy Ornithopter":10},"card_choices":[{"not_picked":["Go for the Eyes","Turbo"],"picked":"Self Repair","floor":1.0},{"not_picked":["Barrage","Steam"],"picked":"Beam Cell","floor":2.0},{"not_picked":["Barrage","Conserve Battery"],"picked":"Ball Lightning","floor":5.0},{"not_picked":["Compile Driver","Gash"],"picked":"Buffer","floor":6.0},{"not_picked":["Steam Power","Gash"],"picked":"Go for the Eyes","floor":10.0},{"not_picked":["Static Discharge","Genetic Algorithm"],"picked":"Electrodynamics","floor":12.0},{"not_picked":["Gash","Stack"],"picked":"Lockon","floor":13.0},{"not_picked":["Barrage","Storm"],"picked":"Auto Shields","floor":14.0},{"not_picked":["Reboot","Rainbow"],"picked":"Biased Cognition","floor":16.0},{"not_picked":["Beam Cell","Sweeping Beam"],"picked":"Genetic Algorithm+1","floor":18.0},{"not_picked":["Darkness","Cold Snap"],"picked":"Loop","floor":20.0},{"not_picked":["Conserve Battery","Leap","Beam Cell"],"picked":"SKIP","floor":21.0},{"not_picked":["Conserve Battery","Rebound","Stack"],"picked":"SKIP","floor":22.0},{"not_picked":["Hello World","Electrodynamics"],"picked":"Genetic Algorithm","floor":24.0},{"not_picked":["Compile Driver","Go for the Eyes"],"picked":"Coolheaded","floor":29.0},{"not_picked":["Leap","Turbo","Conserve Battery"],"picked":"SKIP","floor":30.0},{"not_picked":["Steam","White Noise"],"picked":"Compile Driver+1","floor":31.0},{"not_picked":["Blizzard","Gash+1"],"picked":"Steam Power+1","floor":35.0},{"not_picked":["Redo","Stack","Gash"],"picked":"SKIP","floor":36.0},{"not_picked":["Turbo","Stack+1","Sunder"],"picked":"SKIP","floor":37.0},{"not_picked":["Compile Driver","Tempest"],"picked":"Go for the Eyes+1","floor":39.0},{"not_picked":["Beam Cell","Go for the Eyes","Turbo"],"picked":"SKIP","floor":40.0},{"not_picked":["Compile Driver","Barrage+1"],"picked":"Hologram","floor":42.0},{"not_picked":["Streamline","Barrage"],"picked":"Leap+1","floor":46.0},{"not_picked":["Go for the Eyes+1","Sweeping Beam+1"],"picked":"Seek","floor":47.0},{"not_picked":["Barrage+1","Scrape+1"],"picked":"Coolheaded+1","floor":54.0}],"player_experience":578448,"relics_obtained":[{"floor":6.0,"key":"PreservedInsect"},{"floor":9.0,"key":"Oddly Smooth Stone"},{"floor":10.0,"key":"Regal Pillow"},{"floor":12.0,"key":"DataDisk"},{"floor":24.0,"key":"Emotion Chip"},{"floor":27.0,"key":"Ice Cream"},{"floor":30.0,"key":"CeramicFish"},{"floor":34.0,"key":"Pen Nib"},{"floor":34.0,"key":"Darkstone Periapt"},{"floor":34.0,"key":"CaptainsWheel"},{"floor":38.0,"key":"White Beast Statue"},{"floor":40.0,"key":"Matryoshka"},{"floor":42.0,"key":"Juzu Bracelet"},{"floor":43.0,"key":"Boot"},{"floor":43.0,"key":"Old Coin"},{"floor":45.0,"key":"Ornamental Fan"},{"floor":45.0,"key":"Whetstone"},{"floor":47.0,"key":"Molten Egg 2"},{"floor":54.0,"key":"Toy Ornithopter"}],"event_choices":[{"damage_healed":0.0,"max_hp_gain":0.0,"max_hp_loss":0.0,"gold_gain":0.0,"event_name":"Shining Light","player_choice":"Entered Light","floor":3.0,"gold_loss":0.0,"damage_taken":23.0,"cards_upgraded":["Zap","Defend_B"]},{"damage_healed":0.0,"max_hp_gain":0.0,"max_hp_loss":0.0,"gold_gain":0.0,"event_name":"World of Goop","player_choice":"Left Gold","floor":4.0,"gold_loss":39.0,"damage_taken":0.0},{"damage_healed":19.0,"max_hp_gain":0.0,"max_hp_loss":0.0,"gold_gain":0.0,"event_name":"The Cleric","player_choice":"Healed","floor":8.0,"gold_loss":35.0,"damage_taken":0.0},{"damage_healed":0.0,"max_hp_gain":0.0,"max_hp_loss":0.0,"gold_gain":0.0,"event_name":"The Mausoleum","player_choice":"Ignored","floor":19.0,"gold_loss":0.0,"damage_taken":0.0},{"damage_healed":68.0,"max_hp_gain":0.0,"max_hp_loss":15.0,"gold_gain":0.0,"event_name":"The Moai Head","player_choice":"Heal","floor":44.0,"gold_loss":0.0,"damage_taken":0.0}],"is_beta":true,"boss_relics":[{"not_picked":["Astrolabe","Snecko Eye"],"picked":"Coffee Dripper"},{"not_picked":["Sozu","SacredBark"],"picked":"Calling Bell"}],"items_purged_floors":[41,48],"is_endless":false,"potions_floor_spawned":[5,6,14,22,24,29,31,33,39,40,42,46,47,54],"killed_by":"The Heart","ascension_level":19}}