{"host":"ksmhkxap3eqvmwsu","time":1609858132,"event":{"mods":["AchievementEnabler","BaseMod","Infinite Spire","Minty Spire (QoL Compilation)","StSLib"],"gold_per_floor":[114,129,229,245,263,263,283,283,353,43,43,76,76,94,94,198,198,217,233,244,244,244,244,159,187,187,187,187,187,205,220,220,319,319,330,304,304,314,364,397,397,424,424,458,470,497,542,568,568,673,673,673,374,406,510],"floor_reached":56,"playtime":5176,"items_purged":["Headbutt"],"score":1571,"play_id":"0c2371b6-62ed-40b1-8992-1a1c34251b3d","local_time":"20210105164852","daily_mods":["SealedDeck","Vintage"],"is_ascension_mode":true,"campfire_choices":[{"data":"Entrench","floor":6,"key":"SMITH"},{"data":"Entrench","floor":8,"key":"SMITH"},{"data":"Rage","floor":11,"key":"SMITH"},{"data":"Seeing Red","floor":15,"key":"SMITH"},{"floor":23,"key":"DIG"},{"data":"infinitespire:NeuralNetwork","floor":32,"key":"SMITH"},{"data":"Armaments","floor":41,"key":"SMITH"},{"floor":49,"key":"DIG"},{"floor":52,"key":"DIG"}],"circlet_count":0,"master_deck":["Cleave","Flex+1","Whirlwind","Headbutt","Iron Wave","Iron Wave","Entrench+1","Entrench+1","Rage+1","Seeing Red+1","Demon Form","Demon Form","Entrench+1","infinitespire:NeuralNetwork+1","Reaper","Armaments+1","infinitespire:Gouge","Bloodletting","Armaments+1","Body Slam+1","Barricade"],"relics":["Burning Blood","Bird Faced Urn","Nunchaku","PreservedInsect","Shovel","Art of War","Bottled Lightning","infinitespire:Lucky Rock","Question Card","infinitespire:WardingShard","Matryoshka","Busted Crown","Gremlin Horn","Juzu Bracelet","infinitespire:Eraser","Eternal Feather","HornCleat","TungstenRod","Bag of Preparation","Ginger","Shuriken","War Paint","StrikeDummy","Meat on the Bone","Smiling Mask","Mark of Pain","Pantograph","Mango","StoneCalendar","Kunai","infinitespire:Magic Flask","Pen Nib","Pear","FossilizedHelix","Pocketwatch","Akabeko","Red Skull","Black Star","infinitespire:ShieldingShard","ClockworkSouvenir","Centennial Puzzle","Regal Pillow","Darkstone Periapt"],"acts_visited":["Exordium","TheCity","TheBeyond","TheEnding"],"potions_floor_usage":[16,16],"damage_taken":[{"damage":1,"enemies":"Jaw Worm","floor":1,"turns":4},{"damage":6,"enemies":"Cultist","floor":2,"turns":3},{"damage":0,"enemies":"2 Louse","floor":4,"turns":2},{"damage":2,"enemies":"Looter","floor":5,"turns":3},{"damage":13,"enemies":"Red Slaver","floor":7,"turns":4},{"damage":3,"enemies":"Lagavulin","floor":12,"turns":6},{"damage":0,"enemies":"Lots of Slimes","floor":14,"turns":1},{"damage":24,"enemies":"Slime Boss","floor":16,"turns":11},{"damage":9,"enemies":"Shell Parasite","floor":18,"turns":6},{"damage":9,"enemies":"3 Byrds","floor":19,"turns":4},{"damage":22,"enemies":"Snecko","floor":20,"turns":7},{"damage":13,"enemies":"Gremlin Leader","floor":25,"turns":4},{"damage":0,"enemies":"Centurion and Healer","floor":30,"turns":5},{"damage":2,"enemies":"Shelled Parasite and Fungi","floor":31,"turns":4},{"damage":7,"enemies":"Automaton","floor":33,"turns":5},{"damage":20,"enemies":"3 Shapes","floor":35,"turns":4},{"damage":18,"enemies":"Orb Walker","floor":38,"turns":6},{"damage":0,"enemies":"Mind Bloom Boss Battle","floor":39,"turns":5},{"damage":0,"enemies":"Reptomancer","floor":40,"turns":3},{"damage":2,"enemies":"Giant Head","floor":42,"turns":4},{"damage":0,"enemies":"Reptomancer","floor":44,"turns":3},{"damage":2,"enemies":"3 Darklings","floor":45,"turns":3},{"damage":2,"enemies":"Giant Head","floor":46,"turns":5},{"damage":0,"enemies":"2 Orb Walkers","floor":47,"turns":3},{"damage":2,"enemies":"Nightmare","floor":48,"turns":4},{"damage":18,"enemies":"Time Eater","floor":50,"turns":8},{"damage":0,"enemies":"Shield and Spear","floor":54,"turns":2},{"damage":11,"enemies":"The Heart","floor":55,"turns":8}],"seed_played":"-5802499108938889486","potions_obtained":[{"floor":1,"key":"SteroidPotion"},{"floor":2,"key":"ColorlessPotion"},{"floor":5,"key":"SmokeBomb"},{"floor":25,"key":"FearPotion"},{"floor":31,"key":"Regen Potion"},{"floor":33,"key":"LiquidBronze"},{"floor":45,"key":"BloodPotion"},{"floor":47,"key":"EntropicBrew"}],"is_trial":true,"path_per_floor":["M","M","?","M","M","R","M","R","T","$","R","E","T","M","R","B",null,"M","M","M","?","?","R","?","E","T","T","?","AVR","M","M","R","B",null,"M","$","?","M","?","E","R","E","T","E","M","E","?","NM","R","B",null,"R","$","E","B",null],"character_chosen":"IRONCLAD","items_purchased":["Rage","infinitespire:Lucky Rock","Armaments","ClockworkSouvenir","Centennial Puzzle"],"campfire_rested":0,"item_purchase_floors":[10,10,36,53,53],"current_hp_per_floor":[80,80,80,80,80,80,73,73,73,73,73,76,76,80,80,62,80,79,77,63,63,63,63,63,58,58,58,58,58,70,80,80,79,80,80,80,62,75,94,94,94,94,94,94,104,104,104,104,104,92,104,104,104,104,99],"gold":510,"neow_bonus":"","is_daily":false,"chose_seed":false,"campfire_upgraded":6,"win_rate":0.0,"timestamp":1609858132,"path_taken":["M","M","?","?","M","R","M","R","T","$","R","E","?","M","R","BOSS","M","M","M","?","?","R","?","E","T","?","?","AVR","M","M","R","BOSS","M","$","?","M","?","E","R","E","T","E","M","E","?","NM","R","BOSS","R","$","E","BOSS"],"items_purchased_type":["Card","Relic","Card","Relic","Relic"],"build_version":"2020-12-22","purchased_purges":1,"victory":true,"max_hp_per_floor":[80,80,80,80,80,80,80,80,80,80,80,80,80,80,80,80,80,80,80,80,80,80,80,80,80,80,80,80,80,80,80,80,80,80,80,80,80,80,94,94,94,94,94,94,104,104,104,104,104,104,104,104,104,104,104],"card_choices":[{"not_picked":["Intimidate","Perfected Strike"],"picked":"Seeing Red","floor":12},{"not_picked":["Bludgeon","Limit Break","Fiend Fire"],"picked":"Demon Form","floor":16},{"not_picked":["Clash+1"],"picked":"Demon Form","floor":25},{"not_picked":["Bludgeon"],"picked":"Reaper","floor":33},{"not_picked":["infinitespire:DeathsTouch","infinitespire:Fortify"],"picked":"infinitespire:Gouge","floor":37},{"not_picked":["infinitespire:OneForAll"],"picked":"Bloodletting","floor":40},{"not_picked":["Rampage"],"picked":"Armaments+1","floor":42},{"not_picked":["True Grit"],"picked":"Body Slam+1","floor":44},{"not_picked":["Fire Breathing","Dropkick+1"],"picked":"SKIP","floor":46},{"not_picked":["Clash+1","Cleave+1"],"picked":"SKIP","floor":48},{"not_picked":["Clash+1","Cleave+1"],"picked":"SKIP","floor":48},{"not_picked":["Reckless Charge+1","Infernal Blade+1"],"picked":"SKIP","floor":54},{"not_picked":["Offering"],"picked":"Barricade","floor":55}],"player_experience":247419,"relics_obtained":[{"floor":1,"key":"Bird Faced Urn"},{"floor":2,"key":"Nunchaku"},{"floor":4,"key":"PreservedInsect"},{"floor":5,"key":"Shovel"},{"floor":7,"key":"Art of War"},{"floor":9,"key":"Bottled Lightning"},{"floor":12,"key":"Question Card"},{"floor":13,"key":"infinitespire:WardingShard"},{"floor":14,"key":"Matryoshka"},{"floor":18,"key":"Gremlin Horn"},{"floor":19,"key":"Juzu Bracelet"},{"floor":20,"key":"infinitespire:Eraser"},{"floor":23,"key":"Eternal Feather"},{"floor":25,"key":"TungstenRod"},{"floor":26,"key":"Bag of Preparation"},{"floor":26,"key":"Ginger"},{"floor":27,"key":"Shuriken"},{"floor":27,"key":"War Paint"},{"floor":30,"key":"Meat on the Bone"},{"floor":31,"key":"Smiling Mask"},{"floor":35,"key":"Pantograph"},{"floor":39,"key":"Mango"},{"floor":40,"key":"StoneCalendar"},{"floor":42,"key":"Kunai"},{"floor":43,"key":"infinitespire:Magic Flask"},{"floor":44,"key":"Pen Nib"},{"floor":45,"key":"Pear"},{"floor":46,"key":"FossilizedHelix"},{"floor":47,"key":"Pocketwatch"},{"floor":48,"key":"Akabeko"},{"floor":49,"key":"Red Skull"},{"floor":52,"key":"infinitespire:ShieldingShard"},{"floor":54,"key":"Regal Pillow"},{"floor":54,"key":"Darkstone Periapt"}],"event_choices":[{"damage_healed":0,"gold_gain":100,"player_choice":"Pray","damage_taken":0,"max_hp_gain":0,"max_hp_loss":0,"event_name":"Golden Shrine","floor":3,"gold_loss":0},{"cards_removed":["Shrug It Off"],"damage_healed":0,"gold_gain":0,"player_choice":"Elegance","damage_taken":0,"max_hp_gain":0,"max_hp_loss":0,"event_name":"Back to Basics","floor":21,"gold_loss":0},{"damage_healed":0,"gold_gain":0,"player_choice":"Ignored","damage_taken":0,"max_hp_gain":0,"max_hp_loss":0,"event_name":"Ghosts","floor":22,"gold_loss":0},{"damage_healed":0,"gold_gain":0,"player_choice":"Obtained Relic","damage_taken":0,"relics_obtained":["HornCleat"],"max_hp_gain":0,"max_hp_loss":0,"event_name":"Addict","floor":24,"gold_loss":85},{"damage_healed":0,"gold_gain":0,"player_choice":"Copied","damage_taken":0,"max_hp_gain":0,"max_hp_loss":0,"event_name":"Duplicator","floor":28,"gold_loss":0,"cards_obtained":["Entrench"]},{"damage_healed":0,"gold_gain":0,"player_choice":"Fight","damage_taken":0,"max_hp_gain":0,"max_hp_loss":0,"event_name":"MindBloom","floor":39,"gold_loss":0},{"damage_healed":0,"gold_gain":0,"player_choice":"Fight","damage_taken":0,"max_hp_gain":0,"max_hp_loss":0,"event_name":"Mysterious Sphere","floor":47,"gold_loss":0}],"is_beta":false,"boss_relics":[{"not_picked":["Philosopher\u0027s Stone","Cursed Key"],"picked":"Busted Crown"},{"not_picked":["Fusion Hammer","Runic Dome"],"picked":"Mark of Pain"},{"not_picked":["Snecko Eye","Calling Bell"],"picked":"Black Star"}],"items_purged_floors":[10],"is_endless":true,"potions_floor_spawned":[1,2,5,25,31,33,40,42,45,47,50,54],"ascension_level":1}}