{"host":"8lgo2trwv2o0qyml","time":1609817688,"event":{"mods":["BaseMod","Colored Map","Colored Powertips","DeckTracker","Highlight Path","Hubris","Infinite Spire","Minty Spire (QoL Compilation)","Quick Restart","Random Character Button","Relic Sorter","Replay The Spire","StSLib","SuperFastMode","Synergy Search","The Jungle"],"gold_per_floor":[115,115,115,128,141,173,173,207,258,41,41,41,41,73,73,174,174,188,188,201,36,49,78,78,78,128,128,128],"floor_reached":27,"playtime":1278,"items_purged":[],"score":247,"play_id":"c35233ec-4b46-49e4-b451-354729d9442a","local_time":"20210104223448","is_ascension_mode":false,"campfire_choices":[{"floor":11,"key":"REST"},{"floor":13,"key":"REST"},{"floor":15,"key":"DIG"}],"circlet_count":0,"master_deck":["Strike_R","Strike_R","Strike_R","Strike_R","Defend_R","Defend_R","Defend_R","Defend_R","Bash","Voices","Flame Barrier","Fire Breathing","Feel No Pain","Fire Breathing","Barricade","Evolve","infinitespire:Collect","ReplayTheSpireMod:Stacked","Demon Form","Iron Wave","Specialist","Rupture","Body Slam","infinitespire:SealOfDarkness+"],"relics":["Burning Blood","infinitespire:Joker Card","Oddly Smooth Stone","Replay:Rubber Ducky","ReplayTheSpireMod:Spearhead","TheAbacus","hubris:KleinBottle","infinitespire:CheckeredPen","Pantograph","infinitespire:Burning Sword","infinitespire:PuzzleCube","Pet Ghost"],"acts_visited":["Exordium","TheCity"],"potions_floor_usage":[16,23],"damage_taken":[{"damage":5,"enemies":"Jaw Worm","floor":1,"turns":4},{"damage":7,"enemies":"Small Slimes","floor":4,"turns":4},{"damage":6,"enemies":"Cultist","floor":5,"turns":3},{"damage":44,"enemies":"Gremlin Nob","floor":6,"turns":6},{"damage":23,"enemies":"Lagavulin","floor":8,"turns":11},{"damage":12,"enemies":"Gremlin Nob","floor":14,"turns":6},{"damage":27,"enemies":"Hexaghost","floor":16,"turns":9},{"damage":0,"enemies":"Chosen","floor":18,"turns":5},{"damage":18,"enemies":"3 Byrds","floor":20,"turns":4},{"damage":0,"enemies":"Snecko","floor":22,"turns":5},{"damage":23,"enemies":"Gremlin Leader","floor":23,"turns":6},{"damage":97,"enemies":"Slavers","floor":27,"turns":4}],"seed_played":"-3744429311344508498","potions_obtained":[{"floor":6,"key":"SteroidPotion"},{"floor":8,"key":"Explosive Potion"},{"floor":16,"key":"SteroidPotion"},{"floor":20,"key":"AttackPotion"},{"floor":23,"key":"AttackPotion"}],"is_trial":false,"path_per_floor":["M","?","?","M","M","E","?","E","T","$","R","$","R","E","R_BF","B",null,"M","?","M","$","M","E","AVR","?","T","E"],"character_chosen":"IRONCLAD","items_purchased":["TheAbacus","Evolve","hubris:KleinBottle","Specialist","DistilledChaos"],"campfire_rested":2,"item_purchase_floors":[10,10,12,21,21],"current_hp_per_floor":[80,80,80,79,79,41,41,24,24,24,48,29,53,47,47,51,80,80,80,68,68,74,57,57,80,80,0,0],"gold":128,"neow_bonus":"ONE_RARE_RELIC","is_daily":false,"chose_seed":false,"campfire_upgraded":0,"win_rate":0.0,"timestamp":1609817688,"path_taken":["M","?","?","?","M","E","?","E","T","$","R","?","R","E","R_BF","BOSS","M","?","M","$","M","E","AVR","?","T","E"],"items_purchased_type":["Relic","Card","Relic","Card","Potion"],"build_version":"2020-12-22","purchased_purges":0,"victory":false,"max_hp_per_floor":[80,80,80,80,80,80,80,80,80,80,80,80,80,80,80,80,80,80,80,80,80,80,80,80,80,80,80,80],"card_choices":[{"not_picked":["Carnage","Cleave"],"picked":"Flame Barrier","floor":1},{"not_picked":["hubris:ReadiedAction","Thunderclap"],"picked":"Fire Breathing","floor":4},{"not_picked":["Thunderclap","Heavy Blade"],"picked":"Feel No Pain","floor":5},{"not_picked":["Headbutt","Iron Wave"],"picked":"Fire Breathing","floor":6},{"not_picked":["Infernal Blade","Pommel Strike"],"picked":"Barricade","floor":8},{"not_picked":["infinitespire:SealOfDarkness+","infinitespire:Fortify"],"picked":"infinitespire:Collect","floor":12},{"not_picked":["Hemokinesis","Pommel Strike"],"picked":"ReplayTheSpireMod:Stacked","floor":14},{"not_picked":["Offering","Eclipse"],"picked":"Demon Form","floor":16},{"not_picked":["ReplayTheSpireMod:Strike From Hell","Armaments+1"],"picked":"Fire Breathing","floor":18},{"not_picked":["Uppercut","Twin Strike+1"],"picked":"Iron Wave","floor":20},{"not_picked":["Run Through","Reckless Charge"],"picked":"Rupture","floor":22},{"not_picked":["Sword Boomerang+1","hubris:ReadiedAction"],"picked":"Body Slam","floor":23}],"player_experience":25082,"relics_obtained":[{"floor":6,"key":"Oddly Smooth Stone"},{"floor":8,"key":"Replay:Rubber Ducky"},{"floor":9,"key":"ReplayTheSpireMod:Spearhead"},{"floor":14,"key":"infinitespire:CheckeredPen"},{"floor":15,"key":"Pantograph"},{"floor":23,"key":"infinitespire:PuzzleCube"},{"floor":26,"key":"Pet Ghost"}],"event_choices":[{"damage_healed":0,"gold_gain":0,"player_choice":"Ignored","damage_taken":0,"max_hp_gain":0,"max_hp_loss":0,"event_name":"NoteForYourself","floor":3,"gold_loss":0},{"damage_healed":0,"gold_gain":0,"player_choice":"Ignored","damage_taken":0,"max_hp_gain":0,"max_hp_loss":0,"event_name":"Golden Wing","floor":7,"gold_loss":0},{"cards_removed":["Fire Breathing"],"damage_healed":23,"gold_gain":0,"player_choice":"Offered Uncommon","damage_taken":0,"max_hp_gain":0,"max_hp_loss":0,"event_name":"Bonfire Elementals","floor":25,"gold_loss":0}],"is_beta":false,"boss_relics":[{"not_picked":["Runic Pyramid","Kintsugi"],"picked":"infinitespire:Burning Sword"}],"items_purged_floors":[],"is_endless":false,"potions_floor_spawned":[6,8,16,20,22,23],"killed_by":"Slavers","ascension_level":0}}