{"host":"9v3x998ddbx8o276","time":1609827146,"event":{"mods":["AchievementEnabler","BaseMod","Colored Map","Colored Powertips","Highlight Path","Minty Spire (QoL Compilation)","Quick Restart","Rare Cards Sparkle"],"gold_per_floor":[112,129,147,147,147,147,176,176,203,203,35,35,52,79,79,157,157,169,169,204,204,204],"floor_reached":21,"playtime":537,"items_purged":["Defend_G"],"score":370,"play_id":"0cf61ace-5470-4f47-beb5-977d6001cc9a","local_time":"20210105164226","is_ascension_mode":true,"campfire_choices":[{"data":"Noxious Fumes","floor":6.0,"key":"SMITH"},{"floor":8.0,"key":"REST"},{"floor":15.0,"key":"REST"}],"circlet_count":0,"master_deck":["AscendersBane","Strike_G","Strike_G","Strike_G","Strike_G","Defend_G+1","Defend_G","Defend_G","Defend_G","Survivor+1","Neutralize","Noxious Fumes+1","Dagger Throw","Terror","Deadly Poison","Dash","Dagger Spray","Cloak And Dagger","Wraith Form v2","Adrenaline","Necronomicurse","Dagger Spray"],"relics":["Ring of the Snake","NeowsBlessing","Bronze Scales","PreservedInsect","The Courier","Bottled Flame","Sozu","Necronomicon","Red Mask"],"acts_visited":["Exordium","TheCity"],"potions_floor_usage":[16,20],"damage_taken":[{"damage":0.0,"enemies":"Cultist","floor":1.0,"turns":1.0},{"damage":0.0,"enemies":"Small Slimes","floor":2.0,"turns":1.0},{"damage":0.0,"enemies":"Jaw Worm","floor":3.0,"turns":1.0},{"damage":36.0,"enemies":"Gremlin Nob","floor":7.0,"turns":4.0},{"damage":3.0,"enemies":"Blue Slaver","floor":13.0,"turns":3.0},{"damage":4.0,"enemies":"Lagavulin","floor":14.0,"turns":4.0},{"damage":33,"enemies":"Slime Boss","floor":16,"turns":10},{"damage":16,"enemies":"Chosen","floor":18,"turns":6},{"damage":5,"enemies":"Masked Bandits","floor":20,"turns":3},{"damage":17,"enemies":"Spheric Guardian","floor":21,"turns":5}],"seed_played":"-6910648198777653615","potions_obtained":[{"floor":1.0,"key":"Strength Potion"},{"floor":3.0,"key":"Strength Potion"},{"floor":7.0,"key":"DuplicationPotion"},{"floor":14.0,"key":"SteroidPotion"},{"floor":16,"key":"ColorlessPotion"}],"is_trial":false,"path_per_floor":["M","M","M","?","?","R","E","R","T","T","$","?","M","E","R","B",null,"M","?","?","M"],"character_chosen":"THE_SILENT","items_purchased":["Dash","Dagger Spray"],"campfire_rested":2,"item_purchase_floors":[11,11],"current_hp_per_floor":[59,59,59,64,57,57,21,42,42,42,42,21,18,14,35,2,54,38,17,12,0,0],"gold":204,"neow_bonus":"THREE_ENEMY_KILL","is_daily":false,"chose_seed":false,"campfire_upgraded":1,"win_rate":0.0,"timestamp":1609827146,"path_taken":["M","?","M","?","?","R","E","R","T","?","$","?","M","E","R","BOSS","M","?","?","M"],"items_purchased_type":["Card","Card"],"build_version":"2020-12-22","purchased_purges":1,"victory":false,"max_hp_per_floor":[66,66,66,71,71,71,71,71,71,71,71,71,71,71,71,71,71,71,71,71,71,71],"card_choices":[{"not_picked":["Well Laid Plans","Accuracy"],"picked":"Noxious Fumes","floor":1.0},{"not_picked":["Underhanded Strike","Accuracy"],"picked":"Dagger Throw","floor":2.0},{"not_picked":["Backflip","Cloak And Dagger"],"picked":"Terror","floor":3.0},{"not_picked":["Terror","Expertise"],"picked":"Deadly Poison","floor":7.0},{"not_picked":["Heel Hook","Caltrops"],"picked":"Cloak And Dagger","floor":13.0},{"not_picked":["Prepared","PiercingWail"],"picked":"Wraith Form v2","floor":14.0},{"not_picked":["Phantasmal Killer","Grand Finale"],"picked":"Adrenaline","floor":16},{"not_picked":["Poisoned Stab","Bane","Underhanded Strike"],"picked":"SKIP","floor":18},{"not_picked":["Outmaneuver","Heel Hook"],"picked":"Dagger Spray","floor":20}],"player_experience":2084946,"relics_obtained":[{"floor":7.0,"key":"Bronze Scales"},{"floor":9.0,"key":"PreservedInsect"},{"floor":10.0,"key":"The Courier"},{"floor":14.0,"key":"Bottled Flame"},{"floor":19,"key":"Necronomicon"},{"floor":20,"key":"Red Mask"}],"event_choices":[{"damage_healed":0.0,"max_hp_gain":5.0,"max_hp_loss":0.0,"gold_gain":0.0,"event_name":"Big Fish","player_choice":"Donut","floor":4.0,"gold_loss":0.0,"damage_taken":0.0},{"cards_removed":["Strike_G"],"damage_healed":0.0,"max_hp_gain":0.0,"max_hp_loss":0.0,"gold_gain":0.0,"event_name":"Golden Wing","player_choice":"Card Removal","floor":5.0,"gold_loss":0.0,"damage_taken":7.0},{"damage_healed":0.0,"max_hp_gain":0.0,"max_hp_loss":0.0,"gold_gain":0.0,"event_name":"Shining Light","player_choice":"Entered Light","floor":12.0,"gold_loss":0.0,"damage_taken":21.0,"cards_upgraded":["Defend_G","Survivor"]},{"damage_healed":0,"gold_gain":0,"player_choice":"Obtained Book","damage_taken":21,"max_hp_gain":0,"max_hp_loss":0,"event_name":"Cursed Tome","floor":19,"gold_loss":0},{"damage_healed":0,"gold_gain":0,"player_choice":"Fought Bandits","damage_taken":0,"max_hp_gain":0,"max_hp_loss":0,"event_name":"Masked Bandits","floor":20,"gold_loss":0}],"is_beta":false,"boss_relics":[{"not_picked":["Ring of the Serpent","Tiny House"],"picked":"Sozu"}],"items_purged_floors":[11],"is_endless":false,"potions_floor_spawned":[1,3,7,14,16,20],"killed_by":"Spheric Guardian","ascension_level":20}}