{"host":"uwjo8zj11ergqio9","time":1609811630,"event":{"mods":["BaseMod","Downfall","Infinite Spire","Jorbs\u0027s Wanderer Trilogy","Minty Spire (QoL Compilation)","Rare Cards Sparkle","Replay The Spire","StSLib","The Animator","The Cursed","The Hierophant","The Jungle"],"gold_per_floor":[126,141,141,141,156,201,276,51,74,74,91,103,103,117,117,218,218,235,235,247,247,259,259,269,282,282,282,282],"floor_reached":27,"playtime":1790,"items_purged":[],"score":217,"play_id":"4669a1ae-1a4d-4da0-9cc0-132848c3d8fe","local_time":"20210104205350","is_ascension_mode":false,"campfire_choices":[{"floor":13,"key":"REST"},{"floor":15,"key":"REST"},{"floor":23,"key":"REST"}],"circlet_count":0,"master_deck":["animator:Strike_Konosuba","animator:Defend_Konosuba+1","animator:Strike","animator:Strike","animator:Strike","animator:Defend","animator:Defend","animator:Defend","animator:Kazuma+1","animator:Aqua","animator:KyokoSakura","animator:Raven","animator:Benimaru","animator:Darkness","animator:Entoma+2","animator:Emonzaemon","animator:Mitsurugi","animator:RoryMercury","animator:Kuribayashi","animator:Elesis","animator:Aqua","infinitespire:DeathsTouch","animator:Sloth","animator:LeleiLaLalena","animator:Millim+1","animator:Raven"],"relics":["Guardian:ModeShifter","animator:TheMissingPiece","animator:PurgingStone","infinitespire:Cubic Diamond","Incense Burner","Pet Ghost","Philosopher\u0027s Stone","GremlinMask","Pantograph"],"acts_visited":["Exordium","TheCity"],"potions_floor_usage":[],"damage_taken":[{"damage":6,"enemies":"Cultist","floor":1,"turns":5},{"damage":2,"enemies":"Jaw Worm","floor":2,"turns":4},{"damage":0,"enemies":"Small Slimes","floor":5,"turns":3},{"damage":14,"enemies":"Gremlin Nob","floor":6,"turns":4},{"damage":11,"enemies":"3 Louse","floor":11,"turns":3},{"damage":10,"enemies":"Looter","floor":12,"turns":3},{"damage":13,"enemies":"Lots of Slimes","floor":14,"turns":3},{"damage":30,"enemies":"The Guardian","floor":16,"turns":10},{"damage":14,"enemies":"Spheric Guardian","floor":18,"turns":4},{"damage":17,"enemies":"Shell Parasite","floor":20,"turns":4},{"damage":11,"enemies":"Centurion and Healer","floor":22,"turns":8},{"damage":20,"enemies":"Snecko","floor":24,"turns":5},{"damage":23,"enemies":"Cultist and Chosen","floor":25,"turns":5},{"damage":0,"enemies":"3 Cultists","floor":27,"turns":1}],"seed_played":"7518530966079614598","potions_obtained":[{"floor":1,"key":"Strength Potion"},{"floor":2,"key":"SteroidPotion"},{"floor":12,"key":"Block Potion"},{"floor":14,"key":"BlessingOfTheForge"}],"is_trial":false,"path_per_floor":["M","M","?","?","M","E","?","$","T","?","M","M","R","M","R","B",null,"M","AVR","M","?","M","R","M","M","T","M"],"character_chosen":"THE_ANIMATOR","items_purchased":["animator:Entoma","animator:Emonzaemon","Pet Ghost"],"campfire_rested":3,"item_purchase_floors":[8,8,8],"current_hp_per_floor":[66,66,66,52,52,40,29,29,29,29,23,15,37,28,51,23,77,63,63,50,50,43,66,46,27,27,27,27],"gold":282,"neow_bonus":"TEN_PERCENT_HP_BONUS","is_daily":false,"chose_seed":false,"campfire_upgraded":0,"win_rate":0.0,"timestamp":1609811630,"path_taken":["M","?","?","?","M","E","?","$","T","?","M","M","R","M","R","BOSS","M","AVR","M","?","M","R","M","M","T","?"],"items_purchased_type":["Card","Card","Relic"],"build_version":"2020-12-22","purchased_purges":0,"victory":false,"max_hp_per_floor":[72,72,72,72,72,72,72,72,72,72,75,75,75,77,77,77,77,77,77,77,77,77,77,77,77,77,77,77],"card_choices":[{"not_picked":["animator:TukaLunaMarceau","animator:WinryRockbell"],"picked":"animator:KyokoSakura","floor":1},{"not_picked":["animator:YachiyoNanami","animator:Demiurge"],"picked":"animator:Raven","floor":2},{"not_picked":["animator:Gluttony","animator:ZankiKiguchi"],"picked":"animator:Benimaru","floor":5},{"not_picked":["animator:Vanir","animator:Chris"],"picked":"animator:Darkness","floor":6},{"not_picked":["animator:Add","animator:SuzuneAmano"],"picked":"animator:Mitsurugi","floor":11},{"not_picked":["animator:Millim","animator:Nanami"],"picked":"animator:RoryMercury","floor":12},{"not_picked":["animator:ElricAlphonse","animator:Tet"],"picked":"animator:Kuribayashi","floor":14},{"not_picked":["animator:HomuraAkemi","animator:Rimuru"],"picked":"animator:Elesis","floor":16},{"not_picked":["animator:Chris","animator:Verdia"],"picked":"animator:Aqua","floor":18},{"not_picked":["animator:DolaStephanie","animator:Jibril"],"picked":"animator:Sloth","floor":20},{"not_picked":["animator:YachiyoNanami","animator:Millim"],"picked":"animator:LeleiLaLalena","floor":22},{"not_picked":["animator:Hakurou+1","animator:ElricEdward"],"picked":"animator:Millim+1","floor":24},{"not_picked":["animator:Ara","animator:Ain"],"picked":"animator:Raven","floor":25}],"player_experience":22764,"relics_obtained":[{"floor":6,"key":"Incense Burner"},{"floor":26,"key":"Pantograph"}],"event_choices":[{"damage_healed":0,"gold_gain":0,"player_choice":"Entered Light","damage_taken":14,"max_hp_gain":0,"max_hp_loss":0,"event_name":"Shining Light","floor":4,"gold_loss":0,"cards_upgraded":["animator:Kazuma","animator:Defend_Konosuba"]},{"damage_healed":0,"gold_gain":75,"player_choice":"Gather Gold","damage_taken":11,"max_hp_gain":0,"max_hp_loss":0,"event_name":"World of Goop","floor":7,"gold_loss":0},{"damage_healed":0,"gold_gain":0,"player_choice":"Ignored","damage_taken":0,"max_hp_gain":0,"max_hp_loss":0,"event_name":"Liars Game","floor":10,"gold_loss":0},{"damage_healed":0,"gold_gain":0,"player_choice":"Trade","damage_taken":0,"relics_obtained":["GremlinMask"],"max_hp_gain":0,"max_hp_loss":0,"event_name":"FaceTrader","floor":21,"gold_loss":0}],"is_beta":false,"boss_relics":[{"not_picked":["Empty Cage","Calling Bell"],"picked":"Philosopher\u0027s Stone"}],"items_purged_floors":[],"is_endless":false,"potions_floor_spawned":[1,2,12,14,24],"killed_by":"3 Cultists","ascension_level":0}}