{"host":"o6rpelx2jpc8yies","time":1609822188,"event":{"mods":["BaseMod","Downfall","Minty Spire (QoL Compilation)","StSLib"],"gold_per_floor":[99,113,29,29,41,26,26,26,26,26,26,26,55,55,67,67,67],"floor_reached":16,"playtime":986,"items_purged":[],"score":96,"play_id":"0e6206ea-4e21-4b22-af5a-5a090b6c35d3","local_time":"20210104214948","is_ascension_mode":false,"campfire_choices":[{"floor":1,"key":"RECALL"},{"data":"bronze:Goto","floor":8,"key":"SMITH"}],"circlet_count":0,"master_deck":["bronze:Strike","bronze:Strike","bronze:Defend","bronze:Defend","bronze:Defend","bronze:Defend+1","bronze:Replicate+1","bronze:Goto+1","bronze:Overheat","bronze:CutThrough","bronze:Repulsor","bronze:FineTuning","bronze:Shell+1","bronze:Deprecate","bronze:ChildClass","bronze:BronzeOrb","downfall:Malfunctioning","bronze:MaxOutput"],"relics":["bronze:BronzeCore","Mummified Hand"],"acts_visited":["Exordium"],"potions_floor_usage":[13],"damage_taken":[{"damage":7,"enemies":"2 Louse","floor":2,"turns":4},{"damage":0,"enemies":"downfall:FleeingMerchant","floor":3,"turns":4},{"damage":22,"enemies":"Small Slimes","floor":5,"turns":4},{"damage":14,"enemies":"downfall:FleeingMerchant","floor":6,"turns":4},{"damage":8,"enemies":"downfall:FleeingMerchant","floor":10,"turns":2},{"damage":0,"enemies":"Cultist","floor":12,"turns":1},{"damage":22,"enemies":"Gremlin Nob","floor":13,"turns":4},{"damage":0,"enemies":"Blue Slaver","floor":15,"turns":5},{"damage":13,"enemies":"downfall:Defect","floor":16,"turns":3}],"seed_played":"-6290215000120600896","potions_obtained":[{"floor":5,"key":"AttackPotion"},{"floor":13,"key":"SteroidPotion"},{"floor":15,"key":"CultistPotion"}],"is_trial":false,"path_per_floor":["R","M","$","?","M","$","T","R","?","?","?","M","E","?","M","B"],"character_chosen":"THE_AUTOMATON","items_purchased":["bronze:Repulsor"],"campfire_rested":0,"item_purchase_floors":[3],"current_hp_per_floor":[77,70,70,70,48,34,34,34,34,26,26,26,4,4,4,0,0],"gold":67,"neow_bonus":"TEN_PERCENT_HP_BONUS","is_daily":false,"chose_seed":false,"campfire_upgraded":1,"win_rate":0.0,"timestamp":1609822188,"path_taken":["R","M","$","?","M","$","T","R","?","?","?","?","E","?","M","BOSS"],"items_purchased_type":["Card"],"build_version":"2020-12-22","purchased_purges":0,"victory":false,"max_hp_per_floor":[77,77,77,77,77,77,77,77,77,77,77,77,77,77,77,77,77],"card_choices":[{"not_picked":["bronze:Invalidate","bronze:Turbo"],"picked":"bronze:Overheat","floor":2},{"not_picked":["bronze:Frontload","bronze:DarkDash"],"picked":"bronze:CutThrough","floor":3},{"not_picked":["bronze:Backtrace","bronze:RecursiveStrike"],"picked":"bronze:FineTuning","floor":5},{"not_picked":["bronze:OilSpill","bronze:RecursiveStrike"],"picked":"bronze:Shell","floor":6},{"not_picked":["bronze:ThunderWave","bronze:FineTuning"],"picked":"bronze:Deprecate","floor":10},{"not_picked":["bronze:Invalidate","bronze:DelayedSlice"],"picked":"bronze:ChildClass","floor":12},{"not_picked":["bronze:WildBeam","bronze:DelayedGuard"],"picked":"bronze:BronzeOrb","floor":13},{"not_picked":["bronze:Shell","bronze:Return"],"picked":"bronze:MaxOutput","floor":15}],"player_experience":1726754,"relics_obtained":[{"floor":13,"key":"Mummified Hand"}],"event_choices":[],"is_beta":false,"boss_relics":[],"items_purged_floors":[],"is_endless":false,"potions_floor_spawned":[5,13,15],"killed_by":"downfall:Defect","ascension_level":0}}