{"host":"wonp23fsqqcu31ie","time":1609834737,"event":{"mods":["2.2 Compatiblity","AchievementEnabler","Aspiration","BaseMod","Bestiary","Better Altar","Better Match","Better Note","Better Sensory Stone","Better Skull","Better Third Choice","BetterRewards","Block Reminder","Colored Map","Colored Powertips","Conspire","Curses Come First","DeckTracker","Displayed Cursed Tome","Downfall","Evolution","Hermit","Highlight Path","Hubris","Marisa????????","Minty Spire (QoL Compilation)","Permanent Neow","Prisma Mod","Quick Restart","Rare Cards Sparkle","Relic Stats","Replay The Spire","Robot Space Explorer","Shade Mod","Shop Mod","StSLib","SuperFastMode","The Animator","The Bladedancer","The Bug Knight","The Construct","The Cursed","The Dragon Tamer","The Gatherer","The Marked","The Necromancer","The Runesmith","The Servant 0.9.4"],"gold_per_floor":[115,129,129,143,252,252,319,319,669,706,706,731,758,792,792,911,911,938,692,730,759,789,848,848,891,891,891,918,918,953,953,953,1079,1079,1119,1119,1154,779,779,779,823,871,894,930,994,994,595,644,644,668,668,668,101,164,194],"floor_reached":56,"playtime":2331,"items_purged":["Shame","Voices","hubris:Greed","hubris:Greed"],"score":1556,"play_id":"32e8d546-a882-46e1-b6fe-9040772dd74c","local_time":"20210105191857","is_ascension_mode":false,"campfire_choices":[{"data":"PrismaMod:ChloeCaladbolg","floor":6,"key":"SMITH"},{"floor":8,"key":"REST"},{"data":"PrismaMod:ChloeMordred","floor":11,"key":"SMITH"},{"floor":15,"key":"REST"},{"floor":24,"key":"REST"},{"floor":27,"key":"RECALL"},{"data":"PrismaMod:ChloeRitsuka","floor":29,"key":"SMITH"},{"floor":32,"key":"REST"},{"data":"PrismaMod:ChloeCarnivalAOEAttack","floor":40,"key":"SMITH"},{"floor":46,"key":"REST"},{"data":"PrismaMod:ChloeCaladbolg+1","floor":49,"key":"SMITH"},{"data":"PrismaMod:ChloeCaladbolg+2","floor":52,"key":"SMITH"}],"circlet_count":0,"master_deck":["PrismaMod:ChloeCommonAttack","PrismaMod:ChloeCommonAttack","PrismaMod:ChloeCommonAttack","PrismaMod:ChloeCommonAttack","PrismaMod:ChloeCommonAttack","PrismaMod:ChloeCommonDefend","PrismaMod:ChloeCommonDefend","PrismaMod:ChloeCommonDefend","PrismaMod:ChloeCommonDefend","PrismaMod:ChloeCommonDefend","PrismaMod:ChloeCheapAttack","PrismaMod:ChloeCheapDefend","PrismaMod:ChloeMordred+1","PrismaMod:ChloeCheapAttackTwo","PrismaMod:ChloeCaladbolg+3","PrismaMod:ChloeExcalibur+1","animator:Curse_GriefSeed","Replay:Sluggish","PrismaMod:ChloeUncommonDefend","PrismaMod:ChloeDevil","PrismaMod:ChloeCheapAttack","Hallucinations","PrismaMod:ChloeChristmas","PrismaMod:ChloeCarnivalDefend","PrismaMod:ChloeEyeOfTheEuryale+1","PrismaMod:ChloeCheapAttack","PrismaMod:ChloeRitsuka+1","PrismaMod:ChloeUncommonAttack","TheCursedMod:Dregs","PrismaMod:ChloeCheapDefendTwo","PrismaMod:ChloeEyeOfTheEuryale","PrismaMod:ChloeCarnivalAOEAttack+1","PrismaMod:ChloeRuleBreaker","Injury","PrismaMod:ChloeCarnivalAttack","AbeCurse","PrismaMod:ChloeRitsuka+1","Madness","Madness","TheCursedMod:Dregs","PrismaMod:ChloeExcalibur+1","expansioncontent:LastStand+1","PrismaMod:ChloeCheapDefendTwo+1","ReplayTheSpireMod:IOU","PrismaMod:ChloeBetterTracePools","PrismaMod:ChloeCheapAttack+1","ReplayUltimateDefense","PrismaMod:ChloeUncommonAOEAttack","PrismaMod:ChloeGaeBolg+1","ReplayTheSpireMod:Private Reserves","PrismaMod:ChloeMordred","PrismaMod:ChloeCheapAttack","PrismaMod:ChloeCheapAttack","PrismaMod:ChloeCarnivalAttack"],"relics":["PrismaMod:PrismaTraceOn","EVO:Axolotl","PrismaMod:PrismaSapphire","Ring of Searing","ReplayTheSpireMod:Ring of Collecting","Replay:Bandana","Incense Burner","White Beast Statue","Ring of Greed","Membership Card","Boot","MerchantsRug","Onion Ring","Calipers","Centennial Puzzle","Replay:Ringing Soul","Ring of Peace","Abe\u0027s Treasure","hubris:PeanutButter","hubris:EmptyBottle","Lantern","aspiration:ChemicalBlood","Ring of Hypnosis","Oddly Smooth Stone","conspire:InfiniteJournal","Meat on the Bone","Orichalcum","hubris:SphereOfDissonance","Chemical X","aspiration:FrozenJewel"],"acts_visited":["Exordium","TheCity","TheBeyond","TheEnding"],"potions_floor_usage":[16,16,16,33,33,33,44,44,45,45,45,45,47,47,48,48,48,48,50,50,50,50,54,54,54,54,55,55,55,55,55,55,55,55,55,55,55,55,55,55,55,55],"damage_taken":[{"damage":0,"enemies":"Jaw Worm","floor":1,"turns":4},{"damage":0,"enemies":"2 Louse","floor":2,"turns":4},{"damage":10,"enemies":"Cultist","floor":4,"turns":3},{"damage":6,"enemies":"3 Sentries","floor":7,"turns":4},{"damage":0,"enemies":"Exordium Wildlife","floor":10,"turns":3},{"damage":0,"enemies":"Blue Slaver","floor":12,"turns":3},{"damage":6,"enemies":"2 Fungi Beasts","floor":13,"turns":4},{"damage":0,"enemies":"Large Slime","floor":14,"turns":3},{"damage":23,"enemies":"Hexaghost","floor":16,"turns":6},{"damage":24,"enemies":"Shell Parasite","floor":18,"turns":4},{"damage":0,"enemies":"Snecko","floor":20,"turns":4},{"damage":11,"enemies":"conspire:HollyBat","floor":21,"turns":7},{"damage":0,"enemies":"Chosen and Byrds","floor":22,"turns":5},{"damage":13,"enemies":"Book of Stabbing","floor":23,"turns":4},{"damage":5,"enemies":"Shelled Parasite and Fungi","floor":25,"turns":3},{"damage":8,"enemies":"Centurion and Healer","floor":28,"turns":6},{"damage":10,"enemies":"Snake Plant","floor":30,"turns":3},{"damage":40,"enemies":"hubris:MusketHawk","floor":33,"turns":8},{"damage":22,"enemies":"3 Shapes","floor":35,"turns":5},{"damage":8,"enemies":"3 Darklings","floor":37,"turns":6},{"damage":12,"enemies":"Nemesis","floor":41,"turns":4},{"damage":15,"enemies":"4 Shapes","floor":42,"turns":4},{"damage":0,"enemies":"Transient","floor":44,"turns":5},{"damage":37,"enemies":"conspire:MimicChest","floor":45,"turns":10},{"damage":9,"enemies":"Reptomancer","floor":48,"turns":3},{"damage":12,"enemies":"Awakened One","floor":50,"turns":9},{"damage":49,"enemies":"Shield and Spear","floor":54,"turns":7},{"damage":75,"enemies":"The Heart","floor":55,"turns":5}],"seed_played":"6940686160802623143","potions_obtained":[{"floor":1,"key":"Adrenaline Potion"},{"floor":10,"key":"LiquidBronze"},{"floor":12,"key":"Fire Potion"},{"floor":13,"key":"SkillPotion"},{"floor":14,"key":"Venom Potion"},{"floor":16,"key":"LifebloodPotion"},{"floor":18,"key":"DuplicationPotion"},{"floor":33,"key":"Dexterity Potion"},{"floor":35,"key":"PowerPotion"},{"floor":37,"key":"Slimebound:ThreeZeroPotion"},{"floor":41,"key":"CultistPotion"},{"floor":44,"key":"SteroidPotion"},{"floor":45,"key":"sneckomod:MuddlingPotion"},{"floor":45,"key":"Energy Potion"},{"floor":45,"key":"Regen Potion"},{"floor":48,"key":"BlessingOfTheForge"},{"floor":54,"key":"ColorlessPotion"}],"is_trial":false,"path_per_floor":["M","M","?","M","?","R","E","R","T","M","R","M","M","M","R","B",null,"M","$","M","M","M","E","R","M","T","R","M","R","M","?","R","B",null,"M","?","M","$","?","R","E","M","T","M","?","R","$","E","R","B",null,"R","$","E","B",null],"character_chosen":"CHLOE","items_purchased":["MerchantsRug","Onion Ring","Calipers","conspire:TimeTravelPotion","hubris:PeanutButter","hubris:EmptyBottle","Lantern","expansioncontent:LastStand","conspire:InfiniteJournal","ReplayUltimateDefense","PrismaMod:ChloeUncommonAOEAttack","Fruit Juice","Explosive Potion","Orichalcum","hubris:SphereOfDissonance","Cursed Concoction","Languid Potion","Explosive Potion","ReplayTheSpireMod:Private Reserves","PrismaMod:ChloeMordred","Chemical X","PrismaMod:ChloeCheapAttack"],"campfire_rested":5,"item_purchase_floors":[19,19,19,19,38,38,38,38,47,47,47,47,47,53,53,53,53,53,53,53,53,53],"current_hp_per_floor":[75,75,75,65,40,40,34,56,56,56,56,56,52,54,75,52,75,53,53,55,46,48,37,59,56,56,56,53,53,48,48,72,66,87,70,62,59,62,62,62,50,40,40,43,21,53,66,79,79,72,127,127,130,84,23],"gold":194,"neow_bonus":"NOSTALGIA","is_daily":false,"chose_seed":false,"campfire_upgraded":6,"win_rate":0.0,"timestamp":1609834737,"path_taken":["M","M","?","M","?","R","E","R","T","M","R","?","M","M","R","BOSS","M","$","M","M","M","E","R","M","T","R","M","R","M","?","R","BOSS","M","?","M","$","?","R","E","M","T","?","?","R","?","E","R","BOSS","R","$","E","BOSS"],"items_purchased_type":["Relic","Relic","Relic","Potion","Relic","Relic","Relic","Card","Relic","Card","Card","Potion","Potion","Relic","Relic","Potion","Potion","Potion","Card","Card","Relic","Card"],"build_version":"2020-12-22","purchased_purges":4,"victory":true,"max_hp_per_floor":[75,75,75,75,75,75,75,75,75,75,75,75,75,75,75,75,75,75,75,75,75,75,75,75,75,75,75,78,78,81,81,81,84,87,90,93,96,99,99,99,99,102,102,105,108,108,121,124,124,127,127,127,130,133,133],"relic_stats":{"Centennial Puzzle":[39],"counters":[28,136],"Chemical X":[1],"Orichalcum":[24],"Boot":[55],"obtain_stats":[{"Lantern":38,"Calipers":19,"PrismaMod:PrismaSapphire":0,"Incense Burner":7,"EVO:Axolotl":0,"hubris:EmptyBottle":38,"Boot":17,"PrismaMod:PrismaTraceOn":0,"Ring of Searing":3,"Old Coin":9,"conspire:InfiniteJournal":47,"Replay:Ringing Soul":26,"Replay:Bandana":5,"Centennial Puzzle":23,"hubris:Backtick":17,"Ring of Peace":26,"Chemical X":53,"aspiration:ChemicalBlood":41,"MerchantsRug":19,"Ring of Hypnosis":43,"aspiration:Nostalgia":0,"Oddly Smooth Stone":45,"hubris:SphereOfDissonance":53,"Ring of Greed":9,"Orichalcum":53,"White Beast Statue":9,"aspiration:FrozenJewel":54,"ReplayTheSpireMod:Ring of Collecting":3,"Onion Ring":19,"hubris:PeanutButter":38,"Membership Card":9,"Abe\u0027s Treasure":34,"Meat on the Bone":48},{"Lantern":20,"Calipers":10,"PrismaMod:PrismaSapphire":0,"Incense Burner":4,"EVO:Axolotl":0,"hubris:EmptyBottle":20,"Boot":9,"PrismaMod:PrismaTraceOn":0,"Ring of Searing":2,"Old Coin":4,"conspire:InfiniteJournal":24,"Replay:Ringing Soul":15,"Replay:Bandana":3,"Centennial Puzzle":14,"hubris:Backtick":9,"Ring of Peace":15,"Chemical X":26,"aspiration:ChemicalBlood":21,"MerchantsRug":10,"Ring of Hypnosis":22,"aspiration:Nostalgia":0,"Oddly Smooth Stone":24,"hubris:SphereOfDissonance":26,"Ring of Greed":4,"Orichalcum":26,"White Beast Statue":4,"aspiration:FrozenJewel":27,"ReplayTheSpireMod:Ring of Collecting":2,"Onion Ring":10,"hubris:PeanutButter":20,"Membership Card":4,"Abe\u0027s Treasure":18,"Meat on the Bone":25},{"Lantern":89,"Calipers":38,"PrismaMod:PrismaSapphire":0,"Incense Burner":15,"EVO:Axolotl":0,"hubris:EmptyBottle":89,"Boot":34,"PrismaMod:PrismaTraceOn":0,"Ring of Searing":8,"Old Coin":15,"conspire:InfiniteJournal":112,"Replay:Ringing Soul":61,"Replay:Bandana":11,"Centennial Puzzle":58,"hubris:Backtick":34,"Ring of Peace":61,"Chemical X":124,"aspiration:ChemicalBlood":93,"MerchantsRug":38,"Ring of Hypnosis":97,"aspiration:Nostalgia":0,"Oddly Smooth Stone":112,"hubris:SphereOfDissonance":124,"Ring of Greed":15,"Orichalcum":124,"White Beast Statue":15,"aspiration:FrozenJewel":131,"ReplayTheSpireMod:Ring of Collecting":8,"Onion Ring":38,"hubris:PeanutButter":89,"Membership Card":15,"Abe\u0027s Treasure":78,"Meat on the Bone":115}],"Meat on the Bone":12},"card_choices":[{"not_picked":["PrismaMod:ChloeMaid","PrismaMod:ChloeChristmas"],"picked":"PrismaMod:ChloeMordred","floor":1},{"not_picked":["PrismaMod:ChloeCheapDefendTwo","PrismaMod:ChloeCommonAOEAttack"],"picked":"PrismaMod:ChloeCheapAttackTwo","floor":2},{"not_picked":["PrismaMod:ChloeCheapAttack","PrismaMod:ChloeRhongomyniad"],"picked":"PrismaMod:ChloeCaladbolg","floor":4},{"not_picked":["PrismaMod:ChloeDiscardRecovery","PrismaMod:ChloeEyeOfTheEuryale"],"picked":"PrismaMod:ChloeExcalibur","floor":7},{"not_picked":["PrismaMod:ChloeCheapDefendTwo","PrismaMod:ChloeCommonAOEAttack"],"picked":"PrismaMod:ChloeUncommonDefend","floor":10},{"not_picked":["PrismaMod:ChloeDemonicTutor","PrismaMod:ChloeRhongomyniad"],"picked":"PrismaMod:ChloeDevil","floor":12},{"not_picked":["PrismaMod:ChloeCheapAttackTwo","PrismaMod:ChloeDiscardRecovery"],"picked":"PrismaMod:ChloeCheapAttack","floor":13},{"not_picked":["PrismaMod:ChloeCheapDefend","PrismaMod:ChloeExhaustTwo"],"picked":"PrismaMod:ChloeChristmas","floor":14},{"not_picked":["PrismaMod:ChloeUnlimitedBladeWorks","PrismaMod:ChloeAnyRareTrace"],"picked":"PrismaMod:ChloeCarnivalDefend","floor":16},{"not_picked":["PrismaMod:ChloeCommonAOEAttack+1","PrismaMod:ChloeCheapDefend"],"picked":"PrismaMod:ChloeEyeOfTheEuryale+1","floor":18},{"not_picked":["PrismaMod:ChloeCheapDefendTwo","PrismaMod:ChloeCheapDefend"],"picked":"PrismaMod:ChloeCheapAttack","floor":20},{"not_picked":["PrismaMod:ChloeCheapDefend","PrismaMod:ChloeCheapDefendTwo"],"picked":"PrismaMod:ChloeRitsuka","floor":21},{"not_picked":["PrismaMod:ChloeCommonAOEAttack","PrismaMod:ChloeDiscardRecovery"],"picked":"PrismaMod:ChloeUncommonAttack","floor":22},{"not_picked":["PrismaMod:ChloeDiscardRecovery","PrismaMod:ChloeExhaustOne"],"picked":"PrismaMod:ChloeCheapDefendTwo","floor":23},{"not_picked":["PrismaMod:ChloeCheapAttackTwo","PrismaMod:ChloeMaid"],"picked":"PrismaMod:ChloeEyeOfTheEuryale","floor":25},{"not_picked":["PrismaMod:ChloeCheapAttack+1","PrismaMod:ChloeCheapDefendTwo"],"picked":"PrismaMod:ChloeCarnivalAOEAttack","floor":28},{"not_picked":["PrismaMod:ChloeExhaustOne","PrismaMod:ChloeCheapDefend"],"picked":"PrismaMod:ChloeRuleBreaker","floor":30},{"not_picked":["PrismaMod:ChloeCarnivalAOEAttack","PrismaMod:ChloeDoubleRelicSpeed"],"picked":"PrismaMod:ChloeCarnivalAttack","floor":33},{"not_picked":["PrismaMod:ChloeCheapAttack","PrismaMod:ChloeDiscardRecovery"],"picked":"PrismaMod:ChloeRitsuka+1","floor":35},{"not_picked":["PrismaMod:ChloeCheapDefend+1","PrismaMod:ChloeUncommonAttack"],"picked":"PrismaMod:ChloeExcalibur+1","floor":37},{"not_picked":["PrismaMod:ChloeCheapDefendTwo","PrismaMod:ChloeExhaustOne","PrismaMod:ChloeCheapDefend"],"picked":"SKIP","floor":41},{"not_picked":["PrismaMod:ChloeCaladbolg","PrismaMod:ChloeDiscardRecovery"],"picked":"PrismaMod:ChloeCheapDefendTwo+1","floor":42},{"not_picked":["PrismaMod:ChloeExhaustOne+1","PrismaMod:ChloeDiscardRecovery+1"],"picked":"PrismaMod:ChloeBetterTracePools","floor":44},{"not_picked":["PrismaMod:ChloeCheapDefend","PrismaMod:ChloeExcalibur"],"picked":"PrismaMod:ChloeCheapAttack+1","floor":45},{"not_picked":["PrismaMod:ChloeCaladbolg+1","PrismaMod:ChloeUncommonDefend+1"],"picked":"PrismaMod:ChloeGaeBolg+1","floor":48},{"not_picked":["PrismaMod:ChloeCheapDefendTwo+1","PrismaMod:ChloeCommonAOEAttack"],"picked":"PrismaMod:ChloeCarnivalAttack","floor":54}],"player_experience":457226,"relics_obtained":[{"floor":3,"key":"Ring of Searing"},{"floor":3,"key":"ReplayTheSpireMod:Ring of Collecting"},{"floor":7,"key":"Incense Burner"},{"floor":9,"key":"White Beast Statue"},{"floor":9,"key":"Ring of Greed"},{"floor":9,"key":"Membership Card"},{"floor":9,"key":"Old Coin"},{"floor":23,"key":"Centennial Puzzle"},{"floor":26,"key":"Replay:Ringing Soul"},{"floor":26,"key":"Ring of Peace"},{"floor":41,"key":"aspiration:ChemicalBlood"},{"floor":43,"key":"Ring of Hypnosis"},{"floor":45,"key":"Oddly Smooth Stone"},{"floor":48,"key":"Meat on the Bone"},{"floor":54,"key":"aspiration:FrozenJewel"}],"event_choices":[{"damage_healed":0,"gold_gain":109,"player_choice":"RE GO ","damage_taken":28,"relics_obtained":["Replay:Bandana"],"max_hp_gain":0,"max_hp_loss":0,"event_name":"betterSkull:BetterSkull","floor":5,"gold_loss":0,"cards_upgraded":[]},{"damage_healed":0,"gold_gain":0,"player_choice":"Ignored","damage_taken":0,"max_hp_gain":0,"max_hp_loss":0,"event_name":"N\u0027loth","floor":31,"gold_loss":0},{"damage_healed":0,"gold_gain":0,"player_choice":"Embrace Madness","damage_taken":11,"max_hp_gain":0,"max_hp_loss":0,"event_name":"Winding Halls","floor":36,"gold_loss":0,"cards_obtained":["Madness","Madness"]},{"damage_healed":0,"gold_gain":0,"player_choice":"Upgraded","damage_taken":0,"max_hp_gain":0,"max_hp_loss":0,"event_name":"Upgrade Shrine","floor":39,"gold_loss":0,"cards_upgraded":["expansioncontent:LastStand"]}],"is_beta":false,"boss_relics":[{"not_picked":["ReplayTheSpireMod:DimensionalGlitch","construct:ClawGrip"],"picked":"hubris:Backtick"},{"not_picked":["hubris:TerracottaHorce","Runic Pyramid"],"picked":"Abe\u0027s Treasure"}],"items_purged_floors":[19,38,47,53],"is_endless":false,"potions_floor_spawned":[1,10,12,13,14,16,18,20,21,22,23,25,28,30,33,35,37,41,42,44,45,48,54],"ascension_level":0}}