{"host":"n900smz9wr3yo27a","time":1609850551,"event":{"mods":["Arknights The Spire","BaseMod","CapriCore","GungeonMod","Hermit","Koishi","Lobotomy","Marisa£¨Ùöéë¡¡Øª×âÞÞ£©","Minty Spire (QoL Compilation)","Prisma Mod","Replay The Spire","StSLib","Td1madao Mod","The Animator","The Bug Knight","The Cursed","The Dragon Tamer","The Gatherer","The Hierophant","The Immortal","The Jungle","The Necromancer","The Poker Player","The Runesmith","WarShipGirlsR/??á´Ò³R mod"],"gold_per_floor":[118,118,170,250,260,291,69,80,80,112,132,147,173,73,73,170,170,180,95,150,213,231,231,268,311,329,361,370,392,427,427,480,589,589,607,657,657,532,568,578,130,150,195,230,230,230,246,277,277,309],"floor_reached":51,"playtime":2730,"items_purged":["Delirium","DemoMod:HardPowerCard","DemoMod:TeaPot","DemoMod:SniperShot+1"],"score":1072,"play_id":"41c30f78-0127-4328-bfa4-af6039d2f605","local_time":"20210105214231","daily_mods":["Draft","Vintage","Flight","DeadlyEvents"],"is_ascension_mode":false,"campfire_choices":[{"floor":15.0,"key":"REST"},{"data":"DemoMod:FinishedGun","floor":23.0,"key":"SMITH"},{"data":"DemoMod:HungryBullets","floor":28,"key":"SMITH"},{"data":"DemoMod:BattleInHaste","floor":45,"key":"PURGE"},{"data":"DemoMod:BlankBullets","floor":46,"key":"SMITH"},{"floor":49,"key":"DIG"}],"circlet_count":0,"master_deck":["DemoMod:FortunesFavor","DemoMod:StickyCrossBow","DemoMod:HungryBullets+1","DemoMod:FastSwitch","DemoMod:BattleInHaste","DemoMod:Unmoved","DemoMod:HardPowerCard+1","DemoMod:Replace","DemoMod:FastSwitch","DemoMod:PracticeMakesPerfect","DemoMod:FastSwitch","DemoMod:FastSwitch","DemoMod:FastSwitch","DemoMod:FinishedGun+1","DemoMod:BlankBullets+1","DemoMod:ProbeStrike+1","DemoMod:ShadowBullets+1","ReplayTheSpireMod:Faulty Equipment","DemoMod:StrategicReserve","DemoMod:StrategicReserve","DemoMod:Eureka"],"relics":["DemoMod:Dog","replay:Trail_Library","Replay:Rubber Ducky","Ginger","War Paint","DemoMod:Bottle","Art of War","DemoMod:MonsterBlood","Turnip","DemoMod:SevenLeafClover","Toy Ornithopter","Replay:WaspNest","Orichalcum","Prayer Wheel","Lantern","Cursed Key","CeramicFish","Meat on the Bone","Mummified Hand","DemoMod:Antibody","DemoMod:RatBoots","Bottled Flame","HollowMod:StagPassRelic","DemoMod:BlueGuonStone","Iron Hammer","Pocketwatch","DemoMod:MeltedRock","CaptainsWheel","Ornamental Fan","Runesmith:UraniumAnvil","Dream Catcher","Letter Opener","Replay:Multitool","DemoMod:LichsEyeBullet","Omamori","Vajra","HandDrill","Pondfish Scales","Centennial Puzzle","Gremlin Horn","BranchBurnRelic","DemoMod:Metronome","Akabeko","Replay:Bandana"],"acts_visited":["Exordium","TheCity","TheBeyond"],"potions_floor_usage":[33,51],"damage_taken":[{"damage":8.0,"enemies":"Small Slimes","floor":1.0,"turns":5.0},{"damage":5.0,"enemies":"Jaw Worm","floor":5.0,"turns":3.0},{"damage":14.0,"enemies":"HollowMod:MossKnight","floor":6.0,"turns":10.0},{"damage":2.0,"enemies":"2 Louse","floor":8.0,"turns":2.0},{"damage":30.0,"enemies":"Lagavulin","floor":10.0,"turns":5.0},{"damage":5.0,"enemies":"Exordium Thugs","floor":11.0,"turns":4.0},{"damage":0.0,"enemies":"3 Louse","floor":12.0,"turns":2.0},{"damage":11.0,"enemies":"The Guardian","floor":16.0,"turns":6.0},{"damage":0.0,"enemies":"Chosen","floor":18.0,"turns":3.0},{"damage":0.0,"enemies":"Snake Plant","floor":20.0,"turns":6.0},{"damage":0.0,"enemies":"Snake Plant","floor":21.0,"turns":4.0},{"damage":0.0,"enemies":"Snake Plant","floor":22.0,"turns":1.0},{"damage":6.0,"enemies":"Slavers","floor":24.0,"turns":2.0},{"damage":0,"enemies":"Sentry and Sphere","floor":25,"turns":3},{"damage":0,"enemies":"Book of Stabbing","floor":27,"turns":2},{"damage":0,"enemies":"Sentry and Sphere","floor":29,"turns":2},{"damage":5,"enemies":"Slavers","floor":30,"turns":2},{"damage":15,"enemies":"Automaton","floor":33,"turns":7},{"damage":4,"enemies":"3 Shapes","floor":35,"turns":3},{"damage":3,"enemies":"Mind Bloom Boss Battle","floor":36,"turns":3},{"damage":0,"enemies":"HollowMod:StalkingDevout","floor":39,"turns":4},{"damage":0,"enemies":"3 Darklings","floor":40,"turns":2},{"damage":0,"enemies":"Sphere and 2 Shapes","floor":43,"turns":3},{"damage":6,"enemies":"R_Hoarder","floor":44,"turns":4},{"damage":6,"enemies":"Sphere and 2 Shapes","floor":47,"turns":1},{"damage":0,"enemies":"Giant Head","floor":48,"turns":4},{"damage":0,"enemies":"Awakened One","floor":50,"turns":6},{"damage":15,"enemies":"Malkuth","floor":51,"turns":8},{"damage":0,"enemies":"Netzach","floor":51,"turns":8},{"damage":18,"enemies":"Chesed","floor":51,"turns":6}],"seed_played":"5799223094624576528","potions_obtained":[{"floor":6.0,"key":"Doom Potion"},{"floor":8.0,"key":"AttackPotion"},{"floor":10.0,"key":"Ancient Potion"},{"floor":11.0,"key":"LiquidBronze"},{"floor":16.0,"key":"Languid Potion"},{"floor":22.0,"key":"Fire Potion"},{"floor":33,"key":"Toxic Potion"},{"floor":42,"key":"Languid Potion"}],"is_trial":true,"path_per_floor":["M","?","T","?","M","E","$","M","T","E","M","M","T","$","R","B",null,"M","?","?","?","M","R","E","?","T","E","R","M","E","?","R","B",null,"M","?","?","$","E","M","$","?","T","E","R","R","M","E","R","B",null],"character_chosen":"HUNTRESS","items_purchased":["DemoMod:MonsterBlood","Vajra","HandDrill"],"campfire_rested":1,"item_purchase_floors":[7,41,41],"current_hp_per_floor":[62,55,55,55,50,36,43,41,41,11,6,6,6,6,29,18,77,77,77,77,77,77,77,71,71,71,71,71,71,66,66,66,56,77,73,70,70,70,70,70,70,51,51,45,45,45,39,39,39,58],"gold":461,"neow_bonus":"","is_daily":false,"chose_seed":false,"campfire_upgraded":3,"win_rate":0.0,"timestamp":1609850551,"path_taken":["M","?","?","?","?","E","$","?","T","?","M","M","?","?","R","BOSS","M","?","?","?","?","R","E","?","T","?","R","?","E","?","R","BOSS","M","?","?","$","?","M","$","?","T","E","R","R","?","?","R","BOSS"],"items_purchased_type":["Relic","Relic","Relic"],"build_version":"2020-12-22","purchased_purges":4,"victory":true,"max_hp_per_floor":[70,70,70,70,70,70,77,77,77,77,77,77,77,77,77,77,77,77,77,77,77,77,77,77,77,77,77,77,77,77,77,77,77,77,77,77,77,77,77,77,77,77,77,77,77,77,77,77,77,77],"card_choices":[{"not_picked":["DemoMod:GunstockTap","DemoMod:MegaHand"],"picked":"DemoMod:DirectionalPad","floor":0.0},{"not_picked":["DemoMod:HuntsMan","DemoMod:ConditionalReflex"],"picked":"DemoMod:FortunesFavor","floor":0.0},{"not_picked":["DemoMod:Replace","DemoMod:JK47"],"picked":"DemoMod:StickyCrossBow","floor":0.0},{"not_picked":["DemoMod:Ejector","DemoMod:Replace"],"picked":"DemoMod:HungryBullets","floor":0.0},{"not_picked":["DemoMod:Replace","DemoMod:Unity"],"picked":"DemoMod:FastSwitch","floor":0.0},{"not_picked":["DemoMod:ConditionalReflex","DemoMod:Casey"],"picked":"DemoMod:BattleInHaste","floor":0.0},{"not_picked":["DemoMod:PotionOfGunFriendShip","DemoMod:ZorGun"],"picked":"DemoMod:Unmoved","floor":0.0},{"not_picked":["DemoMod:Ejector","DemoMod:EasyReloadBullets"],"picked":"DemoMod:HardPowerCard","floor":0.0},{"not_picked":["DemoMod:ChanceBullets","DemoMod:PotionOfGunFriendShip"],"picked":"DemoMod:Replace","floor":0.0},{"not_picked":["DemoMod:HungryBullets","DemoMod:StrategicReserve"],"picked":"DemoMod:FastSwitch","floor":0.0},{"not_picked":["DemoMod:Polaris","DemoMod:BattleInHaste"],"picked":"DemoMod:SniperShot","floor":0.0},{"not_picked":["DemoMod:SpreadAmmo","DemoMod:CombinedRifle"],"picked":"DemoMod:PracticeMakesPerfect","floor":0.0},{"not_picked":["DemoMod:ProbeStrike","DemoMod:HuntsMan"],"picked":"DemoMod:FastSwitch","floor":0.0},{"not_picked":["DemoMod:Ejector","DemoMod:ZorGun"],"picked":"DemoMod:FastSwitch","floor":0.0},{"not_picked":["DemoMod:TableSutra","DemoMod:MachoBrace"],"picked":"DemoMod:TeaPot","floor":0.0},{"not_picked":["DemoMod:PotionOfGunFriendShip","DemoMod:ChanceBullets","DemoMod:Desperate"],"picked":"SKIP","floor":6.0},{"not_picked":["DemoMod:PotionOfGunFriendShip","DemoMod:ChanceBullets","DemoMod:HighKaliber"],"picked":"SKIP","floor":10.0},{"not_picked":["DemoMod:GunslingerForm","DemoMod:FullFirepower"],"picked":"DemoMod:FinishedGun","floor":13.0},{"not_picked":["DemoMod:FullFirepower","DemoMod:DoubleVision"],"picked":"DemoMod:BlankBullets","floor":16.0},{"not_picked":["DemoMod:HuntsMan","DemoMod:GunShield","DemoMod:Replace"],"picked":"SKIP","floor":18.0},{"not_picked":["DemoMod:JK47","DemoMod:SuppressiveFire"],"picked":"DemoMod:ProbeStrike+1","floor":20.0},{"not_picked":["DemoMod:Slinger","DemoMod:ThirdPartyController","DemoMod:BulletBore"],"picked":"SKIP","floor":20.0},{"not_picked":["DemoMod:GunstockTap","DemoMod:Ejector+1"],"picked":"DemoMod:ShadowBullets+1","floor":21.0},{"not_picked":["DemoMod:DoubleVision","DemoMod:Elimentaler","DemoMod:BulletBore"],"picked":"SKIP","floor":21.0},{"not_picked":["DemoMod:AC15","DemoMod:DoubleVision","DemoMod:TeaPot"],"picked":"SKIP","floor":24.0},{"not_picked":["DemoMod:BulletBore","DemoMod:Gungine","DemoMod:BlankBullets"],"picked":"SKIP","floor":25},{"not_picked":["DemoMod:HuntsMan","DemoMod:Rummage+1","DemoMod:RadGun"],"picked":"SKIP","floor":25},{"not_picked":["DemoMod:Gungine","DemoMod:DoubleVision","DemoMod:FightSabre"],"picked":"SKIP","floor":26},{"not_picked":["DemoMod:Ejector","DemoMod:CombinedRifle","DemoMod:Polaris"],"picked":"SKIP","floor":27},{"not_picked":["DemoMod:MachoBrace+1","DemoMod:StickyCrossBow","DemoMod:SAA+1"],"picked":"SKIP","floor":30},{"not_picked":["DemoMod:FinishedGun","DemoMod:BSG"],"picked":"DemoMod:Eureka","floor":33},{"not_picked":["DemoMod:DirectionalPad+1","DemoMod:HuntsMan+1","DemoMod:DarkMarker"],"picked":"SKIP","floor":39},{"not_picked":["DemoMod:DoubleVision","DemoMod:FinishedGun","DemoMod:Desperate"],"picked":"SKIP","floor":43},{"not_picked":["DemoMod:ProbeStrike","DemoMod:TeaPot+1","DemoMod:PotionOfGunFriendShip"],"picked":"SKIP","floor":43},{"not_picked":["DemoMod:Unmoved","DemoMod:ChanceBullets+1","DemoMod:LifeOrb"],"picked":"SKIP","floor":44},{"not_picked":["DemoMod:FinishedGun","DemoMod:Rummage+1","DemoMod:PotionOfGunFriendShip+1"],"picked":"SKIP","floor":48}],"player_experience":789794,"relics_obtained":[{"floor":1.0,"key":"Replay:Rubber Ducky"},{"floor":5.0,"key":"War Paint"},{"floor":5.0,"key":"DemoMod:Bottle"},{"floor":6.0,"key":"Art of War"},{"floor":8.0,"key":"Turnip"},{"floor":9.0,"key":"DemoMod:SevenLeafClover"},{"floor":10.0,"key":"Toy Ornithopter"},{"floor":11.0,"key":"Replay:WaspNest"},{"floor":12.0,"key":"Orichalcum"},{"floor":13.0,"key":"Prayer Wheel"},{"floor":13.0,"key":"Lantern"},{"floor":18.0,"key":"CeramicFish"},{"floor":20.0,"key":"Mummified Hand"},{"floor":20.0,"key":"DemoMod:Antibody"},{"floor":21.0,"key":"DemoMod:RatBoots"},{"floor":21.0,"key":"Bottled Flame"},{"floor":22.0,"key":"HollowMod:StagPassRelic"},{"floor":24.0,"key":"DemoMod:BlueGuonStone"},{"floor":25,"key":"Iron Hammer"},{"floor":25,"key":"Pocketwatch"},{"floor":26,"key":"DemoMod:MeltedRock"},{"floor":27,"key":"CaptainsWheel"},{"floor":29,"key":"Ornamental Fan"},{"floor":35,"key":"Dream Catcher"},{"floor":35,"key":"Letter Opener"},{"floor":36,"key":"Replay:Multitool"},{"floor":39,"key":"DemoMod:LichsEyeBullet"},{"floor":40,"key":"Omamori"},{"floor":43,"key":"Pondfish Scales"},{"floor":43,"key":"Dead Branch"},{"floor":44,"key":"Centennial Puzzle"},{"floor":44,"key":"Gremlin Horn"},{"floor":47,"key":"DemoMod:Metronome"},{"floor":48,"key":"Akabeko"},{"floor":49,"key":"Replay:Bandana"}],"event_choices":[{"damage_healed":0.0,"max_hp_gain":0.0,"max_hp_loss":0.0,"gold_gain":0.0,"event_name":"Scrap Ooze","player_choice":"Success","floor":2.0,"gold_loss":0.0,"damage_taken":7.0,"relics_obtained":["Ginger"]},{"damage_healed":0.0,"max_hp_gain":0.0,"max_hp_loss":0.0,"gold_gain":0.0,"event_name":"Addict","player_choice":"Obtained Relic","floor":19.0,"gold_loss":85.0,"damage_taken":0.0,"relics_obtained":["Meat on the Bone"]},{"damage_healed":0,"gold_gain":0,"player_choice":"Fight","damage_taken":0,"max_hp_gain":0,"max_hp_loss":0,"event_name":"MindBloom","floor":36,"gold_loss":0},{"cards_removed":["Normality","ReplayTheSpireMod:Faulty Equipment","Shame","Pain"],"damage_healed":0,"gold_gain":0,"player_choice":"Removed Curses","damage_taken":0,"max_hp_gain":0,"max_hp_loss":0,"event_name":"Fountain of Cleansing","floor":37,"gold_loss":0}],"is_beta":false,"boss_relics":[{"not_picked":["Calling Bell","Replay:Wanted Poster"],"picked":"Cursed Key"},{"not_picked":["Empty Cage","DemoMod:ElasticCartridgeClip"],"picked":"Runesmith:UraniumAnvil"}],"items_purged_floors":[7,14,38,41],"is_endless":false,"potions_floor_spawned":[6,8,10,11,16,22,24,30,33,36,40,44,48],"ascension_level":0}}