{"host":"zcz0awyw9el3eccp","time":1609806245,"event":{"mods":["AchievementEnabler","BaseMod","Colored Powertips","Minty Spire (QoL Compilation)","Quick Restart"],"gold_per_floor":[119,132,132,132,149,149,177,177,177,177,208,224,224,249,249,351,351,367,385,385,402,402,402,429,344,371,91,110,121,135,148,148,250,250,265,178,0,300,315,341,102,136,136,136,136,61,61,86,86,86],"floor_reached":51,"playtime":2215,"items_purged":["Strike_R","Strike_R","Defend_R","Defend_R"],"score":912,"play_id":"be7706bf-ad74-4c7a-9105-1744d213dd65","local_time":"20210105012405","is_ascension_mode":true,"campfire_choices":[{"data":"Armaments","floor":6,"key":"SMITH"},{"data":"Entrench","floor":8,"key":"SMITH"},{"data":"Body Slam","floor":10,"key":"SMITH"},{"data":"Inflame","floor":13,"key":"SMITH"},{"data":"Limit Break","floor":15,"key":"SMITH"},{"data":"Fire Breathing","floor":23,"key":"SMITH"},{"data":"Evolve","floor":32,"key":"SMITH"},{"data":"Demon Form","floor":44,"key":"SMITH"},{"floor":47,"key":"REST"},{"floor":49,"key":"REST"}],"circlet_count":0,"master_deck":["Strike_R+1","Defend_R","Defend_R+1","Bash","Entrench+1","Body Slam+1","Fire Breathing+1","Sword Boomerang+1","Armaments+1","Inflame+1","Ghostly Armor","Sword Boomerang","Limit Break+1","Juggernaut","Iron Wave","Iron Wave","RitualDagger","Rage","Evolve+1","Inflame","Pommel Strike+1","Power Through","Inflame","Pummel+1","Thunderclap","Demon Form","Twin Strike+1","Shrug It Off","Pommel Strike","Demon Form+1","Armaments","Sentinel+1","Sword Boomerang+1"],"relics":["Burning Blood","HornCleat","Vajra","Ancient Tea Set","Boot","Mark of Pain","Toy Ornithopter","Matryoshka","Question Card","Membership Card","SlaversCollar","Red Mask","Whetstone","TheAbacus","Bag of Preparation","Darkstone Periapt","Gremlin Horn","Lantern","Regal Pillow"],"acts_visited":["Exordium","TheCity","TheBeyond"],"potions_floor_usage":[14,16,24,24,29,33,40,50,50],"damage_taken":[{"damage":7,"enemies":"Cultist","floor":1,"turns":6},{"damage":8,"enemies":"2 Louse","floor":2,"turns":4},{"damage":2,"enemies":"Small Slimes","floor":5,"turns":4},{"damage":14,"enemies":"Gremlin Nob","floor":7,"turns":5},{"damage":0,"enemies":"Lagavulin","floor":11,"turns":5},{"damage":9,"enemies":"Exordium Thugs","floor":12,"turns":4},{"damage":0,"enemies":"3 Sentries","floor":14,"turns":4},{"damage":19,"enemies":"The Guardian","floor":16,"turns":10},{"damage":0,"enemies":"Spheric Guardian","floor":18,"turns":3},{"damage":5,"enemies":"Chosen","floor":19,"turns":3},{"damage":15,"enemies":"Centurion and Healer","floor":21,"turns":6},{"damage":19,"enemies":"Gremlin Leader","floor":24,"turns":5},{"damage":16,"enemies":"Snake Plant","floor":28,"turns":3},{"damage":0,"enemies":"Chosen and Byrds","floor":29,"turns":3},{"damage":0,"enemies":"Snecko","floor":30,"turns":3},{"damage":0,"enemies":"Sentry and Sphere","floor":31,"turns":4},{"damage":1,"enemies":"Champ","floor":33,"turns":9},{"damage":9,"enemies":"3 Shapes","floor":35,"turns":4},{"damage":0,"enemies":"Orb Walker","floor":39,"turns":3},{"damage":33,"enemies":"Reptomancer","floor":40,"turns":5},{"damage":56,"enemies":"Giant Head","floor":42,"turns":7},{"damage":0,"enemies":"Reptomancer","floor":48,"turns":4},{"damage":74,"enemies":"Awakened One","floor":50,"turns":8}],"seed_played":"-1580069667414059311","potions_obtained":[{"floor":1,"key":"GamblersBrew"},{"floor":7,"key":"EssenceOfSteel"},{"floor":12,"key":"Swift Potion"},{"floor":16,"key":"Strength Potion"},{"floor":18,"key":"FairyPotion"},{"floor":19,"key":"Weak Potion"},{"floor":28,"key":"LiquidMemories"},{"floor":29,"key":"Strength Potion"},{"floor":33,"key":"Strength Potion"},{"floor":39,"key":"PowerPotion"},{"floor":48,"key":"Block Potion"}],"is_trial":false,"path_per_floor":["M","M","?","?","M","R","E","R","T","R","E","M","R","E","R","B",null,"M","M","?","M","?","R","E","?","T","$","M","M","M","M","R","B",null,"M","$","?","?","M","E","$","E","T","R","?","$","R","E","R","B",null],"character_chosen":"IRONCLAD","items_purchased":["Membership Card","Inflame","Pommel Strike","Shrug It Off","Pommel Strike","Armaments","TheAbacus","Bag of Preparation"],"campfire_rested":2,"item_purchase_floors":[27,27,27,36,36,41,41,41],"current_hp_per_floor":[55,53,37,37,41,41,33,33,33,33,39,36,36,42,42,29,80,80,80,74,65,65,65,52,52,52,52,42,53,59,65,65,75,80,77,77,77,77,80,53,53,30,30,30,30,30,54,60,80,12],"gold":86,"neow_bonus":"TRANSFORM_TWO_CARDS","is_daily":false,"chose_seed":false,"campfire_upgraded":8,"win_rate":0.0,"timestamp":1609806245,"path_taken":["M","?","?","?","M","R","E","R","T","R","E","M","R","E","R","BOSS","M","M","?","M","?","R","E","?","T","$","M","M","M","M","R","BOSS","M","$","?","?","?","E","?","E","T","R","?","$","R","E","R","BOSS"],"items_purchased_type":["Relic","Card","Card","Card","Card","Card","Relic","Relic"],"build_version":"2020-12-22","purchased_purges":4,"victory":true,"max_hp_per_floor":[80,80,80,80,80,80,80,80,80,80,80,80,80,80,80,80,80,80,80,80,80,80,80,80,80,80,80,80,80,80,80,80,80,80,80,80,80,80,80,80,80,80,80,80,80,80,80,80,80,80],"card_choices":[{"not_picked":["Feel No Pain","Anger"],"picked":"Fire Breathing","floor":1},{"not_picked":["Perfected Strike","Anger"],"picked":"Sword Boomerang","floor":2},{"not_picked":["Ghostly Armor","Second Wind"],"picked":"Armaments","floor":5},{"not_picked":["Iron Wave","Heavy Blade"],"picked":"Inflame","floor":7},{"not_picked":["Spot Weakness","Sentinel"],"picked":"Ghostly Armor","floor":11},{"not_picked":["Anger","Armaments"],"picked":"Sword Boomerang","floor":12},{"not_picked":["Entrench","Clash"],"picked":"Limit Break","floor":14},{"not_picked":["Double Tap","Impervious"],"picked":"Juggernaut","floor":16},{"not_picked":["Shockwave","Anger+1"],"picked":"Iron Wave","floor":18},{"not_picked":["Warcry","Anger+1"],"picked":"Iron Wave","floor":19},{"not_picked":["Warcry","Iron Wave"],"picked":"Rage","floor":21},{"not_picked":["Rupture","Whirlwind"],"picked":"Evolve","floor":24},{"not_picked":["Clash","Warcry","Pommel Strike+1"],"picked":"Power Through","floor":28},{"not_picked":["Twin Strike","True Grit","Searing Blow"],"picked":"Inflame","floor":29},{"not_picked":["Offering","Armaments","Perfected Strike"],"picked":"Pummel+1","floor":30},{"not_picked":["Clothesline","Feel No Pain","Sword Boomerang"],"picked":"Thunderclap","floor":31},{"not_picked":["Exhume","Immolate","Impervious"],"picked":"Demon Form","floor":33},{"not_picked":["Pommel Strike","Headbutt+1","Carnage+1"],"picked":"Twin Strike+1","floor":35},{"not_picked":["Battle Trance+1","Dark Embrace+1","Blood for Blood+1","Combust"],"picked":"SKIP","floor":39},{"not_picked":["Perfected Strike+1","Flex","Iron Wave"],"picked":"Demon Form","floor":40},{"not_picked":["Pummel+1","Armaments+1","Perfected Strike"],"picked":"Sentinel+1","floor":42},{"not_picked":["Exhume","Heavy Blade+1","Armaments"],"picked":"Sword Boomerang+1","floor":48}],"player_experience":76685,"relics_obtained":[{"floor":7,"key":"HornCleat"},{"floor":9,"key":"Vajra"},{"floor":11,"key":"Ancient Tea Set"},{"floor":14,"key":"Boot"},{"floor":24,"key":"Toy Ornithopter"},{"floor":26,"key":"Question Card"},{"floor":40,"key":"Whetstone"},{"floor":42,"key":"Darkstone Periapt"},{"floor":43,"key":"Gremlin Horn"},{"floor":43,"key":"Lantern"},{"floor":48,"key":"Regal Pillow"}],"event_choices":[{"damage_healed":0,"gold_gain":0,"player_choice":"Entered Light","damage_taken":16,"max_hp_gain":0,"max_hp_loss":0,"event_name":"Shining Light","floor":3,"gold_loss":0,"cards_upgraded":["Sword Boomerang","Defend_R"]},{"damage_healed":0,"gold_gain":0,"player_choice":"Ignored","damage_taken":0,"max_hp_gain":0,"max_hp_loss":0,"event_name":"Liars Game","floor":4,"gold_loss":0},{"damage_healed":0,"gold_gain":0,"player_choice":"Joined the Cult","damage_taken":6,"max_hp_gain":0,"max_hp_loss":0,"event_name":"Nest","floor":20,"gold_loss":0,"cards_obtained":["RitualDagger"]},{"damage_healed":0,"gold_gain":0,"player_choice":"Ignored","damage_taken":0,"max_hp_gain":0,"max_hp_loss":0,"event_name":"Ghosts","floor":22,"gold_loss":0},{"damage_healed":0,"gold_gain":0,"player_choice":"Obtained Relic","damage_taken":0,"relics_obtained":["Matryoshka"],"max_hp_gain":0,"max_hp_loss":0,"event_name":"Addict","floor":25,"gold_loss":85},{"damage_healed":0,"gold_gain":0,"player_choice":"Paid","damage_taken":0,"relics_obtained":["Red Mask"],"max_hp_gain":0,"max_hp_loss":0,"event_name":"Tomb of Lord Red Mask","floor":37,"gold_loss":178},{"damage_healed":0,"gold_gain":300,"player_choice":"Gold","damage_taken":0,"max_hp_gain":0,"max_hp_loss":0,"event_name":"Wheel of Change","floor":38,"gold_loss":0},{"damage_healed":0,"gold_gain":0,"player_choice":"Ignored","damage_taken":0,"max_hp_gain":0,"max_hp_loss":0,"event_name":"The Moai Head","floor":45,"gold_loss":0}],"is_beta":false,"boss_relics":[{"not_picked":["Coffee Dripper","Empty Cage"],"picked":"Mark of Pain"},{"not_picked":["Sozu","SacredBark"],"picked":"SlaversCollar"}],"items_purged_floors":[27,36,41,46],"is_endless":false,"potions_floor_spawned":[1,7,12,16,18,19,28,29,33,39,48],"ascension_level":1}}