{"host":"gsmj583br51y3r1c","time":1609830971,"event":{"mods":["AchievementEnabler","BaseMod","Better Note","Colored Map","Dio Mod","Downfall","Hermit","Highlight Path","Hubris","Infinite Spire","Marisa????????","Minty Spire (QoL Compilation)","Permanent Neow","Quick Restart","StSLib","The Bug Knight","The Cursed","The Disciple","The Elementalist","The Marked","The Mystic","The Runesmith","The Servant 0.9.4","Unceasing Turn Reminder","everything is the same but u backflip on backflip"],"gold_per_floor":[111,145,170,181,200,233,253,253,278,278,278],"floor_reached":10,"playtime":1039,"items_purged":[],"score":72,"play_id":"344490cc-f049-49ab-82c4-52211d9b489b","local_time":"20210105091611","is_ascension_mode":false,"campfire_choices":[],"circlet_count":0,"master_deck":["hermit:Strike_Hermit","hermit:Strike_Hermit","hermit:Strike_Hermit","hermit:Defend_Hermit","hermit:Defend_Hermit","hermit:Defend_Hermit","hermit:Snapshot","hermit:Covet","hubris:Sloth","hermit:DeadOrAlive","hermit:Reprieve","hermit:TrackingShot","hermit:Shortfuse","hermit:FromBeyond","hermit:Horror","hermit:Misfire","hermit:GoldenBullet"],"relics":["hermit:Momento","Matryoshka","hubris:Towel","MealTicket","Strawberry"],"acts_visited":["Exordium"],"potions_floor_usage":[3,4,6],"damage_taken":[{"damage":1,"enemies":"Cultist","floor":1,"turns":3},{"damage":1,"enemies":"Small Slimes","floor":2,"turns":3},{"damage":6,"enemies":"2 Louse","floor":3,"turns":3},{"damage":6,"enemies":"Blue Slaver","floor":4,"turns":5},{"damage":1,"enemies":"Exordium Wildlife","floor":5,"turns":3},{"damage":40,"enemies":"Lagavulin","floor":6,"turns":6},{"damage":5,"enemies":"Looter","floor":7,"turns":3},{"damage":36,"enemies":"Gremlin Nob","floor":10,"turns":4}],"seed_played":"3760283830293087938","potions_obtained":[{"floor":2,"key":"Fire Potion"},{"floor":3,"key":"SkillPotion"},{"floor":5,"key":"Fire Potion"}],"is_trial":false,"path_per_floor":["M","M","M","M","M","E","M","?","T","E"],"character_chosen":"HERMIT","items_purchased":[],"campfire_rested":0,"item_purchase_floors":[],"current_hp_per_floor":[74,73,67,61,60,24,23,23,30,0,0],"gold":278,"neow_bonus":"TRANSFORM_TWO_CARDS","is_daily":false,"chose_seed":false,"campfire_upgraded":0,"win_rate":0.0,"timestamp":1609830971,"path_taken":["M","M","M","M","M","E","?","?","T","E"],"items_purchased_type":[],"build_version":"2020-12-22","purchased_purges":0,"victory":false,"max_hp_per_floor":[75,75,75,75,75,75,75,75,82,82,82],"card_choices":[{"not_picked":["hermit:Coalescence","hermit:LowProfile"],"picked":"hermit:TrackingShot","floor":1},{"not_picked":["hermit:Roulette","hermit:Coalescence"],"picked":"hermit:Shortfuse","floor":2},{"not_picked":["hermit:Coalescence","hermit:Roulette"],"picked":"hermit:FromBeyond","floor":3},{"not_picked":["hermit:FullyLoaded","hermit:ItchyTrigger"],"picked":"hermit:Horror","floor":4},{"not_picked":["hermit:Feint","hermit:Desperado"],"picked":"hermit:Misfire","floor":5},{"not_picked":["hermit:Headshot","hermit:BlackWind"],"picked":"hermit:GoldenBullet","floor":6},{"not_picked":["hermit:SprayPray","hermit:CalledShot","hermit:ItchyTrigger"],"picked":"SKIP","floor":7}],"player_experience":332899,"relics_obtained":[{"floor":6,"key":"Matryoshka"},{"floor":9,"key":"MealTicket"},{"floor":9,"key":"Strawberry"}],"event_choices":[],"is_beta":false,"boss_relics":[],"items_purged_floors":[],"is_endless":false,"potions_floor_spawned":[2,3,5],"killed_by":"Gremlin Nob","ascension_level":0}}