{"host":"37dk0reb6x0du8wx","time":1609826884,"event":{"mods":["BaseMod","Colored Map","DeckTracker","Minty Spire (QoL Compilation)","Quick Restart","StSLib"],"gold_per_floor":[114,130,80,97,172,172,202,229,254,254,264,65,15,26,26,26,26],"floor_reached":16,"playtime":403,"items_purged":["Strike_B","Strike_B","Strike_B"],"score":115,"play_id":"473cdb01-20e8-4f2f-a6c4-3d7f58d6193e","local_time":"20210105150804","is_ascension_mode":true,"campfire_choices":[{"data":"Zap","floor":6,"key":"SMITH"},{"floor":10,"key":"REST"},{"floor":15,"key":"REST"}],"circlet_count":0,"master_deck":["Strike_B","Defend_B","Defend_B","Defend_B","Defend_B","Zap+1","Dualcast","Leap","Conserve Battery","Leap","Redo","Ball Lightning"],"relics":["Cracked Core","Smiling Mask","Toy Ornithopter","Odd Mushroom","Regal Pillow","Juzu Bracelet"],"acts_visited":["Exordium"],"potions_floor_usage":[7],"damage_taken":[{"damage":6,"enemies":"Cultist","floor":1,"turns":4},{"damage":1,"enemies":"2 Louse","floor":2,"turns":2},{"damage":0,"enemies":"Jaw Worm","floor":4,"turns":3},{"damage":16,"enemies":"3 Sentries","floor":7,"turns":7},{"damage":37,"enemies":"The Mushroom Lair","floor":8,"turns":6},{"damage":11,"enemies":"Large Slime","floor":11,"turns":7},{"damage":6,"enemies":"3 Louse","floor":14,"turns":4},{"damage":8,"enemies":"The Guardian","floor":16,"turns":4}],"seed_played":"6483718928016860348","potions_obtained":[{"floor":1,"key":"CultistPotion"},{"floor":2,"key":"Explosive Potion"},{"floor":7,"key":"AttackPotion"},{"floor":8,"key":"Block Potion"}],"is_trial":false,"path_per_floor":["M","M","$","M","?","R","E","?","T","R","M","$","$","M","R","B"],"character_chosen":"DEFECT","items_purchased":["Juzu Bracelet"],"campfire_rested":2,"item_purchase_floors":[12],"current_hp_per_floor":[69,68,68,68,57,57,41,4,4,41,30,30,30,24,61,53,53],"gold":26,"neow_bonus":"RANDOM_COMMON_RELIC","is_daily":false,"chose_seed":false,"campfire_upgraded":1,"win_rate":0.0,"timestamp":1609826884,"path_taken":["M","M","$","M","?","R","E","?","T","R","M","?","$","M","R","BOSS"],"items_purchased_type":["Relic"],"build_version":"2020-12-22","purchased_purges":3,"victory":false,"max_hp_per_floor":[75,75,75,75,75,75,75,75,75,75,75,75,75,75,75,75,75],"card_choices":[{"not_picked":["Hello World","Coolheaded","Chaos"],"picked":"SKIP","floor":1},{"not_picked":["Steam Power","Streamline"],"picked":"Leap","floor":2},{"not_picked":["Gash","Rip and Tear","Skim"],"picked":"SKIP","floor":4},{"not_picked":["Chill","Fusion"],"picked":"Conserve Battery","floor":7},{"not_picked":["White Noise","Gash"],"picked":"Leap","floor":8},{"not_picked":["Self Repair","Turbo"],"picked":"Redo","floor":11},{"not_picked":["Conserve Battery","Turbo"],"picked":"Ball Lightning","floor":14}],"player_experience":148016,"relics_obtained":[{"floor":7,"key":"Toy Ornithopter"},{"floor":8,"key":"Odd Mushroom"},{"floor":9,"key":"Regal Pillow"}],"event_choices":[{"damage_healed":0,"gold_gain":75,"player_choice":"Gather Gold","damage_taken":11,"max_hp_gain":0,"max_hp_loss":0,"event_name":"World of Goop","floor":5,"gold_loss":0},{"damage_healed":0,"gold_gain":0,"player_choice":"Fought Mushrooms","damage_taken":0,"max_hp_gain":0,"max_hp_loss":0,"event_name":"Mushrooms","floor":8,"gold_loss":0}],"is_beta":false,"boss_relics":[],"items_purged_floors":[3,12,13],"is_endless":false,"potions_floor_spawned":[1,2,7,8],"killed_by":"The Guardian","ascension_level":3}}