{"host":"msa0wxqjs3jv1k3j","time":1609854927,"event":{"mods":["BaseMod","BetterRewards","Colored Map","Highlight Path","KOR Keyword Fix","Keyboard Shortcuts","Minty Spire (QoL Compilation)","Quick Restart","SuperFastMode","everything is the same but u backflip on backflip"],"gold_per_floor":[114,62,62,62,62,94,94,119,119,119,119,119,119,119,119,245,245,265,286,286,307,307,406,406,406,486,486,506,506,524,524,524,524,524],"floor_reached":33,"playtime":1279,"items_purged":[],"score":247,"play_id":"ca3ffb21-098a-4075-9bf2-dda7cd93df38","local_time":"20210105225527","is_ascension_mode":false,"campfire_choices":[{"floor":7.0,"key":"REST"},{"floor":12.0,"key":"REST"},{"floor":15.0,"key":"REST"},{"floor":24.0,"key":"REST"},{"floor":27.0,"key":"REST"},{"floor":29.0,"key":"REST"},{"floor":32.0,"key":"REST"}],"circlet_count":0,"master_deck":["Strike_G","Strike_G","Defend_G","Defend_G","Defend_G+1","Survivor","Neutralize","Dodge and Roll","Deadly Poison+1","Slice","Poisoned Stab","After Image","Poisoned Stab","Noxious Fumes","Envenom","Deadly Poison","Slice","Noxious Fumes","Flying Knee","Infinite Blades","Deadly Poison","Poisoned Stab","Defend_R","Blade Dance","Predator","Quick Slash+1","Deflect+1"],"relics":["Ring of the Snake","Juzu Bracelet","Dream Catcher","War Paint","Prayer Wheel","Sozu","Paper Crane","Nloth\u0027s Gift"],"acts_visited":["Exordium","TheCity"],"potions_floor_usage":[],"damage_taken":[{"damage":5.0,"enemies":"Cultist","floor":1.0,"turns":4.0},{"damage":40.0,"enemies":"3 Sentries","floor":6.0,"turns":11.0},{"damage":24.0,"enemies":"Lagavulin","floor":8.0,"turns":6.0},{"damage":24.0,"enemies":"The Guardian","floor":16.0,"turns":8.0},{"damage":26.0,"enemies":"3 Byrds","floor":18.0,"turns":5.0},{"damage":15.0,"enemies":"Spheric Guardian","floor":19.0,"turns":5.0},{"damage":28.0,"enemies":"Snake Plant","floor":21.0,"turns":4.0},{"damage":22.0,"enemies":"Cultist and Chosen","floor":28.0,"turns":5.0},{"damage":15.0,"enemies":"Snecko","floor":30.0,"turns":5.0},{"damage":81,"enemies":"Automaton","floor":33,"turns":6}],"seed_played":"227844991248981700","potions_obtained":[{"floor":8.0,"key":"Explosive Potion"},{"floor":16.0,"key":"DuplicationPotion"}],"is_trial":false,"path_per_floor":["M","$","$","?","$","E","R","E","T","?","?","R","?","?","R","B",null,"M","M","?","M","?","?","R","?","T","R","M","R","M","?","R","B"],"character_chosen":"THE_SILENT","items_purchased":["Deadly Poison"],"campfire_rested":7,"item_purchase_floors":[2],"current_hp_per_floor":[72,72,72,60,60,20,43,19,19,19,12,35,35,35,56,32,71,45,30,30,2,2,2,23,23,23,44,22,43,28,28,49,0,0],"gold":524,"neow_bonus":"TEN_PERCENT_HP_BONUS","is_daily":false,"chose_seed":false,"campfire_upgraded":0,"win_rate":0.0,"timestamp":1609854927,"path_taken":["M","?","$","?","?","E","R","E","T","?","?","R","?","?","R","BOSS","M","M","?","M","?","?","R","?","T","R","M","R","M","?","R","BOSS"],"items_purchased_type":["Card"],"build_version":"2020-12-22","purchased_purges":0,"victory":false,"max_hp_per_floor":[77,77,77,77,77,77,77,77,77,77,77,77,77,71,71,71,71,71,71,71,71,71,71,71,71,71,71,71,71,71,71,71,71,71],"card_choices":[{"not_picked":["Finisher","Dagger Spray"],"picked":"Dodge and Roll","floor":1.0},{"not_picked":["Heel Hook","Acrobatics"],"picked":"Slice","floor":6.0},{"not_picked":["Backflip","Dagger Throw"],"picked":"Poisoned Stab","floor":7.0},{"not_picked":["PiercingWail","Sucker Punch"],"picked":"After Image","floor":8.0},{"not_picked":["Leg Sweep","Dodge and Roll"],"picked":"Poisoned Stab","floor":12.0},{"not_picked":["Blade Dance","Poisoned Stab"],"picked":"Noxious Fumes","floor":15.0},{"not_picked":["Die Die Die","Venomology"],"picked":"Envenom","floor":16.0},{"not_picked":["Quick Slash","Dagger Spray"],"picked":"Deadly Poison","floor":18.0},{"not_picked":["Distraction","Dagger Throw+1"],"picked":"Slice","floor":18.0},{"not_picked":["Quick Slash+1","Caltrops"],"picked":"Noxious Fumes","floor":19.0},{"not_picked":["Leg Sweep+1","Quick Slash+1"],"picked":"Flying Knee","floor":19.0},{"not_picked":["Prepared","Endless Agony"],"picked":"Infinite Blades","floor":21.0},{"not_picked":["Flying Knee","Blade Dance+1"],"picked":"Deadly Poison","floor":21.0},{"not_picked":["Predator","Night Terror"],"picked":"Poisoned Stab","floor":24.0},{"not_picked":["Deflect","Poisoned Stab"],"picked":"Blade Dance","floor":27.0},{"not_picked":["Backstab+1","Terror"],"picked":"Predator","floor":28.0},{"not_picked":["Acrobatics","Deflect","Underhanded Strike"],"picked":"SKIP","floor":28.0},{"not_picked":["Predator+1","Distraction"],"picked":"Quick Slash+1","floor":29.0},{"not_picked":["Blade Dance","Dagger Throw"],"picked":"Deflect+1","floor":30.0},{"not_picked":["Blade Dance","Footwork+1","Tactician+1"],"picked":"SKIP","floor":30.0}],"player_experience":25447,"relics_obtained":[{"floor":6.0,"key":"Dream Catcher"},{"floor":8.0,"key":"War Paint"},{"floor":9.0,"key":"Prayer Wheel"},{"floor":26.0,"key":"Paper Crane"}],"event_choices":[{"damage_healed":0.0,"max_hp_gain":0.0,"max_hp_loss":0.0,"gold_gain":0.0,"event_name":"Scrap Ooze","player_choice":"Success","floor":4.0,"gold_loss":0.0,"damage_taken":12.0,"relics_obtained":["Juzu Bracelet"]},{"cards_removed":["Strike_G"],"damage_healed":0.0,"max_hp_gain":0.0,"max_hp_loss":0.0,"gold_gain":0.0,"event_name":"Living Wall","player_choice":"Forget","floor":10.0,"gold_loss":0.0,"damage_taken":0.0},{"cards_removed":["Strike_G"],"damage_healed":0.0,"max_hp_gain":0.0,"max_hp_loss":0.0,"gold_gain":0.0,"event_name":"Golden Wing","player_choice":"Card Removal","floor":11.0,"gold_loss":0.0,"damage_taken":7.0},{"cards_removed":["Defend_G"],"damage_healed":0.0,"max_hp_gain":0.0,"max_hp_loss":0.0,"gold_gain":0.0,"event_name":"Purifier","player_choice":"Purged","floor":13.0,"gold_loss":0.0,"damage_taken":0.0},{"damage_healed":0.0,"max_hp_gain":0.0,"max_hp_loss":6.0,"gold_gain":0.0,"event_name":"Golden Idol","player_choice":"Lose Max HP","floor":14.0,"gold_loss":0.0,"damage_taken":0.0,"relics_obtained":["Golden Idol"]},{"damage_healed":0.0,"max_hp_gain":0.0,"max_hp_loss":0.0,"gold_gain":0.0,"event_name":"Vampires","player_choice":"Ignored","floor":20.0,"gold_loss":0.0,"damage_taken":0.0},{"cards_removed":["Strike_G"],"damage_healed":0.0,"max_hp_gain":0.0,"max_hp_loss":0.0,"gold_gain":0.0,"event_name":"Back to Basics","player_choice":"Elegance","floor":22.0,"gold_loss":0.0,"damage_taken":0.0},{"damage_healed":0.0,"max_hp_gain":0.0,"max_hp_loss":0.0,"gold_gain":99.0,"event_name":"Nest","player_choice":"Stole From Cult","floor":23.0,"gold_loss":0.0,"damage_taken":0.0},{"cards_removed":["Defend_G"],"damage_healed":0.0,"max_hp_gain":0.0,"max_hp_loss":0.0,"gold_gain":0.0,"event_name":"NoteForYourself","player_choice":"Took Card","floor":25.0,"gold_loss":0.0,"damage_taken":0.0,"cards_obtained":["Defend_R"]},{"damage_healed":0.0,"max_hp_gain":0.0,"max_hp_loss":0.0,"gold_gain":0.0,"event_name":"N\u0027loth","player_choice":"Traded Relic","floor":31.0,"relics_lost":["Golden Idol"],"gold_loss":0.0,"damage_taken":0.0,"relics_obtained":["Nloth\u0027s Gift"]}],"is_beta":false,"boss_relics":[{"not_picked":["Ectoplasm","HoveringKite"],"picked":"Sozu"}],"items_purged_floors":[],"is_endless":false,"potions_floor_spawned":[8,16,18,30],"killed_by":"Automaton","ascension_level":0}}