{"host":"h2zaclyrd1q1i31f","time":1609876537,"event":{"mods":["BaseMod","Colored Map","Downfall","Hermit","Minty Spire (QoL Compilation)","Permanent Neow","StSLib","SuperFastMode","The Hierophant","The Mystic","The Servant 0.9.4"],"gold_per_floor":[99,113,113,113,132,152,152,62,78,95,95,95,95,113,127,230,230,230,242,262,275,74,109,159,159,176,276,291,216,248,240,259,363,363,363,373,481,501,519,537,564,564,564,564,564,564],"floor_reached":44,"playtime":4469,"items_purged":["Regret"],"score":469,"play_id":"c271c6ff-a7cc-416b-a74a-3e1e2950749d","local_time":"20210105135537","is_ascension_mode":false,"campfire_choices":[{"data":"hexamod:Sear","floor":1,"key":"SMITH"},{"data":"hexamod:ShieldOfDarkness","floor":11,"key":"SMITH"},{"data":"hexamod:ThermalTransfer","floor":18,"key":"SMITH"},{"floor":29,"key":"REST"},{"data":"hexamod:SearingWound","floor":35,"key":"SMITH"},{"floor":43,"key":"RECALL"}],"circlet_count":0,"master_deck":["hexamod:Strike+1","hexamod:Strike+1","hexamod:Strike+1","hexamod:Defend+1","hexamod:Defend+1","hexamod:Defend","hexamod:Sear+1","hexamod:Float+1","hexamod:SpectersWail+1","hexamod:ThermalTransfer+1","hexamod:HeatCrush+1","hexamod:FourthSeal","hexamod:FirstSeal","hexamod:ShieldOfDarkness+1","hexamod:ThirdSeal","hexamod:SixthSeal","hexamod:WildfireWeapon","hexamod:BurningTouch+1","hexamod:BurningTouch+1","hexamod:SoulSteal+1","hexamod:SpectralAdrenaline","hexamod:Firestarter+1","hexamod:ExtraCrispy","hexamod:SearingWound+1","hexamod:HeatMetal+1","hexamod:Hexaguard+1","hexamod:SecondSeal","hexamod:VolcanoVisage","hexamod:RecurringNightmare+1","hexamod:GhostOfSpirePast","hexamod:RetreatToShadows+1"],"relics":["hexamod:SpiritBrand","Blood Vial","Gambling Chip","SlaversCollar","ClockworkSouvenir","Ice Cream","Unceasing Top","Shuriken","downfall:HeartBlessingBlue","Gremlin Horn","SacredBark","Potion Belt","Pen Nib","MealTicket"],"acts_visited":["Exordium","TheCity","TheBeyond"],"potions_floor_usage":[11,19,20,23,23,23,27,27,33,36,39,40,40,44,44,44,44],"damage_taken":[{"damage":0,"enemies":"Cultist","floor":2,"turns":3},{"damage":0,"enemies":"Small Slimes","floor":5,"turns":2},{"damage":2,"enemies":"2 Louse","floor":6,"turns":2},{"damage":4,"enemies":"downfall:FleeingMerchant","floor":8,"turns":4},{"damage":0,"enemies":"Lots of Slimes","floor":9,"turns":2},{"damage":3,"enemies":"Gremlin Gang","floor":10,"turns":3},{"damage":1,"enemies":"Exordium Thugs","floor":14,"turns":4},{"damage":0,"enemies":"3 Louse","floor":15,"turns":2},{"damage":25,"enemies":"downfall:Watcher","floor":16,"turns":10},{"damage":18,"enemies":"Shell Parasite","floor":19,"turns":6},{"damage":20,"enemies":"3 Byrds","floor":20,"turns":6},{"damage":4,"enemies":"3 Cultists","floor":21,"turns":3},{"damage":1,"enemies":"downfall:FleeingMerchant","floor":22,"turns":4},{"damage":37,"enemies":"Slavers","floor":23,"turns":5},{"damage":6,"enemies":"Centurion and Healer","floor":26,"turns":4},{"damage":17,"enemies":"downfall:Silent","floor":27,"turns":3},{"damage":1,"enemies":"Snake Plant","floor":28,"turns":4},{"damage":6,"enemies":"Gremlin Leader","floor":30,"turns":3},{"damage":18,"enemies":"Shelled Parasite and Fungi","floor":32,"turns":4},{"damage":17,"enemies":"downfall:Defect","floor":33,"turns":7},{"damage":0,"enemies":"3 Shapes","floor":36,"turns":3},{"damage":4,"enemies":"downfall:LadyInBlue","floor":37,"turns":5},{"damage":14,"enemies":"3 Darklings","floor":38,"turns":3},{"damage":21,"enemies":"Jaw Worm Horde","floor":39,"turns":3},{"damage":12,"enemies":"Transient","floor":40,"turns":5},{"damage":64,"enemies":"Reptomancer","floor":44,"turns":5}],"seed_played":"-8391141085370745073","potions_obtained":[{"floor":9,"key":"DistilledChaos"},{"floor":9,"key":"Energy Potion"},{"floor":10,"key":"Fruit Juice"},{"floor":15,"key":"PowerPotion"},{"floor":16,"key":"Fire Potion"},{"floor":19,"key":"Weak Potion"},{"floor":20,"key":"SteroidPotion"},{"floor":21,"key":"FearPotion"},{"floor":21,"key":"BlessingOfTheForge"},{"floor":23,"key":"Swift Potion"},{"floor":26,"key":"Swift Potion"},{"floor":27,"key":"hexamod:InfernoChargePotion"},{"floor":32,"key":"hexamod:EctoCoolerPotion"},{"floor":33,"key":"Fire Potion"},{"floor":33,"key":"Dexterity Potion"},{"floor":36,"key":"LiquidMemories"},{"floor":37,"key":"Fire Potion"},{"floor":37,"key":"SkillPotion"},{"floor":37,"key":"hexamod:DoubleChargePotion"},{"floor":40,"key":"Strength Potion"},{"floor":40,"key":"Weak Potion"}],"is_trial":false,"path_per_floor":["R","M","?","?","M","M","T","$","M","M","R","?","?","M","M","B",null,"R","M","M","M","$","E","T","?","M","?","M","R","E","?","M","B",null,"R","M","?","M","M","M","T","T","R","E"],"character_chosen":"THE_SPIRIT","items_purchased":["hexamod:ExtraCrispy","ClockworkSouvenir"],"campfire_rested":1,"item_purchase_floors":[22,22],"current_hp_per_floor":[70,70,70,67,69,68,68,66,68,67,72,72,72,73,75,50,75,75,64,53,58,59,31,31,31,34,26,34,69,65,65,56,48,85,85,85,81,76,64,61,61,61,61,0,0,0],"gold":564,"neow_bonus":"UPGRADE_CARD","is_daily":false,"chose_seed":false,"campfire_upgraded":4,"win_rate":0.0,"timestamp":1609876537,"path_taken":["R","M","?","?","M","M","T","$","M","M","R","?","?","?","M","BOSS","R","M","M","?","$","E","T","?","M","?","M","R","E","?","M","BOSS","R","M","?","?","M","M","T","?","R","E"],"items_purchased_type":["Card","Relic"],"build_version":"2020-12-22","purchased_purges":1,"victory":false,"max_hp_per_floor":[70,70,70,70,70,70,70,70,70,70,75,75,75,75,75,75,75,75,75,75,75,75,75,75,75,75,75,75,85,85,85,85,85,85,85,85,85,85,85,85,85,85,85,85,85,85],"card_choices":[{"not_picked":["hexamod:GhostShield","hexamod:Hexaguard"],"picked":"hexamod:SpectersWail","floor":2},{"not_picked":["hexamod:GhostOfSpirePresent","hexamod:NightmareGuise"],"picked":"hexamod:ThermalTransfer","floor":5},{"not_picked":["hexamod:GhostShield","hexamod:AdvancingGuard"],"picked":"hexamod:HeatCrush","floor":6},{"not_picked":["hexamod:RecurringNightmare","hexamod:HeatCrush"],"picked":"hexamod:FourthSeal","floor":8},{"not_picked":["hexamod:SoulSteal","hexamod:InspiringFlames"],"picked":"hexamod:FirstSeal","floor":9},{"not_picked":["hexamod:RainOfEmbers","hexamod:PhantomFireball"],"picked":"hexamod:ShieldOfDarkness","floor":10},{"not_picked":["hexamod:NecessarySacrifice","hexamod:SpectersWail"],"picked":"hexamod:ThirdSeal","floor":14},{"not_picked":["hexamod:SwordOfDarkness","hexamod:BacktrackSmack","hexamod:ThermalTransfer"],"picked":"SKIP","floor":15},{"not_picked":["hexamod:SpectersWail","hexamod:RainOfEmbers","hexamod:SpectralAdrenaline"],"picked":"SKIP","floor":15},{"not_picked":["hexamod:VolcanoVisage","hexamod:WildfireWeapon"],"picked":"hexamod:SixthSeal","floor":16},{"not_picked":["hexamod:TimeWarp","hexamod:UnleashSpirits"],"picked":"hexamod:WildfireWeapon","floor":16},{"not_picked":["hexamod:GhostShield","hexamod:ExtraCrispy+1"],"picked":"hexamod:BurningTouch+1","floor":19},{"not_picked":["hexamod:NightmareStrike","hexamod:Again"],"picked":"hexamod:BurningTouch+1","floor":19},{"not_picked":["hexamod:CatchUp","hexamod:GhostLash"],"picked":"hexamod:SoulSteal","floor":20},{"not_picked":["hexamod:NightmareStrike+1","hexamod:Haunt","hexamod:BacktrackSmack"],"picked":"SKIP","floor":20},{"not_picked":["hexamod:ThermalTransfer+1","hexamod:GhostShield+1"],"picked":"hexamod:SpectralAdrenaline","floor":21},{"not_picked":["hexamod:NightmareGuise","hexamod:Hexaguard","hexamod:NightmareStrike"],"picked":"SKIP","floor":21},{"not_picked":["hexamod:HeatMetal+1","hexamod:SpectersWail"],"picked":"hexamod:Firestarter+1","floor":22},{"not_picked":["hexamod:SoulSteal","hexamod:ExtraCrispy"],"picked":"hexamod:SearingWound","floor":23},{"not_picked":["hexamod:Firestarter+1","hexamod:BurningTouch","hexamod:Haunt"],"picked":"SKIP","floor":23},{"not_picked":["hexamod:AdvancingGuard","hexamod:ThermalTransfer"],"picked":"hexamod:HeatMetal","floor":26},{"not_picked":["hexamod:SpectersWail+1","hexamod:BacktrackSmack"],"picked":"hexamod:Hexaguard+1","floor":27},{"not_picked":["hexamod:Incineration+1","hexamod:ShieldOfDarkness+1","hexamod:Firestarter"],"picked":"SKIP","floor":28},{"not_picked":["hexamod:TurnItUp","hexamod:GhostLash+1","hexamod:Hexaguard"],"picked":"SKIP","floor":30},{"not_picked":["hexamod:RainOfEmbers","hexamod:SpectersWail","hexamod:EtherealExpedition"],"picked":"SKIP","floor":32},{"not_picked":["hexamod:TimeWarp","hexamod:GhostflameInferno"],"picked":"hexamod:VolcanoVisage","floor":33},{"not_picked":["hexamod:BacktrackSmack","hexamod:SwordOfDarkness"],"picked":"hexamod:RecurringNightmare+1","floor":36},{"not_picked":["hexamod:ShieldOfDarkness","hexamod:FastForward","hexamod:InspiringFlames+1"],"picked":"SKIP","floor":36},{"not_picked":["hexamod:ShieldOfDarkness","hexamod:HauntingEcho+1"],"picked":"hexamod:GhostOfSpirePast","floor":37},{"not_picked":["hexamod:AdvancingGuard","hexamod:InspiringFlames+1","hexamod:NightmareStrike+1"],"picked":"SKIP","floor":38},{"not_picked":["hexamod:DynamicBlow","hexamod:SoulSteal"],"picked":"hexamod:RetreatToShadows+1","floor":39},{"not_picked":["hexamod:GhostOfSpirePast+1","hexamod:HeatMetal","hexamod:NightmareStrike"],"picked":"SKIP","floor":40},{"not_picked":["hexamod:EtherealExpedition","hexamod:RecurringNightmare+1","hexamod:FastForward"],"picked":"SKIP","floor":40}],"player_experience":123435,"relics_obtained":[{"floor":7,"key":"Gambling Chip"},{"floor":23,"key":"Ice Cream"},{"floor":27,"key":"Unceasing Top"},{"floor":27,"key":"Shuriken"},{"floor":30,"key":"Gremlin Horn"},{"floor":37,"key":"Potion Belt"},{"floor":41,"key":"Pen Nib"},{"floor":42,"key":"MealTicket"}],"event_choices":[{"damage_healed":0,"gold_gain":0,"player_choice":"Success","damage_taken":3,"relics_obtained":["Blood Vial"],"max_hp_gain":0,"max_hp_loss":0,"event_name":"Scrap Ooze","floor":4,"gold_loss":0},{"cards_removed":["hexamod:Defend"],"damage_healed":0,"gold_gain":0,"player_choice":"Card Removal","damage_taken":0,"max_hp_gain":0,"max_hp_loss":0,"event_name":"The Cleric","floor":12,"gold_loss":0},{"cards_removed":["hexamod:Strike"],"damage_healed":0,"gold_gain":0,"player_choice":"Card Removal","damage_taken":0,"max_hp_gain":0,"max_hp_loss":0,"event_name":"Wheel of Change","floor":13,"gold_loss":0}],"is_beta":false,"boss_relics":[{"not_picked":["Tiny House","downfall:Hecktoplasm"],"picked":"SlaversCollar"},{"not_picked":["Velvet Choker","Snecko Eye"],"picked":"SacredBark"}],"items_purged_floors":[8],"is_endless":false,"potions_floor_spawned":[9,10,15,21,23,27,32,33,36,38,40],"killed_by":"Reptomancer","ascension_level":0}}