{"host":"ur405gpummdrt5xj","time":1609890415,"event":{"mods":["BaseMod","Colored Map","Highlight Path","Minty Spire (QoL Compilation)","Quick Restart"],"gold_per_floor":[114,114,126,145,2,2,13,13,38,38,68,68,81,112,112,211,211,222,239,3,21,21,21,40,40,95,125,125,151,166,191,191,191,191],"floor_reached":33,"playtime":1813,"items_purged":["Strike_G","Strike_G"],"score":473,"play_id":"e228bc9a-2efb-41de-aefa-d94b0052e661","local_time":"20210105154655","is_ascension_mode":true,"campfire_choices":[{"data":"Footwork","floor":6,"key":"SMITH"},{"data":"Backstab","floor":8,"key":"SMITH"},{"data":"Defend_G","floor":10,"key":"SMITH"},{"data":"Envenom","floor":15,"key":"SMITH"},{"data":"Noxious Fumes","floor":23,"key":"SMITH"},{"data":"Noxious Fumes","floor":25,"key":"SMITH"},{"floor":28,"key":"REST"},{"floor":32,"key":"REST"}],"circlet_count":0,"master_deck":["AscendersBane","Strike_G","Strike_G","Strike_G","Defend_G","Defend_G","Defend_G","Defend_G","Defend_G+1","Survivor+1","Neutralize+1","Backstab+1","Footwork+1","Envenom+1","PiercingWail+1","Corpse Explosion+1","Noxious Fumes+1","Terror+1","Noxious Fumes+1","Writhe"],"relics":["Ring of the Snake","MealTicket","Blood Vial","Question Card","Toxic Egg 2","Cursed Key","Lantern","Snake Skull","Anchor","Dead Branch"],"acts_visited":["Exordium","TheCity"],"potions_floor_usage":[11,13,16,27,33],"damage_taken":[{"damage":6,"enemies":"2 Louse","floor":1,"turns":4},{"damage":0,"enemies":"Cultist","floor":3,"turns":4},{"damage":0,"enemies":"Small Slimes","floor":4,"turns":4},{"damage":0,"enemies":"Exordium Thugs","floor":7,"turns":7},{"damage":30,"enemies":"Gremlin Nob","floor":11,"turns":7},{"damage":6,"enemies":"Looter","floor":13,"turns":3},{"damage":2,"enemies":"Lagavulin","floor":14,"turns":10},{"damage":18,"enemies":"The Guardian","floor":16,"turns":20},{"damage":3,"enemies":"Shell Parasite","floor":18,"turns":7},{"damage":0,"enemies":"Chosen","floor":19,"turns":5},{"damage":12,"enemies":"Snecko","floor":21,"turns":5},{"damage":10,"enemies":"Sentry and Sphere","floor":24,"turns":5},{"damage":30,"enemies":"Book of Stabbing","floor":27,"turns":6},{"damage":10,"enemies":"Gremlin Leader","floor":29,"turns":6},{"damage":16,"enemies":"Snake Plant","floor":30,"turns":3},{"damage":18,"enemies":"Book of Stabbing","floor":31,"turns":7},{"damage":75,"enemies":"Champ","floor":33,"turns":12}],"seed_played":"-8153402236071033803","potions_obtained":[{"floor":3,"key":"Block Potion"},{"floor":4,"key":"Dexterity Potion"},{"floor":7,"key":"Energy Potion"},{"floor":11,"key":"SneckoOil"},{"floor":19,"key":"CultistPotion"},{"floor":24,"key":"FairyPotion"},{"floor":29,"key":"Dexterity Potion"}],"is_trial":false,"path_per_floor":["M","?","M","M","$","R","M","R","T","R","E","T","M","E","R","B",null,"M","M","$","M","?","R","M","R","T","E","R","E","M","E","R","B"],"character_chosen":"THE_SILENT","items_purchased":["Footwork","Noxious Fumes","Terror+1"],"campfire_rested":2,"item_purchase_floors":[5,20,20],"current_hp_per_floor":[57,57,57,57,57,57,57,57,57,57,27,27,23,23,23,7,54,53,55,70,58,58,58,50,50,50,22,43,35,21,5,26,0,0],"gold":191,"neow_bonus":"UPGRADE_CARD","is_daily":false,"chose_seed":false,"campfire_upgraded":6,"win_rate":0.0,"timestamp":1609890415,"path_taken":["M","?","?","M","$","R","M","R","T","R","E","?","M","E","R","BOSS","M","M","$","M","?","R","M","R","T","E","R","E","?","E","R","BOSS"],"items_purchased_type":["Card","Card","Card"],"build_version":"2020-12-22","purchased_purges":2,"victory":false,"max_hp_per_floor":[70,70,70,70,70,70,70,70,70,70,70,70,70,70,70,70,70,70,70,70,70,70,70,70,70,70,70,70,70,70,70,70,70,70],"card_choices":[{"not_picked":["Prepared","Dodge and Roll"],"picked":"Backstab","floor":1},{"not_picked":["Flying Knee","Bane","Dodge and Roll"],"picked":"SKIP","floor":3},{"not_picked":["Calculated Gamble","Prepared","Tactician"],"picked":"SKIP","floor":4},{"not_picked":["Flying Knee","Quick Slash","Slice"],"picked":"SKIP","floor":7},{"not_picked":["Catalyst","Reflex","Heel Hook"],"picked":"SKIP","floor":11},{"not_picked":["Distraction","Prepared","Bane"],"picked":"Envenom","floor":13},{"not_picked":["Cloak And Dagger+1","Outmaneuver+1","Die Die Die"],"picked":"PiercingWail+1","floor":14},{"not_picked":["Unload","Wraith Form v2","Venomology+1"],"picked":"Corpse Explosion+1","floor":16},{"not_picked":["Blade Dance+1","Bouncing Flask+1","Dagger Throw+1","Outmaneuver+1"],"picked":"SKIP","floor":18},{"not_picked":["Tactician+1","Bane+1","Eviscerate+1","Outmaneuver+1"],"picked":"SKIP","floor":19},{"not_picked":["Prepared+1","Dagger Spray","Concentrate+1","Quick Slash"],"picked":"SKIP","floor":21},{"not_picked":["Slice","Quick Slash","Escape Plan+1","Poisoned Stab+1"],"picked":"SKIP","floor":24},{"not_picked":["Expertise+1","Dagger Throw","Outmaneuver+1","Deadly Poison+1"],"picked":"SKIP","floor":27},{"not_picked":["Expertise+1","Dagger Throw","Outmaneuver+1","Deadly Poison+1"],"picked":"SKIP","floor":27},{"not_picked":["PiercingWail+1","Choke","Distraction+1","Quick Slash"],"picked":"SKIP","floor":29},{"not_picked":["Riddle With Holes","Prepared+1","A Thousand Cuts","Acrobatics+1"],"picked":"SKIP","floor":30},{"not_picked":["Setup+1","Bane","Deflect+1","Skewer+1"],"picked":"SKIP","floor":31}],"player_experience":514039,"relics_obtained":[{"floor":9,"key":"MealTicket"},{"floor":11,"key":"Blood Vial"},{"floor":12,"key":"Question Card"},{"floor":14,"key":"Toxic Egg 2"},{"floor":26,"key":"Lantern"},{"floor":27,"key":"Snake Skull"},{"floor":29,"key":"Anchor"},{"floor":31,"key":"Dead Branch"}],"event_choices":[{"damage_healed":0,"gold_gain":0,"player_choice":"Forge","damage_taken":0,"max_hp_gain":0,"max_hp_loss":0,"event_name":"Accursed Blacksmith","floor":2,"gold_loss":0,"cards_upgraded":["Survivor"]},{"damage_healed":0,"gold_gain":0,"player_choice":"Copied","damage_taken":0,"max_hp_gain":0,"max_hp_loss":0,"event_name":"Duplicator","floor":22,"gold_loss":0,"cards_obtained":["Noxious Fumes"]}],"is_beta":false,"boss_relics":[{"not_picked":["Philosopher\u0027s Stone","SlaversCollar"],"picked":"Cursed Key"}],"items_purged_floors":[5,20],"is_endless":false,"potions_floor_spawned":[3,4,7,11,19,24,29],"killed_by":"Champ","ascension_level":10}}