{"host":"mydft8i2zzydgggw","time":1609866169,"event":{"mods":["AchievementEnabler","BaseMod","BetterRewards","Colored Map","Colored Powertips","DeckTracker","Keyboard Shortcuts","Minty Spire (QoL Compilation)","Quick Restart","Rare Cards Sparkle","StSLib","SuperFastMode","The Poker Player","everything is the same but u backflip on backflip"],"gold_per_floor":[113,113,132,132,143,143,143,143,170,182,202,215,246,257,257,360,360,388,400,425,437,437],"floor_reached":21,"playtime":467,"items_purged":[],"score":201,"play_id":"e3bc0d64-e2df-42bd-a046-f49f6d998670","local_time":"20210106020249","is_ascension_mode":true,"campfire_choices":[{"data":"Armaments","floor":6,"key":"SMITH"},{"data":"Anger","floor":8,"key":"SMITH"},{"floor":15,"key":"REST"}],"circlet_count":0,"master_deck":["Strike_R","Strike_R","Strike_R","Strike_R","Strike_R","Defend_R","Defend_R","Defend_R","Defend_R","Bash","Inflame+1","Anger+1","Armaments+1","Disarm","Bludgeon","Pommel Strike","Offering","CurseOfTheBell","Perfected Strike"],"relics":["Burning Blood","NeowsBlessing","Pen Nib","GremlinMask","Bag of Preparation","Oddly Smooth Stone","Calling Bell","MawBank","Meat on the Bone","Peace Pipe"],"acts_visited":["Exordium","TheCity"],"potions_floor_usage":[10,10,14,21],"damage_taken":[{"damage":0,"enemies":"Jaw Worm","floor":1,"turns":1},{"damage":0,"enemies":"Small Slimes","floor":3,"turns":1},{"damage":0,"enemies":"2 Louse","floor":5,"turns":1},{"damage":15,"enemies":"Gremlin Gang","floor":10,"turns":3},{"damage":11,"enemies":"2 Fungi Beasts","floor":11,"turns":3},{"damage":22,"enemies":"3 Louse","floor":12,"turns":4},{"damage":40,"enemies":"3 Sentries","floor":13,"turns":7},{"damage":0,"enemies":"Large Slime","floor":14,"turns":2},{"damage":18,"enemies":"Slime Boss","floor":16,"turns":6},{"damage":25,"enemies":"3 Byrds","floor":18,"turns":6},{"damage":17,"enemies":"Spheric Guardian","floor":20,"turns":3},{"damage":55,"enemies":"Cultist and Chosen","floor":21,"turns":4}],"seed_played":"-5387455293386589045","potions_obtained":[{"floor":1,"key":"AttackPotion"},{"floor":3,"key":"BloodPotion"},{"floor":14,"key":"Fruit Juice"},{"floor":16,"key":"ColorlessPotion"}],"is_trial":false,"path_per_floor":["M","?","M","?","M","R","?","R","T","M","M","M","E","M","R","B",null,"M","?","M","M"],"character_chosen":"IRONCLAD","items_purchased":[],"campfire_rested":1,"item_purchase_floors":[],"current_hp_per_floor":[80,80,80,55,61,61,61,61,61,68,63,47,13,24,49,37,85,66,50,51,0,0],"gold":437,"neow_bonus":"THREE_ENEMY_KILL","is_daily":false,"chose_seed":false,"campfire_upgraded":2,"win_rate":0.0,"timestamp":1609866169,"path_taken":["M","?","M","?","M","R","?","R","T","M","M","M","E","?","R","BOSS","M","?","M","M"],"items_purchased_type":[],"build_version":"2020-12-22","purchased_purges":0,"victory":false,"max_hp_per_floor":[80,80,80,80,80,80,80,80,80,80,80,80,80,85,85,85,85,85,90,90,90,90],"card_choices":[{"not_picked":["Feel No Pain","Warcry"],"picked":"Inflame","floor":1},{"not_picked":["Disarm","Combust"],"picked":"Anger","floor":3},{"not_picked":["Flex","Second Wind"],"picked":"Armaments","floor":5},{"not_picked":["Shockwave","Rupture","Dark Embrace"],"picked":"SKIP","floor":10},{"not_picked":["Body Slam","Clash"],"picked":"Disarm","floor":11},{"not_picked":["Armaments","Cleave"],"picked":"Bludgeon","floor":12},{"not_picked":["Barricade","Warcry"],"picked":"Pommel Strike","floor":13},{"not_picked":["Body Slam","Headbutt","Carnage"],"picked":"SKIP","floor":14},{"not_picked":["Limit Break","Bludgeon"],"picked":"Offering","floor":16},{"not_picked":["Dark Embrace","True Grit+1"],"picked":"Perfected Strike","floor":18},{"not_picked":["Dropkick+1","Wild Strike","Headbutt"],"picked":"SKIP","floor":20}],"player_experience":111730,"relics_obtained":[{"floor":9,"key":"Bag of Preparation"},{"floor":13,"key":"Oddly Smooth Stone"},{"floor":17,"key":"MawBank"},{"floor":17,"key":"Meat on the Bone"},{"floor":17,"key":"Peace Pipe"}],"event_choices":[{"damage_healed":0,"gold_gain":0,"player_choice":"Grow","damage_taken":0,"max_hp_gain":0,"max_hp_loss":0,"event_name":"Living Wall","floor":2,"gold_loss":0,"cards_upgraded":["Inflame"]},{"damage_healed":0,"gold_gain":0,"player_choice":"Success","damage_taken":25,"relics_obtained":["Pen Nib"],"max_hp_gain":0,"max_hp_loss":0,"event_name":"Scrap Ooze","floor":4,"gold_loss":0},{"damage_healed":0,"gold_gain":0,"player_choice":"Trade","damage_taken":0,"relics_obtained":["GremlinMask"],"max_hp_gain":0,"max_hp_loss":0,"event_name":"FaceTrader","floor":7,"gold_loss":0},{"damage_healed":0,"gold_gain":0,"player_choice":"Shed Blood","damage_taken":21,"max_hp_gain":5,"max_hp_loss":0,"event_name":"Forgotten Altar","floor":19,"gold_loss":0}],"is_beta":false,"boss_relics":[{"not_picked":["SacredBark","Cursed Key"],"picked":"Calling Bell"}],"items_purged_floors":[],"is_endless":false,"potions_floor_spawned":[1,3,14,16],"killed_by":"Cultist and Chosen","ascension_level":2}}