{"host":"8rwquwrlbfkmmuup","time":1609816463,"event":{"mods":["BaseMod","Downfall","Halation","Infinite Spire","Minty Spire (QoL Compilation)","Replay The Spire","Shop Mod","StSLib","The Animator","The Senshi","The Servant 0.9.4"],"gold_per_floor":[118,130,305,322,351,383,394,394,394,407,118,138,138,153,153,153,153],"floor_reached":16,"playtime":1407,"items_purged":["animator:Strike"],"score":106,"play_id":"6d463765-d2c9-445a-aa07-4df2c36b53a1","local_time":"20210104191423","is_ascension_mode":false,"campfire_choices":[{"floor":15,"key":"REST"}],"circlet_count":0,"master_deck":["animator:Strike_Konosuba","animator:Defend_Konosuba","animator:Strike","animator:Defend","animator:Defend","animator:Defend","animator:Kazuma","animator:Aqua","animator:IrohaTamaki","animator:SuzuneAmano","Doubt","animator:KyokoSakura","animator:Megumin+4","animator:Mitsurugi","animator:OrikoMikuni","animator:SayakaMiki","animator:Eris","animator:Kazuma","Injury","animator:MamiTomoe"],"relics":["animator:LivingPicture","animator:TheMissingPiece","animator:PurgingStone","NeowsBlessing","White Beast Statue","Golden Idol"],"acts_visited":["Exordium"],"potions_floor_usage":[6,6,10,14,14,14],"damage_taken":[{"damage":0,"enemies":"Jaw Worm","floor":1,"turns":1},{"damage":0,"enemies":"Cultist","floor":2,"turns":1},{"damage":0,"enemies":"Small Slimes","floor":4,"turns":1},{"damage":8,"enemies":"Exordium Wildlife","floor":5,"turns":6},{"damage":37,"enemies":"Gremlin Nob","floor":6,"turns":5},{"damage":15,"enemies":"Exordium Thugs","floor":7,"turns":5},{"damage":0,"enemies":"Red Slaver","floor":10,"turns":3},{"damage":0,"enemies":"Exordium Wildlife","floor":12,"turns":4},{"damage":0,"enemies":"Large Slime","floor":14,"turns":6},{"damage":68,"enemies":"Fading Forest","floor":16,"turns":7}],"seed_played":"4871528971896314333","potions_obtained":[{"floor":1,"key":"DuplicationPotion"},{"floor":2,"key":"SpeedPotion"},{"floor":5,"key":"DuplicationPotion"},{"floor":6,"key":"Block Potion"},{"floor":7,"key":"FearPotion"},{"floor":10,"key":"DistilledChaos"},{"floor":12,"key":"EssenceOfSteel"},{"floor":14,"key":"ColorlessPotion"}],"is_trial":false,"path_per_floor":["M","M","?","M","M","E","M","?","T","M","$","M","?","M","R","B"],"character_chosen":"THE_ANIMATOR","items_purchased":["animator:Eris","animator:Megumin"],"campfire_rested":1,"item_purchase_floors":[11,11],"current_hp_per_floor":[66,66,66,66,58,24,11,11,11,13,13,18,18,23,43,0,0],"gold":153,"neow_bonus":"THREE_ENEMY_KILL","is_daily":false,"chose_seed":false,"campfire_upgraded":0,"win_rate":0.0,"timestamp":1609816463,"path_taken":["M","M","?","M","M","E","M","?","T","?","$","M","?","M","R","BOSS"],"items_purchased_type":["Card","Card"],"build_version":"2020-12-22","purchased_purges":1,"victory":false,"max_hp_per_floor":[66,66,66,66,66,67,67,67,67,67,67,67,67,67,67,67,67],"card_choices":[{"not_picked":["animator:Chung","animator:ShinjiMatou"],"picked":"animator:IrohaTamaki","floor":1},{"not_picked":["animator:ShinjiMatou","animator:ElricEdward"],"picked":"animator:SuzuneAmano","floor":2},{"not_picked":["animator:Ciel","animator:Ara"],"picked":"animator:KyokoSakura","floor":4},{"not_picked":["animator:Verdia","animator:Darkness"],"picked":"animator:Megumin","floor":5},{"not_picked":["animator:Father","animator:Souei"],"picked":"animator:Mitsurugi","floor":6},{"not_picked":["animator:Hakurou","animator:Gluttony"],"picked":"animator:OrikoMikuni","floor":7},{"not_picked":["animator:Ain","animator:Layla"],"picked":"animator:SayakaMiki","floor":10},{"not_picked":["animator:Vanir","animator:Mitsurugi"],"picked":"animator:Kazuma","floor":12},{"not_picked":["animator:ElricEdward","animator:RoryMercury"],"picked":"animator:MamiTomoe","floor":14}],"player_experience":64184,"relics_obtained":[{"floor":6,"key":"White Beast Statue"}],"event_choices":[{"damage_healed":0,"gold_gain":175,"player_choice":"AGREE","damage_taken":0,"max_hp_gain":0,"max_hp_loss":0,"event_name":"Liars Game","floor":3,"gold_loss":0,"cards_obtained":["Doubt"]},{"cards_removed":["animator:Strike"],"damage_healed":0,"gold_gain":0,"player_choice":"Purged","damage_taken":0,"max_hp_gain":0,"max_hp_loss":0,"event_name":"Purifier","floor":8,"gold_loss":0},{"damage_healed":0,"gold_gain":0,"player_choice":"Take Wound","damage_taken":0,"relics_obtained":["Golden Idol"],"max_hp_gain":0,"max_hp_loss":0,"event_name":"Golden Idol","floor":13,"gold_loss":0,"cards_obtained":["Injury"]}],"is_beta":false,"boss_relics":[],"items_purged_floors":[11],"is_endless":false,"potions_floor_spawned":[1,2,5,6,7,10,12,14],"killed_by":"Fading Forest","ascension_level":0}}