{"host":"b995t17pt6d05w8c","time":1609865523,"event":{"mods":["AchievementEnabler","BaseMod","Colored Map","Minty Spire (QoL Compilation)","SuperFastMode"],"gold_per_floor":[111,125,140,90,104,135,152,152,152,164,181,106,119,147,147,248,248,260,260,275,106,106,106,119,139,139,149,149,162,177,209,209,310,310,327,377,99,99,150,175,192,208,233,92,92,124,156,195,207,219],"floor_reached":51,"playtime":1643,"items_purged":["Strike_B","Strike_B","Chill"],"score":967,"play_id":"12e3f0ad-f00b-4987-ae68-9139e795cf03","local_time":"20210106015203","is_ascension_mode":true,"campfire_choices":[{"data":"Sunder","floor":8.0,"key":"SMITH"},{"data":"Chaos","floor":15.0,"key":"SMITH"},{"data":"Defragment","floor":23.0,"key":"SMITH"},{"data":"Heatsinks","floor":28.0,"key":"SMITH"},{"data":"Capacitor","floor":32.0,"key":"SMITH"},{"data":"Thunder Strike","floor":45.0,"key":"SMITH"},{"data":"Rainbow","floor":49,"key":"SMITH"}],"circlet_count":0,"master_deck":["Defend_B","Defend_B","Defend_B","Dualcast","Rip and Tear","Ball Lightning","Sunder+1","Conserve Battery","Cold Snap","Chaos+1","Heatsinks","Creative AI","Defragment+1","Sunder+1","Capacitor+1","Heatsinks+1","Coolheaded+1","Electrodynamics","Meteor Strike","Glacier","Defragment+1","Thunder Strike+1","Storm+1","Rainbow+1"],"relics":["Cracked Core","Matryoshka","Boot","Eternal Feather","Mummified Hand","Snecko Eye","Orichalcum","Tiny Chest","Happy Flower","Black Star","Prayer Wheel","Anchor","Frozen Egg 2","PreservedInsect","Juzu Bracelet","Lantern","MawBank","FossilizedHelix","Toy Ornithopter"],"acts_visited":["Exordium","TheCity","TheBeyond"],"potions_floor_usage":[50,50],"damage_taken":[{"damage":0.0,"enemies":"Cultist","floor":1.0,"turns":2.0},{"damage":1.0,"enemies":"Jaw Worm","floor":2.0,"turns":3.0},{"damage":0.0,"enemies":"Small Slimes","floor":3.0,"turns":3.0},{"damage":10.0,"enemies":"Blue Slaver","floor":5.0,"turns":2.0},{"damage":3.0,"enemies":"3 Sentries","floor":6.0,"turns":6.0},{"damage":1.0,"enemies":"Exordium Wildlife","floor":7.0,"turns":2.0},{"damage":3.0,"enemies":"Exordium Thugs","floor":10.0,"turns":3.0},{"damage":0.0,"enemies":"Lots of Slimes","floor":11.0,"turns":3.0},{"damage":6.0,"enemies":"Looter","floor":13.0,"turns":3.0},{"damage":5.0,"enemies":"Gremlin Nob","floor":14.0,"turns":4.0},{"damage":0.0,"enemies":"Slime Boss","floor":16.0,"turns":5.0},{"damage":0.0,"enemies":"Spheric Guardian","floor":18.0,"turns":3.0},{"damage":1.0,"enemies":"3 Byrds","floor":20.0,"turns":4.0},{"damage":0.0,"enemies":"3 Cultists","floor":24.0,"turns":3.0},{"damage":5.0,"enemies":"Snake Plant","floor":25.0,"turns":2.0},{"damage":3.0,"enemies":"Centurion and Healer","floor":27.0,"turns":6.0},{"damage":0.0,"enemies":"Snecko","floor":29.0,"turns":3.0},{"damage":13.0,"enemies":"Snake Plant","floor":30.0,"turns":2.0},{"damage":0.0,"enemies":"Slavers","floor":31.0,"turns":3.0},{"damage":8.0,"enemies":"Champ","floor":33.0,"turns":7.0},{"damage":8.0,"enemies":"Orb Walker","floor":35.0,"turns":2.0},{"damage":23.0,"enemies":"Mind Bloom Boss Battle","floor":36.0,"turns":5.0},{"damage":0.0,"enemies":"Giant Head","floor":40.0,"turns":6.0},{"damage":0.0,"enemies":"3 Shapes","floor":41.0,"turns":4.0},{"damage":0.0,"enemies":"Transient","floor":42.0,"turns":5.0},{"damage":0,"enemies":"Nemesis","floor":46,"turns":2},{"damage":0,"enemies":"4 Shapes","floor":47,"turns":3},{"damage":0,"enemies":"Giant Head","floor":48,"turns":3},{"damage":28,"enemies":"Awakened One","floor":50,"turns":6}],"seed_played":"250270037334012148","potions_obtained":[{"floor":1.0,"key":"SteroidPotion"},{"floor":3.0,"key":"Regen Potion"},{"floor":6.0,"key":"PowerPotion"},{"floor":7.0,"key":"PowerPotion"},{"floor":14.0,"key":"Fire Potion"},{"floor":16.0,"key":"PotionOfCapacity"},{"floor":33.0,"key":"FearPotion"},{"floor":40.0,"key":"GamblersBrew"},{"floor":41.0,"key":"SpeedPotion"},{"floor":47,"key":"BlessingOfTheForge"},{"floor":48,"key":"AttackPotion"}],"is_trial":false,"path_per_floor":["M","M","M","?","M","E","M","R","T","M","M","$","M","E","R","B",null,"M","?","M","$","?","R","M","M","T","M","R","M","M","E","R","B",null,"M","?","$","?","T","E","M","M","T","$","R","E","M","E","R","B",null],"character_chosen":"DEFECT","items_purchased":["Defragment","Meteor Strike","Thunder Strike"],"campfire_rested":0,"item_purchase_floors":[21,37,44],"current_hp_per_floor":[54,53,53,53,43,40,39,39,39,36,36,36,30,25,31,31,75,75,61,60,60,60,69,69,64,64,61,70,70,57,57,66,58,80,72,49,49,49,49,49,61,61,61,61,73,73,73,73,80,57],"gold":231,"neow_bonus":"REMOVE_TWO","is_daily":false,"chose_seed":false,"campfire_upgraded":7,"win_rate":0.0,"timestamp":1609865523,"path_taken":["M","?","M","?","M","E","M","R","T","M","M","$","M","E","R","BOSS","M","?","M","$","?","R","M","M","T","M","R","M","?","E","R","BOSS","M","?","$","?","?","E","?","M","T","?","R","E","M","E","R","BOSS"],"items_purchased_type":["Card","Card","Card"],"build_version":"2020-12-22","purchased_purges":3,"victory":true,"max_hp_per_floor":[75,75,75,75,75,75,75,75,75,75,75,75,75,75,75,75,75,75,80,80,80,80,80,80,80,80,80,80,80,80,80,80,80,80,80,80,80,80,80,80,80,80,80,80,80,80,80,80,80,80],"card_choices":[{"not_picked":["Turbo","Static Discharge"],"picked":"Chill","floor":1.0},{"not_picked":["Hello World","Skim"],"picked":"Rip and Tear","floor":2.0},{"not_picked":["Barrage","Go for the Eyes"],"picked":"Ball Lightning","floor":3.0},{"not_picked":["Reinforced Body","Rebound"],"picked":"Sunder","floor":5.0},{"not_picked":["Reinforced Body","Steam","Redo"],"picked":"SKIP","floor":6.0},{"not_picked":["Machine Learning","Reprogram"],"picked":"Conserve Battery","floor":7.0},{"not_picked":["Stack","Hologram"],"picked":"Cold Snap","floor":10.0},{"not_picked":["Streamline","Redo","Cold Snap"],"picked":"SKIP","floor":11.0},{"not_picked":["Rebound","Consume"],"picked":"Chaos","floor":13.0},{"not_picked":["Lockon","Go for the Eyes"],"picked":"Heatsinks","floor":14.0},{"not_picked":["Fission","Machine Learning"],"picked":"Creative AI","floor":16.0},{"not_picked":["Chill","Double Energy","Go for the Eyes"],"picked":"SKIP","floor":18.0},{"not_picked":["Stack+1","Redo","Rebound"],"picked":"SKIP","floor":20.0},{"not_picked":["Ball Lightning+1","Sweeping Beam"],"picked":"Capacitor","floor":24.0},{"not_picked":["Coolheaded","Hologram"],"picked":"Heatsinks","floor":25.0},{"not_picked":["Redo+1","Turbo"],"picked":"Coolheaded+1","floor":27.0},{"not_picked":["Cold Snap","Tempest","Compile Driver"],"picked":"SKIP","floor":29.0},{"not_picked":["Redo+1","Coolheaded","Gash"],"picked":"SKIP","floor":30.0},{"not_picked":["Sweeping Beam","Streamline","Tempest+1"],"picked":"SKIP","floor":31.0},{"not_picked":["Reboot","Fission"],"picked":"Electrodynamics","floor":33.0},{"not_picked":["Tempest+1","Hologram+1","Lockon+1"],"picked":"SKIP","floor":35.0},{"not_picked":["Amplify","Conserve Battery+1","Force Field+1"],"picked":"SKIP","floor":40.0},{"not_picked":["BootSequence","Auto Shields+1"],"picked":"Glacier","floor":41.0},{"not_picked":["Redo+1","Stack","Chaos"],"picked":"SKIP","floor":41.0},{"not_picked":["Barrage+1","Auto Shields+1"],"picked":"Defragment+1","floor":42.0},{"not_picked":["Gash","Hologram+1","Compile Driver+1"],"picked":"SKIP","floor":42.0},{"not_picked":["Hologram","Ball Lightning+1"],"picked":"Storm+1","floor":46},{"not_picked":["Gash","Compile Driver"],"picked":"Rainbow","floor":47},{"not_picked":["Rebound+1","Conserve Battery+1","Double Energy+1"],"picked":"SKIP","floor":47},{"not_picked":["Chill","Auto Shields+1","Machine Learning+1"],"picked":"SKIP","floor":48}],"player_experience":12646,"relics_obtained":[{"floor":6.0,"key":"Matryoshka"},{"floor":9.0,"key":"Boot"},{"floor":9.0,"key":"Eternal Feather"},{"floor":14.0,"key":"Mummified Hand"},{"floor":26.0,"key":"Orichalcum"},{"floor":26.0,"key":"Tiny Chest"},{"floor":31.0,"key":"Happy Flower"},{"floor":36.0,"key":"Prayer Wheel"},{"floor":39.0,"key":"Anchor"},{"floor":40.0,"key":"Frozen Egg 2"},{"floor":40.0,"key":"PreservedInsect"},{"floor":43.0,"key":"Juzu Bracelet"},{"floor":46,"key":"Lantern"},{"floor":46,"key":"MawBank"},{"floor":48,"key":"FossilizedHelix"},{"floor":48,"key":"Toy Ornithopter"}],"event_choices":[{"cards_removed":["Strike_B"],"damage_healed":0.0,"max_hp_gain":0.0,"max_hp_loss":0.0,"gold_gain":0.0,"event_name":"The Cleric","player_choice":"Card Removal","floor":4.0,"gold_loss":50.0,"damage_taken":0.0},{"damage_healed":0.0,"max_hp_gain":5.0,"max_hp_loss":0.0,"gold_gain":0.0,"event_name":"Forgotten Altar","player_choice":"Shed Blood","floor":19.0,"gold_loss":0.0,"damage_taken":19.0},{"damage_healed":0.0,"max_hp_gain":0.0,"max_hp_loss":0.0,"gold_gain":0.0,"event_name":"Duplicator","player_choice":"Copied","floor":22.0,"gold_loss":0.0,"damage_taken":0.0,"cards_obtained":["Sunder"]},{"damage_healed":0.0,"max_hp_gain":0.0,"max_hp_loss":0.0,"gold_gain":0.0,"event_name":"MindBloom","player_choice":"Fight","floor":36.0,"gold_loss":0.0,"damage_taken":0.0},{"cards_removed":["Zap"],"damage_healed":0.0,"max_hp_gain":0.0,"max_hp_loss":0.0,"gold_gain":0.0,"event_name":"Falling","player_choice":"Removed Skill","floor":38.0,"gold_loss":0.0,"damage_taken":0.0}],"is_beta":false,"boss_relics":[{"not_picked":["Inserter","Ectoplasm"],"picked":"Snecko Eye"},{"not_picked":["Velvet Choker","SacredBark"],"picked":"Black Star"}],"items_purged_floors":[12,21,37],"is_endless":false,"potions_floor_spawned":[1,3,6,7,10,14,16,24,29,33,40,41,47,48],"ascension_level":1}}