{"host":"4q8tqz186r0pap1a","time":1609860281,"event":{"mods":["ATMod(阿瑾Mod)","Act Like it!","Arknights The Spire","BaseMod","Bestiary","Block Reminder","Colored Powertips","Curses Come First","Dota2Spire","Downfall","Filter the Spire","Gensokyo","GungeonMod","Hallownest","Highlight Path","Hunter 猎人","KinomotoSakuraMod(木之本樱)","Lobotomy","LobotomyExtend","Luminous","Minty Spire (QoL Compilation)","Nova Terra(诺娃・泰拉)","Pale of the Ancients","Quarter Circle Forward PUNCH!","Red Circlet Mod","Relic Stats","Replay The Spire","SIMod","Shop Mod","Spicy Shops","StSLib","The Construct","The Cursed","The Hierophant","The Marked","TheWitcher","WarShipGirlsR/战舰少女R mod","Yakumo Yukari mod","[地精首领爬塔]The Maniac","【功能Mod】混沌之环修复补丁","【功能Mod】聪明的最终Boss","【遗物卡牌】REMEMod","残留之物"],"gold_per_floor":[116,99999,98349,98349,98021,98021,98021,96139,96139,96158,96158,96158,96158,96158,96158,96158,96158],"floor_reached":16,"playtime":850,"items_purged":["Hallownest:curseDreamersLament","NovaMod:TripleTap"],"score":172,"play_id":"f7fc6af2-8bb8-4b0f-a891-1bbd99f3af93","local_time":"20210105232441","daily_mods":["Heirloom","Time Dilation","Flight","Lethality","Terminal"],"is_ascension_mode":true,"campfire_choices":[{"data":"Gensokyo:GapWoman","floor":6,"key":"SMITH"},{"data":"maniac:TwistedEddies","floor":7,"key":"SMITH"},{"data":"expansioncontent:Chronoboost","floor":11,"key":"SMITH"},{"data":"NovaMod:ScienceVessel","floor":12,"key":"SMITH"},{"data":"NovaMod:Detonation","floor":13,"key":"SMITH"},{"data":"Thinking Ahead","floor":15,"key":"SMITH"}],"circlet_count":0,"master_deck":["AscendersBane","NovaMod:Basic_Strike_Nova","NovaMod:Basic_Strike_Nova","NovaMod:Basic_Strike_Nova","NovaMod:Basic_Strike_Nova","NovaMod:Basic_Defend_Nova","NovaMod:Basic_Defend_Nova","NovaMod:Basic_Defend_Nova","NovaMod:Basic_Defend_Nova","NovaMod:Snipe","NovaMod:PenetratingBlast","AT_BreakingExtremeWeapon+1","maniac:TwistedEddies+1","NovaMod:Upgrade","NovaMod:TripleTap","NovaMod:Thor","NovaMod:NuclearInterference","NovaMod:RadiationShooting","Gensokyo:GapWoman+1","Gensokyo:Shovel","Gensokyo:ScrapIron","Gensokyo:MedicineKit","AT_BreakingExtremeWeapon+1","NovaMod:ScienceVessel+1","NovaMod:PrecsionAssembly","Thinking Ahead+1","expansioncontent:Chronoboost+1","NovaMod:Detonation+1","Pain"],"relics":["NovaMod:GhostSuit","AT_ATBox","REME_ComplimentaryCards","DemoMod:ResourcefulSack","LetterFromLob","Ring of Hypnosis","Ring of Greed","Centennial Puzzle","Dota2Spire:HeartOfTarrasque","OrangePellets","Sling","REME_HandOfSuture","Divine Protection","MerchantsRug","DemoMod:GlassGuonStoneRelic","DemoMod:GreenGuonStone","Dream Catcher","Shuriken","DemoMod:PartiallyEatenCheese","DollysMirror","Guide Book","AT_ImmortalShieldbow","Gensokyo:LunaticRedEyes"],"acts_visited":["Gensokyo:Gensokyo"],"potions_floor_usage":[],"damage_taken":[{"damage":6,"enemies":"Gensokyo:Gryphon","floor":1,"turns":3},{"damage":0,"enemies":"Gensokyo:3_Fairies","floor":4,"turns":4},{"damage":0,"enemies":"Gensokyo:2_Kodama","floor":10,"turns":1},{"damage":12,"enemies":"Gensokyo:Yukari","floor":16,"turns":5}],"seed_played":"2178928721818987285","potions_obtained":[],"is_trial":true,"path_per_floor":["M","?","$","M","COS","R","R","$","T","M","R","R","R","?","R","B"],"character_chosen":"NOVA","items_purchased":["Centennial Puzzle","Dota2Spire:HeartOfTarrasque","OrangePellets","Sling","REME_HandOfSuture","Divine Protection","NovaMod:TripleTap","MerchantsRug","NovaMod:Thor","NovaMod:NuclearInterference","DemoMod:GreenGuonStone","Dream Catcher","Shuriken","DemoMod:PartiallyEatenCheese","DollysMirror","Guide Book","NovaMod:ScienceVessel","NovaMod:PrecsionAssembly","Thinking Ahead","expansioncontent:Chronoboost"],"campfire_rested":0,"item_purchase_floors":[3,3,3,3,3,3,3,3,3,3,8,8,8,8,8,8,8,8,8,8],"current_hp_per_floor":[13,13,21,23,22,21,20,19,18,17,16,15,14,13,12,0,0],"gold":96158,"neow_bonus":"","is_daily":false,"chose_seed":false,"campfire_upgraded":6,"win_rate":0.0,"timestamp":1609860281,"path_taken":["M","?","$","?","COS","R","R","$","T","?","R","R","R","?","R","BOSS"],"items_purchased_type":["Relic","Relic","Relic","Relic","Relic","Relic","Card","Relic","Card","Card","Relic","Relic","Relic","Relic","Relic","Relic","Card","Card","Card","Card"],"build_version":"2020-12-22","purchased_purges":2,"victory":false,"max_hp_per_floor":[18,17,24,23,22,21,20,19,18,17,16,15,14,13,12,12,12],"relic_stats":{"OrangePellets":[0],"Centennial Puzzle":[3],"Dream Catcher":0,"counters":[4,13],"Shuriken":[0],"obtain_stats":[{"DemoMod:GreenGuonStone":8,"Divine Protection":3,"MerchantsRug":3,"AT_ATBox":0,"Ring of Hypnosis":2,"Guide Book":8,"DemoMod:PartiallyEatenCheese":8,"DemoMod:GlassGuonStoneRelic":4,"Dota2Spire:HeartOfTarrasque":3,"Ring of Greed":2,"Sling":3,"Gensokyo:LunaticRedEyes":14,"AT_ImmortalShieldbow":9,"OrangePellets":3,"Centennial Puzzle":3,"Dream Catcher":8,"Shuriken":8,"DollysMirror":8,"REME_HandOfSuture":3,"LetterFromLob":1,"DemoMod:ResourcefulSack":0,"NovaMod:GhostSuit":0,"REME_ComplimentaryCards":0},{"DemoMod:GreenGuonStone":2,"Divine Protection":1,"MerchantsRug":1,"AT_ATBox":0,"Ring of Hypnosis":1,"Guide Book":2,"DemoMod:PartiallyEatenCheese":2,"DemoMod:GlassGuonStoneRelic":2,"Dota2Spire:HeartOfTarrasque":1,"Ring of Greed":1,"Sling":1,"Gensokyo:LunaticRedEyes":3,"AT_ImmortalShieldbow":2,"OrangePellets":1,"Centennial Puzzle":1,"Dream Catcher":2,"Shuriken":2,"DollysMirror":2,"REME_HandOfSuture":1,"LetterFromLob":1,"DemoMod:ResourcefulSack":0,"NovaMod:GhostSuit":0,"REME_ComplimentaryCards":0},{"DemoMod:GreenGuonStone":7,"Divine Protection":3,"MerchantsRug":3,"AT_ATBox":0,"Ring of Hypnosis":3,"Guide Book":7,"DemoMod:PartiallyEatenCheese":7,"DemoMod:GlassGuonStoneRelic":7,"Dota2Spire:HeartOfTarrasque":3,"Ring of Greed":3,"Sling":3,"Gensokyo:LunaticRedEyes":8,"AT_ImmortalShieldbow":7,"OrangePellets":3,"Centennial Puzzle":3,"Dream Catcher":7,"Shuriken":7,"DollysMirror":7,"REME_HandOfSuture":3,"LetterFromLob":3,"DemoMod:ResourcefulSack":0,"NovaMod:GhostSuit":0,"REME_ComplimentaryCards":0}]},"card_choices":[{"not_picked":["NovaMod:PulseGrenade","NovaMod:SuperStimPack"],"picked":"NovaMod:Upgrade","floor":1},{"not_picked":["NovaMod:Lurk","NovaMod:MonomolecularBlade"],"picked":"NovaMod:RadiationShooting","floor":4},{"not_picked":["NovaMod:PrecsionAssembly","NovaMod:GhostAcademy"],"picked":"NovaMod:Detonation","floor":10}],"player_experience":97906,"relics_obtained":[{"floor":1,"key":"LetterFromLob"},{"floor":2,"key":"Ring of Hypnosis"},{"floor":2,"key":"Ring of Greed"},{"floor":9,"key":"AT_ImmortalShieldbow"}],"event_choices":[],"is_beta":false,"boss_relics":[],"items_purged_floors":[3,8],"is_endless":true,"potions_floor_spawned":[],"killed_by":"Gensokyo:Yukari","ascension_level":20}}