{"host":"q79spna8ofw6hj3r","time":1609810432,"event":{"mods":["Aspiration","BaseMod","Bestiary","Better Altar","Better Match","Better Note","Better Sensory Stone","Better Skull","Better Third Choice","Better Vampires","BetterRewards","Block Reminder","Card Filter","Challenge The Spire","Colored Map","Colored Powertips","Conspire","Custom Start","Energized Spire","Halation","Hubris","Infinite Spire","Jedi Mod","Mimic Mod","Minty Spire (QoL Compilation)","Permanent Neow","Quick Restart","Relic Filter","Relic Sorter","Replay The Spire","Shop Mod","StSLib","SuperFastMode","Synergy Search","The Servant 0.9.4","vexMod"],"gold_per_floor":[119,119,119,44,82,82,6,6,31,41,74,39,39,157,157,261,927,939,688,688,548,423,423,436,436,459,409,409],"floor_reached":27,"playtime":1106,"items_purged":["Defend_S","Pride","Strike_S","Strike_S"],"score":282,"play_id":"e9639b0e-61a2-4472-a00b-11bffb11ab54","local_time":"20210105033352","is_ascension_mode":false,"campfire_choices":[{"data":"KidneyShot","floor":6,"key":"SMITH"},{"data":"Luminosity","floor":8,"key":"SMITH"},{"data":"Luminosity","floor":13,"key":"SMITH"},{"data":"StarChef","floor":23,"key":"SMITH"}],"circlet_count":0,"master_deck":["Strike_S","Defend_S","Defend_S","Defend_S","KidneyShot+1","Exchange","SurpressingFire","Luminosity+1","InstantArmor+1","Luminosity+1","SpecialFormula","Dilation","Pride","Pride","WasteNot+1","StarChef+1","Contraction"],"relics":["Uniform","hubris:Icosahedron","jedi:arcanewood","Boot","hubris:OldNail","Pet Ghost","vexMod:RockOfEvil","Orrery","Replay:WaspNest","Art of War"],"acts_visited":["Exordium","TheCity"],"potions_floor_usage":[27],"damage_taken":[{"damage":1,"enemies":"2 Louse","floor":1,"turns":3},{"damage":42,"enemies":"Jaw Worm","floor":5,"turns":23},{"damage":0,"enemies":"Jaw Worm","floor":10,"turns":4},{"damage":10,"enemies":"Gremlin Nob","floor":11,"turns":6},{"damage":0,"enemies":"Small Slimes","floor":12,"turns":3},{"damage":5,"enemies":"2 Fungi Beasts","floor":14,"turns":4},{"damage":0,"enemies":"Slime Boss","floor":16,"turns":14},{"damage":12,"enemies":"Spheric Guardian","floor":18,"turns":7},{"damage":16,"enemies":"2 Thieves","floor":21,"turns":5},{"damage":17,"enemies":"Snecko","floor":24,"turns":12},{"damage":104,"enemies":"3 Cultists","floor":27,"turns":4}],"seed_played":"-3094610378055842034","potions_obtained":[{"floor":1,"key":"AttackPotion"},{"floor":10,"key":"infinitespire:BlackPotion"},{"floor":14,"key":"SpeedPotion"},{"floor":18,"key":"DuplicationPotion"}],"is_trial":false,"path_per_floor":["M","?","?","$","MIM","R","$","R","T","M","E","M","R","M","R_BF","B",null,"M","$","?","M","$","R","M","AVR","T","M"],"character_chosen":"THE_SERVANT","items_purchased":["Luminosity","Orrery"],"campfire_rested":0,"item_purchase_floors":[7,19],"current_hp_per_floor":[64,57,57,57,15,15,15,15,15,15,5,5,5,5,24,29,65,58,58,58,42,42,42,30,30,30,0,0],"gold":409,"neow_bonus":"RANDOM_COMMON_RELIC","is_daily":false,"chose_seed":false,"campfire_upgraded":4,"win_rate":0.0,"timestamp":1609810432,"path_taken":["M","?","?","?","?","R","$","R","T","M","E","?","?","M","R_BF","BOSS","M","$","?","M","?","R","M","AVR","T","?"],"items_purchased_type":["Card","Relic"],"build_version":"2020-12-22","purchased_purges":4,"victory":false,"max_hp_per_floor":[65,65,65,65,65,65,65,65,65,65,65,65,65,65,65,65,65,65,65,65,65,65,65,65,65,65,65,65],"card_choices":[{"not_picked":["Spin","DoubleEdge"],"picked":"SurpressingFire","floor":1},{"not_picked":["Desolation","FastForward"],"picked":"InstantArmor","floor":10},{"not_picked":["FlawlessForm","Ricochet"],"picked":"Luminosity","floor":11},{"not_picked":["RealityMarble","BottledTime"],"picked":"SpecialFormula","floor":12},{"not_picked":["TimeWarp","Foresight","Sabotage"],"picked":"SKIP","floor":14},{"not_picked":["ForgedInTime","LightFlow"],"picked":"Dilation","floor":16},{"not_picked":["ShatteredReality+1","Spin"],"picked":"WasteNot+1","floor":18},{"not_picked":["Defy+1","Initiator"],"picked":"StarChef","floor":19},{"not_picked":["Reset+1","TimeWarp"],"picked":"Contraction","floor":19},{"not_picked":["Ricochet","FastForward","Potential"],"picked":"SKIP","floor":21},{"not_picked":["Replace+1","Defy","Advance"],"picked":"SKIP","floor":24}],"player_experience":203644,"relics_obtained":[{"floor":5,"key":"Boot"},{"floor":9,"key":"hubris:OldNail"},{"floor":11,"key":"Pet Ghost"},{"floor":26,"key":"Art of War"}],"event_choices":[{"cards_removed":["Strike_S"],"damage_healed":0,"gold_gain":0,"player_choice":"Card Removal","damage_taken":7,"max_hp_gain":0,"max_hp_loss":0,"event_name":"Golden Wing","floor":2,"gold_loss":0},{"damage_healed":0,"gold_gain":0,"player_choice":"Take","damage_taken":0,"max_hp_gain":0,"max_hp_loss":0,"event_name":"betterNote:BetterNote","floor":20,"gold_loss":0,"cards_obtained":["ReplayTheSpireMod:Doomed"]}],"is_beta":false,"boss_relics":[{"not_picked":["halation:Prosthetics","energizedSpire:HugeHouse"],"picked":"vexMod:RockOfEvil"}],"items_purged_floors":[4,19,22,25],"is_endless":false,"potions_floor_spawned":[1,10,14,18],"killed_by":"3 Cultists","ascension_level":0}}