{"host":"ig7tc0uedzltt2sr","time":1609825746,"event":{"mods":["BaseMod","Better Twitch Integration","Block Reminder","Colored Map","Colored Powertips","Communication Mod","Current Relic Mod","GifTheSpireLib","HexUI Lib","Minty Spire (QoL Compilation)","Quick Restart","Random Character Button","Rare Cards Sparkle","Relic Sorter","Relic Stats","Slay the Relics Exporter","StSLib","SuperFastMode","Synergy Search","Twitch Decklist","Twitch Utils","everything is the same but u backflip on backflip","slay the spire mod where everything is the same but ironclad has a cowboy hat"],"gold_per_floor":[119,119,119,135,235,235,269,269,269,284,302,302,302],"floor_reached":12,"playtime":85,"items_purged":[],"score":78,"play_id":"5b86d0d2-dd72-4405-b1a5-7aaf13d523ea","local_time":"20210104214906","is_ascension_mode":false,"campfire_choices":[{"data":"Flame Barrier","floor":6,"key":"SMITH"},{"data":"Strike_R","floor":8,"key":"SMITH"}],"circlet_count":0,"master_deck":["Strike_R+1","Strike_R","Strike_R","Strike_R","Defend_R","Defend_R","Defend_R","Defend_R","Bash","Flame Barrier+1","Flame Barrier","Fire Breathing","Pommel Strike","Ghostly Armor+1"],"relics":["Burning Blood","NeowsBlessing","Art of War","Toxic Egg 2"],"acts_visited":["Exordium"],"potions_floor_usage":[],"damage_taken":[{"damage":0,"enemies":"Cultist","floor":1,"turns":1},{"damage":12,"enemies":"2 Louse","floor":4,"turns":3},{"damage":1,"enemies":"3 Sentries","floor":7,"turns":3},{"damage":9,"enemies":"Jaw Worm","floor":10,"turns":11},{"damage":25,"enemies":"Red Slaver","floor":11,"turns":7},{"damage":63,"enemies":"Lagavulin","floor":12,"turns":11}],"seed_played":"2392304543357120894","potions_obtained":[{"floor":1,"key":"BlessingOfTheForge"},{"floor":7,"key":"SkillPotion"},{"floor":11,"key":"Weak Potion"}],"is_trial":false,"path_per_floor":["M","?","?","M","?","R","E","R","T","M","M","E"],"character_chosen":"IRONCLAD","items_purchased":[],"campfire_rested":0,"item_purchase_floors":[],"current_hp_per_floor":[80,80,80,74,74,74,79,79,79,76,57,0,0],"gold":302,"neow_bonus":"THREE_ENEMY_KILL","is_daily":false,"chose_seed":false,"campfire_upgraded":2,"win_rate":0.0,"timestamp":1609825746,"path_taken":["M","?","?","M","?","R","E","R","T","?","?","E"],"items_purchased_type":[],"build_version":"2020-12-22","purchased_purges":0,"victory":false,"max_hp_per_floor":[80,80,80,80,80,80,80,80,80,80,80,80,80],"relic_stats":{"counters":[6,36],"Art of War":[8],"obtain_stats":[{"NeowsBlessing":0,"Art of War":7,"Toxic Egg 2":9,"Burning Blood":0},{"NeowsBlessing":0,"Art of War":3,"Toxic Egg 2":3,"Burning Blood":0},{"NeowsBlessing":0,"Art of War":7,"Toxic Egg 2":7,"Burning Blood":0}],"Burning Blood":24},"card_choices":[{"not_picked":["Entrench","Pommel Strike"],"picked":"Flame Barrier","floor":1},{"not_picked":["Sever Soul","Whirlwind"],"picked":"Flame Barrier","floor":4},{"not_picked":["Havoc","Heavy Blade"],"picked":"Fire Breathing","floor":7},{"not_picked":["Iron Wave","Reckless Charge"],"picked":"Pommel Strike","floor":10},{"not_picked":["Reckless Charge","Body Slam"],"picked":"Ghostly Armor+1","floor":11}],"player_experience":1426270,"relics_obtained":[{"floor":7,"key":"Art of War"},{"floor":9,"key":"Toxic Egg 2"}],"event_choices":[{"damage_healed":0,"gold_gain":0,"player_choice":"Ignored","damage_taken":0,"max_hp_gain":0,"max_hp_loss":0,"event_name":"Golden Idol","floor":2,"gold_loss":0},{"cards_removed":["Strike_R"],"damage_healed":0,"gold_gain":0,"player_choice":"Forget","damage_taken":0,"max_hp_gain":0,"max_hp_loss":0,"event_name":"Living Wall","floor":3,"gold_loss":0},{"damage_healed":0,"gold_gain":100,"player_choice":"Pray","damage_taken":0,"max_hp_gain":0,"max_hp_loss":0,"event_name":"Golden Shrine","floor":5,"gold_loss":0}],"is_beta":false,"boss_relics":[],"items_purged_floors":[],"is_endless":false,"potions_floor_spawned":[1,7,11],"killed_by":"Lagavulin","ascension_level":0}}