{"host":"qswkx8hggytna0kc","time":1609839649,"event":{"mods":["Aspiration","BaseMod","BetterRewards","Colored Map","Colored Powertips","Highlight Path","Hubris","Mimic Mod","Minty Spire (QoL Compilation)","Quick Restart","Replay The Spire","StSLib","SuperFastMode"],"gold_per_floor":[109,109,34,45,8,8,38,38,87,17,17,17,36,59,59,189,189,210,233,249,263,281,281,317,317,370,370,384,384,409,449,449,449,449,449],"floor_reached":34,"playtime":922,"items_purged":["Pain"],"score":445,"play_id":"e4403f33-09e4-401b-9016-41f1b9bedebd","local_time":"20210105174049","is_ascension_mode":true,"campfire_choices":[{"data":"Genetic Algorithm","floor":6.0,"key":"SMITH"},{"data":"Rainbow","floor":11.0,"key":"SMITH"},{"data":"Zap","floor":15.0,"key":"SMITH"},{"data":"Defragment","floor":23.0,"key":"SMITH"},{"floor":25.0,"key":"REST"},{"data":"FIFO Queue","floor":27.0,"key":"SMITH"},{"data":"Seek","floor":33.0,"key":"SMITH"}],"circlet_count":0,"master_deck":["Strike_B","Strike_B","Strike_B","Strike_B","Defend_B","Defend_B","Defend_B","Defend_B","Zap+1","Dualcast","Force Field","Genetic Algorithm+1","Go for the Eyes+1","Rainbow+1","Go for the Eyes","Sunder","FTL","Seek+1","ReplayTheSpireMod:GoodbyeWorld+1","Rip and Tear+1","Defragment+1","Storm+1","FIFO Queue+1","BasicCrystalCard+1"],"relics":["Cracked Core","NeowsBlessing","WarpedTongs","Bag of Preparation","Bloody Idol","MealTicket","hubris:GlazedTorus","hubris:VirtuousBlindfold","Replay:Accelerometer","Bronze Scales","The Courier"],"acts_visited":["Exordium","TheCity"],"potions_floor_usage":[34,34],"damage_taken":[{"damage":0.0,"enemies":"2 Louse","floor":1.0,"turns":1.0},{"damage":0.0,"enemies":"Cultist","floor":4.0,"turns":1.0},{"damage":0.0,"enemies":"3 Sentries","floor":7.0,"turns":2.0},{"damage":0.0,"enemies":"Small Slimes","floor":9.0,"turns":6.0},{"damage":2.0,"enemies":"Small Slimes","floor":13.0,"turns":2.0},{"damage":0.0,"enemies":"2 Fungi Beasts","floor":14.0,"turns":2.0},{"damage":21.0,"enemies":"The Guardian","floor":16.0,"turns":11.0},{"damage":0.0,"enemies":"Chosen","floor":18.0,"turns":4.0},{"damage":9.0,"enemies":"3 Byrds","floor":19.0,"turns":6.0},{"damage":18.0,"enemies":"Shelled Parasite and Fungi","floor":20.0,"turns":5.0},{"damage":1.0,"enemies":"Snake Plant","floor":21.0,"turns":5.0},{"damage":3.0,"enemies":"Cultist and Chosen","floor":22.0,"turns":5.0},{"damage":0.0,"enemies":"Gremlin Leader","floor":24.0,"turns":5.0},{"damage":19.0,"enemies":"Shelled Parasite and Fungi","floor":28.0,"turns":5.0},{"damage":3.0,"enemies":"Snake Plant","floor":30.0,"turns":3.0},{"damage":12.0,"enemies":"Book of Stabbing","floor":31.0,"turns":5.0},{"damage":25,"enemies":"Pondfish","floor":34,"turns":8}],"seed_played":"7434279158172884230","potions_obtained":[{"floor":1.0,"key":"DistilledChaos"},{"floor":13.0,"key":"SkillPotion"},{"floor":14.0,"key":"EntropicBrew"},{"floor":20.0,"key":"FocusPotion"},{"floor":21.0,"key":"Fruit Juice"},{"floor":24.0,"key":"FocusPotion"},{"floor":28.0,"key":"Elixir"}],"is_trial":false,"path_per_floor":["M","?","$","M","$","R","E","?","MIM","$","R","T","M","M","R","B",null,"M","M","M","M","M","R","E","R","T","R","M","M","M","E","?","R","B"],"character_chosen":"DEFECT","items_purchased":["Go for the Eyes+1","Sunder"],"campfire_rested":1,"item_purchase_floors":[5,10],"current_hp_per_floor":[68,68,68,68,68,68,68,68,68,69,69,69,67,67,67,46,63,63,54,36,40,37,37,37,59,59,59,40,40,37,25,25,25,0,0],"gold":449,"neow_bonus":"THREE_ENEMY_KILL","is_daily":false,"chose_seed":false,"campfire_upgraded":6,"win_rate":0.0,"timestamp":1609839649,"path_taken":["M","?","?","M","$","R","E","?","MIM","?","R","?","?","M","R","BOSS","M","M","M","M","M","R","E","R","T","R","M","M","?","E","?","R","BOSS"],"items_purchased_type":["Card","Card"],"build_version":"2020-12-22","purchased_purges":1,"victory":false,"max_hp_per_floor":[75,75,75,75,75,75,75,69,69,69,69,69,69,69,69,69,69,69,69,69,74,74,74,74,74,74,74,74,74,74,74,74,74,74,74],"card_choices":[{"not_picked":["hubris:PowerSurge","Panic Button"],"picked":"Force Field","floor":1.0},{"not_picked":["Leap","Stack"],"picked":"Genetic Algorithm","floor":4.0},{"not_picked":["Sweeping Beam","Leap"],"picked":"Rainbow","floor":7.0},{"not_picked":["Lockon","Leap"],"picked":"Go for the Eyes","floor":9.0},{"not_picked":["Darkness","Recycle"],"picked":"FTL","floor":13.0},{"not_picked":["Barrage","Redo","Sweeping Beam"],"picked":"SKIP","floor":14.0},{"not_picked":["ReplayRNGCard","Multi-Cast"],"picked":"Seek","floor":16.0},{"not_picked":["Sunder","Double Energy"],"picked":"ReplayTheSpireMod:GoodbyeWorld+1","floor":18.0},{"not_picked":["Steam","Consume+1","ReplayTheSpireMod:GoodbyeWorld"],"picked":"SKIP","floor":19.0},{"not_picked":["Sweeping Beam","Leap"],"picked":"Rip and Tear+1","floor":20.0},{"not_picked":["Rebound","Stack+1"],"picked":"Defragment","floor":21.0},{"not_picked":["Stack","Blizzard"],"picked":"Storm+1","floor":22.0},{"not_picked":["Go for the Eyes","Consume"],"picked":"FIFO Queue","floor":24.0},{"not_picked":["Melter","Cold Snap","hubris:Prefetch"],"picked":"SKIP","floor":28.0},{"not_picked":["Turbo","Gash+1"],"picked":"BasicCrystalCard+1","floor":30.0},{"not_picked":["Beam Cell","ReplayTheSpireMod:GoodbyeWorld","Compile Driver"],"picked":"SKIP","floor":31.0}],"player_experience":227441,"relics_obtained":[{"floor":7.0,"key":"Bag of Preparation"},{"floor":9.0,"key":"MealTicket"},{"floor":12.0,"key":"hubris:GlazedTorus"},{"floor":24.0,"key":"Replay:Accelerometer"},{"floor":26.0,"key":"Bronze Scales"},{"floor":31.0,"key":"The Courier"}],"event_choices":[{"damage_healed":0.0,"max_hp_gain":0.0,"max_hp_loss":0.0,"gold_gain":0.0,"event_name":"Accursed Blacksmith","player_choice":"Rummage","floor":2.0,"gold_loss":0.0,"damage_taken":0.0,"relics_obtained":["WarpedTongs"],"cards_obtained":["Pain"]},{"damage_healed":0.0,"max_hp_gain":0.0,"max_hp_loss":6.0,"gold_gain":0.0,"event_name":"Golden Idol","player_choice":"Lose Max HP","floor":8.0,"gold_loss":0.0,"damage_taken":0.0,"relics_obtained":["Golden Idol"]},{"damage_healed":0.0,"max_hp_gain":0.0,"max_hp_loss":0.0,"gold_gain":0.0,"event_name":"Forgotten Altar","player_choice":"Gave Idol","floor":32.0,"relics_lost":["Golden Idol"],"gold_loss":0.0,"damage_taken":0.0,"relics_obtained":["Bloody Idol"]}],"is_beta":false,"boss_relics":[{"not_picked":["Velvet Choker","Ectoplasm"],"picked":"hubris:VirtuousBlindfold"}],"items_purged_floors":[3],"is_endless":false,"potions_floor_spawned":[1,13,14,20,21,24,28],"killed_by":"Pondfish","ascension_level":6}}