{"host":"2lvuisjyit3p3u01","time":1609885317,"event":{"mods":["Act Like it!","BaseMod","Bestiary","Better Synergies","CapriCore","Colored Map","Colored Powertips","Dota2Spire","Duelist Mod","GifTheSpireLib","Minty Spire (QoL Compilation)","Quick Restart","Replay The Spire","StSLib"],"gold_per_floor":[139,155,155,228,95,128,128,147,229,229,229,242,276,173,184,194,194,291,291,304,229,245,245,19,19,49,49,49,63,63,96,112,146,146,244,244,261,279,9,20,20,20,245,245,271,318,184,201,201,219,219,219],"floor_reached":53,"playtime":2846,"items_purged":["theDuelist:CastleWalls","theDuelist:Sparks","theDuelist:GravekeeperCurse"],"score":1060,"play_id":"a662f659-6d68-4bce-bdf4-31bdd8eb61bb","local_time":"20210106002157","is_ascension_mode":true,"campfire_choices":[{"data":"theDuelist:BabyDragon","floor":7.0,"key":"SMITH"},{"data":"theDuelist:SilverDragon","floor":17.0,"key":"SMITH"},{"data":"theDuelist:CastleDragonSouls","floor":25.0,"key":"SMITH"},{"data":"theDuelist:FiveHeaded","floor":27.0,"key":"SMITH"},{"floor":42,"key":"REST"},{"data":"theDuelist:CyberDragonSieger","floor":44,"key":"SMITH"},{"floor":49,"key":"REST"},{"floor":51,"key":"REST"}],"circlet_count":0,"master_deck":["theDuelist:BabyDragon+1","theDuelist:CaveDragon+1","theDuelist:CaveDragon","theDuelist:LesserDragon+1","theDuelist:LesserDragon","theDuelist:YamataDragon","theDuelist:DragonShield","theDuelist:CyberTwinDragon+1","theDuelist:PotGreed","theDuelist:SilverDragon+1","theDuelist:FiveHeaded+1","theDuelist:SeismicShockwave","theDuelist:Kabazauls+1","theDuelist:CastleDragonSouls+1","theDuelist:StardustDragon+1","theDuelist:CyberDragonSieger+1","theDuelist:WingedDragonRa+1","theDuelist:BabyDragon+1","theDuelist:CyberTwinDragon+1","theDuelist:SilverWing+1"],"relics":["theDuelist:MillenniumPuzzle","theDuelist:CardPoolRelic","theDuelist:BoosterPackPoolRelic","theDuelist:CardPoolAddRelic","theDuelist:CardPoolMinusRelic","theDuelist:CardPoolSaveRelic","theDuelist:CardPoolOptionsRelic","Replay:Mystery Machine","Mirror","theDuelist:DuelistLetterOpener","theDuelist:DuelistLetterOpener","Dota2Spire:RefresherOrb","Dota2Spire:ArcaneBoots","Dota2Spire:UrnOfShadows","theDuelist:MillenniumPeriapt","Pondfish Scales","Dota2Spire:BlackKingBar","Nloth\u0027s Gift","Replay:Grab Bag","Replay:Bronze Core","Ooze Armor","Ring of Chaos","Gremlin Food","theDuelist:MillenniumCoin","Red Skull","BranchBurnRelic","BranchBurnRelic"],"acts_visited":["Exordium","TheCity","TheBeyond"],"potions_floor_usage":[40,43,43,50],"damage_taken":[{"damage":2.0,"enemies":"Small Slimes","floor":1.0,"turns":3.0},{"damage":1.0,"enemies":"Jaw Worm","floor":2.0,"turns":3.0},{"damage":21.0,"enemies":"Lagavulin","floor":6.0,"turns":4.0},{"damage":0.0,"enemies":"Cultist","floor":8.0,"turns":3.0},{"damage":1.0,"enemies":"Exordium Thugs","floor":12.0,"turns":3.0},{"damage":3.0,"enemies":"3 Sentries","floor":13.0,"turns":6.0},{"damage":6.0,"enemies":"Blue Slaver","floor":15.0,"turns":2.0},{"damage":0.0,"enemies":"2 Fungi Beasts","floor":16.0,"turns":2.0},{"damage":0.0,"enemies":"Slime Boss","floor":18.0,"turns":10.0},{"damage":0.0,"enemies":"Shell Parasite","floor":20.0,"turns":6.0},{"damage":0.0,"enemies":"2 Thieves","floor":22.0,"turns":3.0},{"damage":3.0,"enemies":"theDuelist:KaibaA2","floor":26.0,"turns":6.0},{"damage":0.0,"enemies":"Centurion and Healer","floor":29.0,"turns":5.0},{"damage":0.0,"enemies":"Gremlin Leader","floor":31.0,"turns":7.0},{"damage":0.0,"enemies":"3 Cultists","floor":32.0,"turns":4.0},{"damage":9.0,"enemies":"theDuelist:KaibaA2","floor":33.0,"turns":5.0},{"damage":8.0,"enemies":"Automaton","floor":35.0,"turns":10.0},{"damage":39.0,"enemies":"3 Shapes","floor":37.0,"turns":6.0},{"damage":14.0,"enemies":"3 Darklings","floor":38.0,"turns":4.0},{"damage":13,"enemies":"Spire Growth","floor":40,"turns":4},{"damage":15,"enemies":"Giant Head","floor":43,"turns":7},{"damage":8,"enemies":"R_Hoarder","floor":46,"turns":4},{"damage":24,"enemies":"Jaw Worm Horde","floor":48,"turns":4},{"damage":50,"enemies":"Transient","floor":50,"turns":5},{"damage":11,"enemies":"Time Eater","floor":52,"turns":10}],"seed_played":"-1707752597838890057","potions_obtained":[{"floor":2.0,"key":"ColorlessPotion"},{"floor":8.0,"key":"EssenceOfSteel"},{"floor":13.0,"key":"BlessingOfTheForge"},{"floor":18.0,"key":"theDuelist:GiftPotion"},{"floor":22.0,"key":"theDuelist:BabyPotion"},{"floor":26.0,"key":"Adrenaline Potion"},{"floor":32.0,"key":"FocusPotion"},{"floor":35.0,"key":"theDuelist:SealedPack"},{"floor":38.0,"key":"FearPotion"},{"floor":40,"key":"Dota2Spire:HealingSalve"},{"floor":48,"key":"theDuelist:SealedPackC"}],"is_trial":false,"path_per_floor":["M","M","?","?","$","E","R","M","T","PTL","PTL","M","E","?","M","M","R","B",null,"M","?","M","?","$","R","E","R","T","M","?","E","M","E","R_BF","B",null,"M","M","$","M","?","R","E","R","T","E","?","M","R","M","R","B",null],"character_chosen":"THE_DUELIST","items_purchased":["theDuelist:CyberTwinDragon+1","theDuelist:CastleDragonSouls","Fire Potion","Gremlin Food"],"campfire_rested":3,"item_purchase_floors":[5,24,24,39],"current_hp_per_floor":[78,77,77,77,77,56,56,56,56,56,56,55,52,52,46,46,46,46,80,80,80,80,80,80,80,80,80,80,80,80,80,80,71,71,66,80,41,33,33,32,32,56,59,59,59,57,57,42,66,31,55,80],"gold":219,"neow_bonus":"RANDOM_EVENT","is_daily":false,"chose_seed":false,"campfire_upgraded":5,"win_rate":0.0,"timestamp":1609885317,"path_taken":["M","M","?","?","$","E","R","M","T","PTL","PTL","M","E","?","M","?","R","BOSS","M","?","M","?","$","R","E","R","T","M","?","E","M","E","R_BF","BOSS","M","M","$","M","?","R","E","R","T","E","?","M","R","M","R","BOSS"],"items_purchased_type":["Card","Card","Potion","Relic"],"build_version":"2020-12-22","purchased_purges":3,"victory":true,"max_hp_per_floor":[80,80,80,80,80,80,80,80,80,80,80,80,80,80,80,80,80,80,80,80,80,80,80,80,80,80,80,80,80,80,80,80,80,80,80,80,80,80,80,80,80,80,80,80,80,80,80,80,80,80,80,80],"card_choices":[{"not_picked":["theDuelist:StampingDestruction","theDuelist:SpiralSpearStrike","theDuelist:MoltenDestruction","theDuelist:VeilDarkness"],"picked":"theDuelist:DragonShield","floor":1.0},{"not_picked":["theDuelist:BigFire","theDuelist:DarkCreator","theDuelist:HaneHane","theDuelist:ScrapFactory","theDuelist:Reload"],"picked":"SKIP","floor":2.0},{"not_picked":["theDuelist:Hinotama","theDuelist:HaneHane","theDuelist:RainbowOverdragon","theDuelist:Mausoleum"],"picked":"theDuelist:PotGreed","floor":6.0},{"not_picked":["theDuelist:StampingDestruction","theDuelist:SoulCharge","theDuelist:EyeTimaeus","theDuelist:BerserkerSoul"],"picked":"theDuelist:Earthquake","floor":8.0},{"not_picked":["theDuelist:BigFire","theDuelist:PotGreed","theDuelist:RainbowOverdragon","theDuelist:ScrapFactory","theDuelist:PreventRat"],"picked":"SKIP","floor":12.0},{"not_picked":["theDuelist:BlackPtera","theDuelist:ScrapIronScarecrow","theDuelist:Anthrosaurus","theDuelist:DefenseZone"],"picked":"theDuelist:SilverDragon","floor":13.0},{"not_picked":["theDuelist:Hinotama","theDuelist:PreventRat","theDuelist:RainbowOverdragon","theDuelist:BlackPendant","theDuelist:GreyGreedOni"],"picked":"SKIP","floor":15.0},{"not_picked":["theDuelist:BattleguardKing","theDuelist:BigFire","theDuelist:Hinotama","theDuelist:RainbowOverdragon","theDuelist:LightningDarts"],"picked":"SKIP","floor":16.0},{"not_picked":["theDuelist:SurvivalFittest","theDuelist:Scapegoat","theDuelist:DefensiveTactics","theDuelist:ArmedProtectorDragon"],"picked":"theDuelist:FiveHeaded","floor":18.0},{"not_picked":["theDuelist:WingedDragonRa","theDuelist:QueenDragunDjinn","theDuelist:BusterBladerDDS","theDuelist:BerserkScales"],"picked":"theDuelist:SeismicShockwave","floor":20.0},{"not_picked":["theDuelist:AquaDolphin","theDuelist:YamataDragon+1","theDuelist:DefenseZone+1","theDuelist:BlackPtera"],"picked":"theDuelist:Kabazauls","floor":22.0},{"not_picked":["theDuelist:RedHeadedOni","theDuelist:InfernityDoomDragon","theDuelist:GenesisDragon","theDuelist:BlasterDragonInfernos"],"picked":"theDuelist:StardustDragon+1","floor":26.0},{"not_picked":["theDuelist:MadSwordBeast","theDuelist:MadFlameKaiju","theDuelist:GiantRex","theDuelist:BlackStego","theDuelist:BarrelDragon"],"picked":"SKIP","floor":29.0},{"not_picked":["theDuelist:Hinotama","theDuelist:RainbowBridge","theDuelist:HaneHane","theDuelist:JamBreeding","theDuelist:BlockGolem"],"picked":"SKIP","floor":31.0},{"not_picked":["theDuelist:WhiteHowling+1","theDuelist:DragonRavine","theDuelist:CastleDragonSouls+1"],"picked":"theDuelist:CyberDragonSieger","floor":32.0},{"not_picked":["theDuelist:MadSwordBeast","theDuelist:GiantRex","theDuelist:BarrelDragon","theDuelist:MadFlameKaiju","theDuelist:BlackTyranno"],"picked":"SKIP","floor":33.0},{"not_picked":["theDuelist:VoidOgreDragon","theDuelist:LostWorld","theDuelist:DoomkaiserDragon","theDuelist:BSkullDragon+1"],"picked":"theDuelist:WingedDragonRa+1","floor":35.0},{"not_picked":["theDuelist:YamataDragon","theDuelist:Kabazauls","theDuelist:BlackStego+1","theDuelist:BlackPtera+1","theDuelist:BlackBrachios+1"],"picked":"SKIP","floor":37.0},{"not_picked":["theDuelist:AncientGearGadjiltron+1","theDuelist:FluteSummoning+1","theDuelist:CyberDragonCore","theDuelist:BlueEyes+1","theDuelist:CyberneticRevolution"],"picked":"SKIP","floor":38.0},{"not_picked":["theDuelist:TrihornedDragon","theDuelist:BlackPtera+1","theDuelist:BarrelDragon","theDuelist:Kabazauls+1","theDuelist:BlackBrachios+1"],"picked":"SKIP","floor":40},{"not_picked":["theDuelist:CyberDinosaur+1","theDuelist:DreadnoughtDreadnoid","theDuelist:CyberEmergency","theDuelist:SauropodBrachion"],"picked":"theDuelist:BabyDragon+1","floor":43},{"not_picked":["theDuelist:ViceDragon","theDuelist:CyberDragonVier","theDuelist:MaskedDragon","theDuelist:Earthquake","theDuelist:Duoterion"],"picked":"SKIP","floor":46},{"not_picked":["theDuelist:GenesisDragon","theDuelist:CyberDragonCore","theDuelist:Carboneddon","theDuelist:RedRisingDragon"],"picked":"theDuelist:CyberTwinDragon+1","floor":48},{"not_picked":["theDuelist:ArmedDragon5+1","theDuelist:CyberDragonDrei","theDuelist:GalaxySoldier+1","theDuelist:ArtifactSanctum+1"],"picked":"theDuelist:SilverWing+1","floor":50}],"player_experience":256684,"relics_obtained":[{"floor":6.0,"key":"Replay:Mystery Machine"},{"floor":9.0,"key":"Mirror"},{"floor":13.0,"key":"theDuelist:DuelistLetterOpener"},{"floor":26.0,"key":"Dota2Spire:ArcaneBoots"},{"floor":28.0,"key":"Dota2Spire:UrnOfShadows"},{"floor":31.0,"key":"Pondfish Scales"},{"floor":33.0,"key":"Dota2Spire:BlackKingBar"},{"floor":43,"key":"theDuelist:MillenniumCoin"},{"floor":45,"key":"Red Skull"},{"floor":46,"key":"Dead Branch"}],"event_choices":[{"damage_healed":0.0,"max_hp_gain":0.0,"max_hp_loss":0.0,"gold_gain":0.0,"event_name":"Egyptian Village","player_choice":"Leave","duelist":true,"floor":3.0,"gold_loss":0.0,"damage_taken":0.0},{"damage_healed":0.0,"max_hp_gain":0.0,"max_hp_loss":0.0,"gold_gain":73.0,"event_name":"Golden Wing","player_choice":"Gained Gold","floor":4.0,"gold_loss":0.0,"damage_taken":0.0},{"damage_healed":0.0,"max_hp_gain":0.0,"max_hp_loss":0.0,"gold_gain":0.0,"event_name":"Relic Duplicator","player_choice":"Duplicated Relic - Paladin Scrollcleaver","duelist":true,"floor":14.0,"gold_loss":0.0,"damage_taken":0.0},{"cards_removed":["theDuelist:CastleWalls"],"damage_healed":0.0,"max_hp_gain":0.0,"max_hp_loss":0.0,"gold_gain":0.0,"event_name":"Beggar","player_choice":"Gave Gold","floor":21.0,"gold_loss":75.0,"damage_taken":0.0},{"damage_healed":0.0,"max_hp_gain":0.0,"max_hp_loss":0.0,"gold_gain":0.0,"event_name":"Battle City","player_choice":"Leave","duelist":true,"floor":23.0,"gold_loss":0.0,"damage_taken":0.0},{"damage_healed":0.0,"max_hp_gain":0.0,"max_hp_loss":0.0,"gold_gain":0.0,"event_name":"Millennium Items","player_choice":"Took item - Received: Millennium Periapt","duelist":true,"floor":30.0,"gold_loss":0.0,"damage_taken":0.0},{"damage_healed":0.0,"max_hp_gain":0.0,"max_hp_loss":0.0,"gold_gain":0.0,"event_name":"N\u0027loth","player_choice":"Traded Relic","floor":34.0,"relics_lost":["theDuelist:CardPoolBasicRelic"],"gold_loss":0.0,"damage_taken":0.0,"relics_obtained":["Nloth\u0027s Gift"]},{"cards_removed":["theDuelist:Earthquake"],"damage_healed":0,"gold_gain":0,"player_choice":"Removed Attack","damage_taken":0,"max_hp_gain":0,"max_hp_loss":0,"event_name":"Falling","floor":41,"gold_loss":0},{"damage_healed":0,"gold_gain":0,"player_choice":"Duplicated Relic - Dead Branch","duelist":true,"damage_taken":0,"max_hp_gain":0,"max_hp_loss":0,"event_name":"Relic Duplicator","floor":47,"gold_loss":0}],"is_beta":false,"boss_relics":[{"not_picked":["Honey Jar","Ectoplasm"],"picked":"Dota2Spire:RefresherOrb"},{"not_picked":["Fusion Hammer","Busted Crown"],"picked":"Replay:Grab Bag"},{"not_picked":["Mark of Pain","theDuelist:MillenniumKey"],"picked":"Replay:Bronze Core"},{"not_picked":["theDuelist:ElectricKey","theDuelist:GamblerChip"],"picked":"Ooze Armor"},{"not_picked":["Astrolabe","Runic Pyramid"],"picked":"Ring of Chaos"}],"items_purged_floors":[5,24,39],"is_endless":false,"potions_floor_spawned":[2,8,13,18,22,26,32,35,38,40,48],"ascension_level":3}}