{"host":"tjicewryrzew529r","time":1609848789,"event":{"mods":["AchievementEnabler","BaseMod","Block Reminder","Colored Map","DeckTracker","Downfall","Googly Eyes","Highlight Path","Minty Spire (QoL Compilation)","StSLib"],"gold_per_floor":[99,119,138,42,42,34,34,34,34,54,70,110,35,20,47,47,47,47],"floor_reached":16,"playtime":863,"items_purged":[],"score":105,"play_id":"440c0905-67f5-47bf-a278-4d46bcb0ce5d","local_time":"20210105201309","is_ascension_mode":true,"campfire_choices":[{"floor":1,"key":"RECALL"},{"data":"hexamod:SoulSteal","floor":9,"key":"SMITH"},{"data":"hexamod:Incineration","floor":13,"key":"SMITH"}],"circlet_count":0,"master_deck":["hexamod:Strike+1","hexamod:Strike","hexamod:Strike","hexamod:Strike","hexamod:Defend+1","hexamod:Defend","hexamod:Defend","hexamod:Defend","hexamod:Sear","hexamod:Float+1","hexamod:PowerFromBeyond","hexamod:SoulSteal+1","hexamod:Incineration+1","hexamod:FirstSeal","Regret","hexamod:SecondSeal","hexamod:SpectersWail","hexamod:ChargedBarrage","hexamod:EmpoweringStance","hexamod:DynamicBlow"],"relics":["hexamod:SpiritBrand","Ornamental Fan","Bag of Preparation","downfall:HeartBlessingRed"],"acts_visited":["Exordium"],"potions_floor_usage":[4,12,16],"damage_taken":[{"damage":0,"enemies":"Jaw Worm","floor":2,"turns":3},{"damage":0,"enemies":"Small Slimes","floor":3,"turns":4},{"damage":0,"enemies":"downfall:FleeingMerchant","floor":4,"turns":4},{"damage":2,"enemies":"2 Louse","floor":10,"turns":3},{"damage":4,"enemies":"Blue Slaver","floor":11,"turns":3},{"damage":21,"enemies":"3 Sentries","floor":12,"turns":6},{"damage":15,"enemies":"downfall:FleeingMerchant","floor":14,"turns":4},{"damage":4,"enemies":"Gremlin Gang","floor":15,"turns":5},{"damage":60,"enemies":"downfall:Defect","floor":16,"turns":5}],"seed_played":"8002379286928538446","potions_obtained":[{"floor":2,"key":"BlessingOfTheForge"},{"floor":10,"key":"Explosive Potion"},{"floor":15,"key":"sneckomod:MuddlingPotion"}],"is_trial":false,"path_per_floor":["R","M","M","$","?","?","T","?","R","M","M","E","R","$","M","B"],"character_chosen":"THE_SPIRIT","items_purchased":["hexamod:FirstSeal"],"campfire_rested":0,"item_purchase_floors":[4],"current_hp_per_floor":[77,77,77,77,77,77,77,77,77,77,77,63,63,55,58,0,0,0],"gold":47,"neow_bonus":"TEN_PERCENT_HP_BONUS","is_daily":false,"chose_seed":false,"campfire_upgraded":2,"win_rate":0.0,"timestamp":1609848789,"path_taken":["R","M","M","$","?","?","T","?","R","M","M","E","R","$","M","BOSS"],"items_purchased_type":["Card"],"build_version":"2020-12-22","purchased_purges":0,"victory":false,"max_hp_per_floor":[77,77,77,77,77,77,77,77,77,77,77,77,77,77,77,77,77,77],"card_choices":[{"not_picked":["hexamod:SpectersWail","hexamod:HauntingEcho"],"picked":"hexamod:PowerFromBeyond","floor":2},{"not_picked":["hexamod:GhostOfSpirePresent","hexamod:Firestarter"],"picked":"hexamod:SoulSteal","floor":3},{"not_picked":["hexamod:SwordOfDarkness","hexamod:FastForward"],"picked":"hexamod:Incineration","floor":4},{"not_picked":["hexamod:GhostOfSpirePresent","hexamod:Again","hexamod:Firestarter"],"picked":"SKIP","floor":10},{"not_picked":["hexamod:RecurringNightmare","hexamod:ShieldOfDarkness"],"picked":"hexamod:SpectersWail","floor":11},{"not_picked":["hexamod:SpectralAdrenaline","hexamod:BurningTouch"],"picked":"hexamod:ChargedBarrage","floor":12},{"not_picked":["hexamod:HeatMetal","hexamod:SwordOfDarkness"],"picked":"hexamod:EmpoweringStance","floor":14},{"not_picked":["hexamod:RainOfEmbers","hexamod:AdvancingGuard"],"picked":"hexamod:DynamicBlow","floor":15}],"player_experience":414612,"relics_obtained":[{"floor":7,"key":"Ornamental Fan"},{"floor":12,"key":"Bag of Preparation"}],"event_choices":[],"is_beta":false,"boss_relics":[],"items_purged_floors":[],"is_endless":false,"potions_floor_spawned":[2,10,15],"killed_by":"downfall:Defect","ascension_level":1}}