{"host":"ikjt6v4q6zrcj3if","time":1609855283,"event":{"mods":["BaseMod","CapriCore","Colored Map","Downfall","Luminous","Minty Spire (QoL Compilation)","Permanent Neow","Quick Restart","Replay The Spire","Robot Space Explorer","Somnambulant","Spicy Shops","StSLib","SuperFastMode","The Exalted","The Marked","The Runesmith","TheSwordswoman","WarShipGirlsR/??è≠èóR mod"],"gold_per_floor":[111,13,13,24,4,4,38,138,164,164,176,25,38,55,55,160,160,170,170,170,170,95,122,122,139,139,139,39,39,39],"floor_reached":29,"playtime":1274,"items_purged":["theMarked:Strike","theMarked:Strike"],"score":239,"play_id":"accd7556-4c57-47cf-a4d5-4f7784664d7a","local_time":"20210105230123","is_ascension_mode":false,"campfire_choices":[{"data":"theMarked:SoldierOfQuellstein","floor":6,"key":"SMITH"},{"data":"theMarked:HeritageOfTheMarked","floor":10,"key":"SMITH"},{"data":"theMarked:StartUp","floor":15,"key":"SMITH"},{"data":"theMarked:SoldierForm","floor":24,"key":"SMITH"},{"data":"theMarked:Panic","floor":27,"key":"SMITH"}],"circlet_count":0,"master_deck":["theMarked:Strike","theMarked:Strike","theMarked:Strike","theMarked:Defend+1","theMarked:Defend","theMarked:Defend","theMarked:Defend","theMarked:SoldierOfQuellstein+1","theMarked:MuscleMemory","theMarked:Generate+1","theMarked:LightningStrikesTwice","theMarked:Panic+1","theMarked:HeritageOfTheMarked+1","theMarked:Overcharge","theMarked:HeritageOfTheMarked+1","theMarked:StartUp+1","theMarked:BindingBlade","theMarked:SoldierForm+1","theMarked:MysticalArsenal+1"],"relics":["theMarked:ArtifactOfAir","Shuriken","PreservedInsect","DollysMirror","Coffee Dripper","Bottled Tornado","theMarked:NailFile"],"acts_visited":["Exordium","TheCity"],"potions_floor_usage":[23,23],"damage_taken":[{"damage":0,"enemies":"Small Slimes","floor":1,"turns":4},{"damage":6,"enemies":"Jaw Worm","floor":4,"turns":3},{"damage":8,"enemies":"Gremlin Nob","floor":7,"turns":3},{"damage":2,"enemies":"2 Louse","floor":11,"turns":3},{"damage":3,"enemies":"Exordium Wildlife","floor":13,"turns":3},{"damage":8,"enemies":"3 Louse","floor":14,"turns":3},{"damage":25,"enemies":"Hexaghost","floor":16,"turns":9},{"damage":7,"enemies":"Shell Parasite","floor":18,"turns":4},{"damage":31,"enemies":"Slavers","floor":23,"turns":3},{"damage":5,"enemies":"Chosen","floor":25,"turns":3},{"damage":33,"enemies":"Book of Stabbing","floor":29,"turns":2}],"seed_played":"-7712316635516500294","potions_obtained":[{"floor":1,"key":"Flashbang"},{"floor":7,"key":"Reflective Coating"},{"floor":11,"key":"Adrenaline Potion"},{"floor":25,"key":"Slimebound:ThreeZeroPotion"}],"is_trial":false,"path_per_floor":["M","$","?","M","?","R","E","?","T","R","M","$","M","M","R","B",null,"M","?","?","?","$","E","R","M","T","R","$","E"],"character_chosen":"THE_DEFAULT","items_purchased":["theMarked:LightningStrikesTwice","DollysMirror"],"campfire_rested":0,"item_purchase_floors":[2,12],"current_hp_per_floor":[70,70,56,50,50,50,42,42,42,42,40,40,37,29,29,4,70,63,63,50,50,50,19,19,14,14,14,14,0,0],"gold":39,"neow_bonus":"ONE_RANDOM_RARE_CARD","is_daily":false,"chose_seed":false,"campfire_upgraded":5,"win_rate":0.0,"timestamp":1609855283,"path_taken":["M","$","?","M","?","R","E","?","T","R","?","$","M","M","R","BOSS","M","?","?","?","$","E","R","M","T","R","$","E"],"items_purchased_type":["Card","Relic"],"build_version":"2020-12-22","purchased_purges":2,"victory":false,"max_hp_per_floor":[70,70,70,70,70,70,70,70,70,70,70,70,70,70,70,70,70,70,70,75,75,75,75,75,75,75,75,75,75,75],"card_choices":[{"not_picked":["theMarked:Frustration","theMarked:Parry"],"picked":"theMarked:Generate","floor":1},{"not_picked":["theMarked:BanishingStrike","theMarked:Generate","theMarked:TwofoldDefense"],"picked":"SKIP","floor":4},{"not_picked":[],"picked":"theMarked:Panic","floor":5},{"not_picked":["theMarked:Aftermath","theMarked:Seal"],"picked":"theMarked:HeritageOfTheMarked","floor":7},{"not_picked":["theMarked:GodGivenPower","theMarked:ChainLightning"],"picked":"theMarked:Overcharge","floor":11},{"not_picked":["theMarked:ResourceFulStrike","theMarked:TwofoldDefense"],"picked":"theMarked:StartUp","floor":13},{"not_picked":["theMarked:BanishingStrike","theMarked:Polarize","theMarked:RogueSparks"],"picked":"SKIP","floor":14},{"not_picked":["theMarked:DispelDoubt","theMarked:ThrowWeapon"],"picked":"theMarked:BindingBlade","floor":16},{"not_picked":["theMarked:BanishingStrike","theMarked:SwordAndMagic","theMarked:TwofoldDefense+1"],"picked":"SKIP","floor":18},{"not_picked":["theMarked:ChainLightning","theMarked:Polarize"],"picked":"theMarked:MysticalArsenal+1","floor":23},{"not_picked":["theMarked:HeightenedSenses","theMarked:Aftermath+1","theMarked:Frustration"],"picked":"SKIP","floor":25}],"player_experience":352857,"relics_obtained":[{"floor":7,"key":"Shuriken"},{"floor":9,"key":"PreservedInsect"},{"floor":23,"key":"Bottled Tornado"},{"floor":26,"key":"theMarked:NailFile"}],"event_choices":[{"damage_healed":0,"gold_gain":0,"player_choice":"Entered Light","damage_taken":14,"max_hp_gain":0,"max_hp_loss":0,"event_name":"Shining Light","floor":3,"gold_loss":0,"cards_upgraded":["theMarked:Defend","theMarked:Generate"]},{"damage_healed":0,"gold_gain":100,"player_choice":"Pray","damage_taken":0,"max_hp_gain":0,"max_hp_loss":0,"event_name":"Golden Shrine","floor":8,"gold_loss":0},{"damage_healed":0,"gold_gain":0,"player_choice":"Read","damage_taken":0,"max_hp_gain":0,"max_hp_loss":0,"event_name":"The Library","floor":19,"gold_loss":0,"cards_obtained":["theMarked:SoldierForm"]},{"damage_healed":0,"gold_gain":0,"player_choice":"Shed Blood","damage_taken":18,"max_hp_gain":5,"max_hp_loss":0,"event_name":"Forgotten Altar","floor":20,"gold_loss":0}],"is_beta":false,"boss_relics":[{"not_picked":["Snecko Heart","SacredBark"],"picked":"Coffee Dripper"}],"items_purged_floors":[22,28],"is_endless":false,"potions_floor_spawned":[1,7,11,25],"killed_by":"Book of Stabbing","ascension_level":0}}