{"host":"788p3pvxhs5s9n7p","time":1609873856,"event":{"mods":["AchievementEnabler","BaseMod","Downfall","Hubris","Minty Spire (QoL Compilation)","READ ME - Guardian Mod","Replay The Spire","StSLib","The Jungle"],"gold_per_floor":[115,129,129,304,304,304,304,323,404,431,431,441,470,480,480,584,584,597,627,627,627,727,757,757,143,169,197,209,224,224,244,244,244,244],"floor_reached":33,"playtime":1841,"items_purged":["Doubt"],"score":308,"play_id":"a93a5af7-0d34-4876-a9ad-c1afe7b80897","local_time":"20210105131056","is_ascension_mode":true,"campfire_choices":[{"floor":6,"key":"REST"},{"data":"Loop","floor":11,"key":"SMITH"},{"floor":15,"key":"REST"},{"floor":24,"key":"REST"},{"floor":30,"key":"REST"},{"floor":32,"key":"REST"}],"circlet_count":0,"master_deck":["Strike_B","Defend_B","Defend_B","Defend_B","Zap","Dualcast","Streamline","hubris:PowerSurge","Conserve Battery","Loop+1","Streamline","Capacitor","Ball Lightning","Panic Button","Rainbow","Redo","Cold Snap","Loop+1","Coolheaded","Crystallizer","Reinforced Body","Sunder","ReplayTheSpireMod:Calculation Training"],"relics":["Cracked Core","Replay:Bottled Snecko","hubris:DeckOfHolding","hubris:MedicalManual","CaptainsWheel","Philosopher\u0027s Stone","Red Mask","Replay:Antivirus Software","Blood Vial","DollysMirror","Ice Cream","hubris:TenFootPole","Bottled Flame"],"acts_visited":["Exordium","TheCity"],"potions_floor_usage":[10,13,14,15,23,27,29,33],"damage_taken":[{"damage":0,"enemies":"2 Louse","floor":1,"turns":2},{"damage":1,"enemies":"Jaw Worm","floor":2,"turns":3},{"damage":1,"enemies":"Cultist","floor":8,"turns":5},{"damage":11,"enemies":"Gremlin Nob","floor":10,"turns":3},{"damage":6,"enemies":"2 Fungi Beasts","floor":12,"turns":2},{"damage":15,"enemies":"3 Sentries","floor":13,"turns":6},{"damage":3,"enemies":"Looter","floor":14,"turns":2},{"damage":39,"enemies":"Hexaghost","floor":16,"turns":9},{"damage":18,"enemies":"3 Byrds","floor":18,"turns":3},{"damage":13,"enemies":"Masked Bandits","floor":19,"turns":4},{"damage":22,"enemies":"Book of Stabbing","floor":23,"turns":4},{"damage":44,"enemies":"Gremlin Leader","floor":27,"turns":6},{"damage":7,"enemies":"2 Thieves","floor":28,"turns":4},{"damage":4,"enemies":"Chosen and Byrds","floor":29,"turns":4},{"damage":9,"enemies":"Snake Plant","floor":31,"turns":3},{"damage":78,"enemies":"Collector","floor":33,"turns":7}],"seed_played":"1561578906033357323","potions_obtained":[{"floor":8,"key":"LiquidBronze"},{"floor":10,"key":"ColorlessPotion"},{"floor":13,"key":"Explosive Potion"},{"floor":14,"key":"Fruit Juice"},{"floor":19,"key":"champ:CounterPotion"},{"floor":23,"key":"champ:CounterPotion"},{"floor":28,"key":"Explosive Potion"},{"floor":31,"key":"Fire Potion"}],"is_trial":false,"path_per_floor":["M","M","?","?","T","R","?","M","T","E","R","M","E","M","R","B",null,"M","?","?","?","?","E","R","$","T","E","M","M","R","M","R","B"],"character_chosen":"DEFECT","items_purchased":["DollysMirror","Ice Cream","Coolheaded","Crystallizer"],"campfire_rested":5,"item_purchase_floors":[25,25,25,25],"current_hp_per_floor":[54,53,46,46,46,68,68,67,67,56,56,50,35,32,61,22,80,62,49,49,49,49,27,51,51,51,9,4,2,26,19,43,0,0],"gold":244,"neow_bonus":"REMOVE_TWO","is_daily":false,"chose_seed":false,"campfire_upgraded":1,"win_rate":0.0,"timestamp":1609873856,"path_taken":["M","M","?","?","?","R","?","M","T","E","R","?","E","M","R","BOSS","M","?","?","?","?","E","R","$","T","E","M","M","R","M","R","BOSS"],"items_purchased_type":["Relic","Relic","Card","Card"],"build_version":"2020-12-22","purchased_purges":1,"victory":false,"max_hp_per_floor":[75,75,75,75,75,75,75,75,75,75,75,75,75,75,80,80,80,80,80,80,80,80,80,80,80,80,80,80,80,80,80,80,80,80],"card_choices":[{"not_picked":["Ball Lightning","Tempest"],"picked":"Streamline","floor":1},{"not_picked":["Gash","Streamline"],"picked":"hubris:PowerSurge","floor":2},{"not_picked":["Leap","Chill"],"picked":"Loop","floor":8},{"not_picked":["Go for the Eyes","Stack"],"picked":"Streamline","floor":10},{"not_picked":["ReplayTheSpireMod:Omega Cannon","ReplaySort"],"picked":"Capacitor","floor":12},{"not_picked":["Streamline","FIFO Queue"],"picked":"Ball Lightning","floor":13},{"not_picked":["ReplayTheSpireMod:System Scan","Ball Lightning"],"picked":"Panic Button","floor":14},{"not_picked":["All For One","ReplayRNGCard"],"picked":"Rainbow","floor":16},{"not_picked":["ReplayTheSpireMod:System Scan","Stack","Streamline+1"],"picked":"SKIP","floor":18},{"not_picked":["Genetic Algorithm","ReplayTheSpireMod:Calculation Training+1"],"picked":"Redo","floor":19},{"not_picked":["Storm","hubris:Ukulele"],"picked":"Cold Snap","floor":23},{"not_picked":["Go for the Eyes","Reinforced Body","Conserve Battery"],"picked":"SKIP","floor":27},{"not_picked":["Go for the Eyes","Conserve Battery"],"picked":"Reinforced Body","floor":27},{"not_picked":["Recycle+1","Stack+1"],"picked":"Sunder","floor":28},{"not_picked":["Hello World","Gash+1","Panic Button"],"picked":"SKIP","floor":29},{"not_picked":["Conserve Battery","hubris:Ukulele+1"],"picked":"ReplayTheSpireMod:Calculation Training","floor":31}],"player_experience":129141,"relics_obtained":[{"floor":5,"key":"Replay:Bottled Snecko"},{"floor":9,"key":"hubris:DeckOfHolding"},{"floor":10,"key":"hubris:MedicalManual"},{"floor":13,"key":"CaptainsWheel"},{"floor":19,"key":"Red Mask"},{"floor":23,"key":"Blood Vial"},{"floor":26,"key":"hubris:TenFootPole"},{"floor":27,"key":"Bottled Flame"}],"event_choices":[{"cards_removed":["Defend_B"],"damage_healed":0,"gold_gain":0,"player_choice":"Card Removal","damage_taken":7,"max_hp_gain":0,"max_hp_loss":0,"event_name":"Golden Wing","floor":3,"gold_loss":0},{"damage_healed":0,"gold_gain":175,"player_choice":"AGREE","damage_taken":0,"max_hp_gain":0,"max_hp_loss":0,"event_name":"Liars Game","floor":4,"gold_loss":0,"cards_obtained":["Doubt"]},{"damage_healed":0,"gold_gain":0,"cards_transformed":["Strike_B"],"player_choice":"Transformed","damage_taken":0,"max_hp_gain":0,"max_hp_loss":0,"event_name":"Transmorgrifier","floor":7,"gold_loss":0,"cards_obtained":["Conserve Battery"]},{"damage_healed":0,"gold_gain":0,"player_choice":"Fought Bandits","damage_taken":0,"max_hp_gain":0,"max_hp_loss":0,"event_name":"Masked Bandits","floor":19,"gold_loss":0},{"damage_healed":0,"gold_gain":100,"player_choice":"Pray","damage_taken":0,"max_hp_gain":0,"max_hp_loss":0,"event_name":"Golden Shrine","floor":22,"gold_loss":0}],"is_beta":false,"boss_relics":[{"not_picked":["Painkiller Herb","Ring of Chaos"],"picked":"Philosopher\u0027s Stone"}],"items_purged_floors":[25],"is_endless":false,"potions_floor_spawned":[8,10,13,14,19,23,28,31],"killed_by":"Collector","ascension_level":1}}