{"host":"8i4doyxqctgl5qb0","time":1609880305,"event":{"mods":["AchievementEnabler","BaseMod","Block Reminder","Colored Powertips","Downfall","Marisa£®ÏF”Í°°ƒß¿Ì…≥£©","Minty Spire (QoL Compilation)","Permanent Neow","Potion Indicator Mod","Rare Cards Sparkle","StSLib","SuperFastMode"],"gold_per_floor":[112,125,125,137,87,120,120,149,172,172,172,172,172,347,347,475,475,493,493,509,532,217,217,238,256,304,156,156,156],"floor_reached":28,"playtime":1131,"items_purged":["Doubt"],"score":237,"play_id":"918b770f-3a89-4dc8-9d30-c8b4b7ceccab","local_time":"20210106045825","is_ascension_mode":true,"campfire_choices":[{"floor":7.0,"key":"RECALL"},{"data":"EnergyFlow","floor":12.0,"key":"SMITH"},{"floor":15.0,"key":"REST"},{"data":"MilkyWay","floor":23,"key":"SMITH"}],"circlet_count":0,"master_deck":["Strike_MRS","Strike_MRS","Strike_MRS","Defend_MRS","Defend_MRS","Defend_MRS","MasterSpark","UpSweep","MilkyWay","StarBarrage","MilkyWay+1","EscapeVelocity","EnergyFlow+1","TreasureHunter","IllusionStar+1","GravityBeat","GravityBeat","AsteroidBelt","SprinkleStarSeal"],"relics":["MiniHakkero","NeowsBlessing","MealTicket","Oddly Smooth Stone","Golden Idol","Busted Crown","Shuriken","Pen Nib"],"acts_visited":["Exordium","TheCity"],"potions_floor_usage":[24],"damage_taken":[{"damage":0.0,"enemies":"Jaw Worm","floor":1.0,"turns":1.0},{"damage":0.0,"enemies":"Cultist","floor":2.0,"turns":1.0},{"damage":0.0,"enemies":"Small Slimes","floor":4.0,"turns":1.0},{"damage":17.0,"enemies":"3 Sentries","floor":6.0,"turns":7.0},{"damage":29.0,"enemies":"Lagavulin","floor":8.0,"turns":6.0},{"damage":29.0,"enemies":"Hexaghost","floor":16.0,"turns":9.0},{"damage":6.0,"enemies":"Chosen","floor":18.0,"turns":5.0},{"damage":20.0,"enemies":"2 Thieves","floor":20.0,"turns":4.0},{"damage":8,"enemies":"Centurion and Healer","floor":21,"turns":7},{"damage":30,"enemies":"Snake Plant","floor":24,"turns":4},{"damage":23,"enemies":"3 Cultists","floor":25,"turns":5},{"damage":0,"enemies":"Chosen and Byrds","floor":28,"turns":1}],"seed_played":"5708542223625407784","potions_obtained":[{"floor":1.0,"key":"Weak Potion"},{"floor":6.0,"key":"AttackPotion"},{"floor":8.0,"key":"ColorlessPotion"},{"floor":18.0,"key":"Fire Potion"},{"floor":21,"key":"Fire Potion"},{"floor":24,"key":"BlessingOfTheForge"}],"is_trial":false,"path_per_floor":["M","M","?","M","?","E","R","E","T","$","?","R","?","?","R","B",null,"M","?","M","M","$","R","M","M","T","$","M"],"character_chosen":"MARISA","items_purchased":["Shuriken","Regen Potion","SprinkleStarSeal"],"campfire_rested":1,"item_purchase_floors":[22,27,27],"current_hp_per_floor":[75,75,75,75,75,58,58,29,29,44,44,44,44,44,66,37,75,69,69,49,41,56,56,26,3,3,18,18,18],"gold":156,"neow_bonus":"THREE_ENEMY_KILL","is_daily":false,"chose_seed":false,"campfire_upgraded":2,"win_rate":0.0,"timestamp":1609880305,"path_taken":["M","M","?","?","?","E","R","E","T","$","?","R","?","?","R","BOSS","M","?","?","M","$","R","M","M","T","?","M"],"items_purchased_type":["Relic","Potion","Card"],"build_version":"2020-12-22","purchased_purges":1,"victory":false,"max_hp_per_floor":[75,75,75,75,75,75,75,75,75,75,75,75,75,75,75,75,75,75,75,75,75,75,75,75,75,75,75,75,75],"card_choices":[{"not_picked":["RefractionSpark","GrandCross"],"picked":"MilkyWay","floor":1.0},{"not_picked":["GrandCross","LuminesStrike"],"picked":"StarBarrage","floor":2.0},{"not_picked":["LuminesStrike","DoubleSpark"],"picked":"MilkyWay","floor":4.0},{"not_picked":["ShootTheMoon","MysteriousBeam"],"picked":"EscapeVelocity","floor":6.0},{"not_picked":["GalacticHalo","LuminesStrike"],"picked":"EnergyFlow","floor":8.0},{"not_picked":["SuperNova","BigCrunch"],"picked":"TreasureHunter","floor":16.0},{"not_picked":[],"picked":"IllusionStar+1","floor":18.0},{"not_picked":[],"picked":"GravityBeat","floor":20.0},{"not_picked":[],"picked":"GravityBeat","floor":21},{"not_picked":[],"picked":"AsteroidBelt","floor":24},{"not_picked":["WitchLeyline"],"picked":"SKIP","floor":25}],"player_experience":91924,"relics_obtained":[{"floor":6.0,"key":"MealTicket"},{"floor":8.0,"key":"Oddly Smooth Stone"},{"floor":26,"key":"Pen Nib"}],"event_choices":[{"cards_removed":["Defend_MRS"],"damage_healed":0.0,"max_hp_gain":0.0,"max_hp_loss":0.0,"gold_gain":0.0,"event_name":"Purifier","player_choice":"Purged","floor":3.0,"gold_loss":0.0,"damage_taken":0.0},{"cards_removed":["Strike_MRS"],"damage_healed":0.0,"max_hp_gain":0.0,"max_hp_loss":0.0,"gold_gain":0.0,"event_name":"The Cleric","player_choice":"Card Removal","floor":5.0,"gold_loss":50.0,"damage_taken":0.0},{"damage_healed":0.0,"max_hp_gain":0.0,"max_hp_loss":0.0,"gold_gain":0.0,"event_name":"Golden Idol","player_choice":"Take Wound","floor":11.0,"gold_loss":0.0,"damage_taken":0.0,"relics_obtained":["Golden Idol"],"cards_obtained":["Injury"]},{"cards_removed":["Injury"],"damage_healed":0.0,"max_hp_gain":0.0,"max_hp_loss":0.0,"gold_gain":0.0,"event_name":"Living Wall","player_choice":"Forget","floor":13.0,"gold_loss":0.0,"damage_taken":0.0},{"damage_healed":0.0,"max_hp_gain":0.0,"max_hp_loss":0.0,"gold_gain":175.0,"event_name":"Liars Game","player_choice":"AGREE","floor":14.0,"gold_loss":0.0,"damage_taken":0.0,"cards_obtained":["Doubt"]},{"damage_healed":0.0,"max_hp_gain":0.0,"max_hp_loss":0.0,"gold_gain":0.0,"event_name":"The Woman in Blue","player_choice":"Bought 0 Potions","floor":19.0,"gold_loss":0.0,"damage_taken":0.0}],"is_beta":false,"boss_relics":[{"not_picked":["Pandora\u0027s Box","Sozu"],"picked":"Busted Crown"}],"items_purged_floors":[22],"is_endless":false,"potions_floor_spawned":[1,6,8,18,21,24],"killed_by":"Chosen and Byrds","ascension_level":1}}