{"host":"qy1e0kd24tpj3i2m","time":1609888889,"event":{"mods":["Act Like it!","Alarm Clock","BaseMod","Better Skull","Better Vampires","Colored Map","Colored Powertips","Custom Start","Faster Ascension Climbing","Friendly Minions","GifTheSpireLib","Gremlin Skip","Highlight Path","Minty Spire (QoL Compilation)","Permanent Neow","Quick Restart","Red Circlet Mod","Relic Sorter","Reorder Act Four","SacredBarkPlus","Shop Mod","StSLib","SuperFastMode","Transform Curses","没有小屋子和绿帽子啦"],"gold_per_floor":[112,262,147,147,10,10,10,45,45,55,55,69,85,100,100,175,175,195,65,65,65,75,75,108,108,108,4,24,24,24],"floor_reached":29,"playtime":1268,"items_purged":["Doubt","Regret"],"score":482,"play_id":"5553b1c1-cac0-4aee-b8dd-b81868875cbf","local_time":"20210106082129","daily_mods":["SealedDeck"],"is_ascension_mode":true,"campfire_choices":[{"data":"Entrench","floor":6,"key":"SMITH"},{"data":"True Grit","floor":15,"key":"SMITH"},{"data":"Demon Form","floor":23,"key":"SMITH"}],"circlet_count":0,"master_deck":["AscendersBane","Body Slam","Power Through","True Grit+1","Power Through","Body Slam","Seeing Red","Reckless Charge","Wild Strike","Uppercut","Evolve","Flame Barrier","Entrench+1","Reckless Charge","Rage","Demon Form+1","Seeing Red","Wild Strike+1","Metallicize","Flex+1","Burning Pact+1"],"relics":["Burning Blood","Meat on the Bone","Oddly Smooth Stone","TungstenRod","Runic Cube","MerchantsRug","Red Skull","Toxic Egg 2"],"acts_visited":["Exordium","TheCity"],"potions_floor_usage":[9,16,24],"damage_taken":[{"damage":0,"enemies":"2 Louse","floor":1,"turns":2},{"damage":25,"enemies":"3 Sentries","floor":8,"turns":7},{"damage":0,"enemies":"Jaw Worm","floor":10,"turns":3},{"damage":11,"enemies":"Small Slimes","floor":12,"turns":3},{"damage":2,"enemies":"Looter","floor":13,"turns":3},{"damage":11,"enemies":"Large Slime","floor":14,"turns":5},{"damage":15,"enemies":"The Guardian","floor":16,"turns":14},{"damage":10,"enemies":"Shell Parasite","floor":18,"turns":6},{"damage":4,"enemies":"Spheric Guardian","floor":22,"turns":5},{"damage":39,"enemies":"Book of Stabbing","floor":24,"turns":7},{"damage":30,"enemies":"Snake Plant","floor":28,"turns":5}],"seed_played":"-6126149607118387263","potions_obtained":[{"floor":8,"key":"BloodPotion"},{"floor":10,"key":"SmokeBomb"},{"floor":12,"key":"BloodPotion"},{"floor":22,"key":"Swift Potion"}],"is_trial":true,"path_per_floor":["M","?","$","?","$","R","$","E","T","M","$","M","M","M","R","B",null,"M","$","?","?","M","R","E","?","T","$","M","R"],"character_chosen":"IRONCLAD","items_purchased":["Flame Barrier","Entrench","MerchantsRug","Metallicize","Flex+1"],"campfire_rested":0,"item_purchase_floors":[3,5,19,27,27],"current_hp_per_floor":[74,74,74,74,74,74,74,55,70,75,75,70,74,69,69,75,75,71,71,71,71,73,73,52,52,52,52,40,40,40],"gold":24,"neow_bonus":"","is_daily":false,"chose_seed":false,"campfire_upgraded":3,"win_rate":0.0,"timestamp":1609888889,"path_taken":["M","?","$","?","?","R","?","E","T","M","$","M","?","M","R","BOSS","M","$","?","?","M","R","E","?","T","?","M","R"],"items_purchased_type":["Card","Card","Relic","Card","Card"],"build_version":"2020-12-22","purchased_purges":2,"victory":false,"max_hp_per_floor":[75,75,75,75,75,75,75,75,75,75,75,75,75,75,75,75,75,75,75,75,75,75,75,75,75,75,75,75,75,75],"card_choices":[{"not_picked":["Pommel Strike","Sword Boomerang"],"picked":"Evolve","floor":1},{"not_picked":["Rupture","Twin Strike","Heavy Blade"],"picked":"SKIP","floor":8},{"not_picked":["Sword Boomerang","Intimidate"],"picked":"Reckless Charge","floor":10},{"not_picked":["Sword Boomerang","Battle Trance","Shockwave"],"picked":"SKIP","floor":12},{"not_picked":["Cleave","Ghostly Armor"],"picked":"Rage","floor":13},{"not_picked":["Headbutt","Flex","Spot Weakness"],"picked":"SKIP","floor":14},{"not_picked":["Limit Break","Reaper"],"picked":"Demon Form","floor":16},{"not_picked":["Clash","Havoc","Wild Strike"],"picked":"SKIP","floor":18},{"not_picked":["Thunderclap","Hemokinesis"],"picked":"Seeing Red","floor":22},{"not_picked":["Pommel Strike","Perfected Strike+1"],"picked":"Wild Strike+1","floor":24},{"not_picked":["Clash+1","Whirlwind"],"picked":"Burning Pact+1","floor":28}],"player_experience":891373,"relics_obtained":[{"floor":8,"key":"Oddly Smooth Stone"},{"floor":9,"key":"TungstenRod"},{"floor":24,"key":"Red Skull"},{"floor":26,"key":"Toxic Egg 2"}],"event_choices":[{"damage_healed":0,"gold_gain":150,"player_choice":"AGREE","damage_taken":0,"max_hp_gain":0,"max_hp_loss":0,"event_name":"Liars Game","floor":2,"gold_loss":0,"cards_obtained":["Doubt"]},{"damage_healed":0,"gold_gain":0,"player_choice":"Box","damage_taken":0,"relics_obtained":["Meat on the Bone"],"max_hp_gain":0,"max_hp_loss":0,"event_name":"Big Fish","floor":4,"gold_loss":0,"cards_obtained":["Regret"]},{"damage_healed":0,"gold_gain":0,"player_choice":"Ignored","damage_taken":0,"max_hp_gain":0,"max_hp_loss":0,"event_name":"Ghosts","floor":20,"gold_loss":0},{"damage_healed":0,"gold_gain":0,"player_choice":"Ignored","damage_taken":0,"max_hp_gain":0,"max_hp_loss":0,"event_name":"Vampires","floor":21,"gold_loss":0},{"cards_removed":["Wild Strike"],"damage_healed":0,"gold_gain":0,"player_choice":"Elegance","damage_taken":0,"max_hp_gain":0,"max_hp_loss":0,"event_name":"Back to Basics","floor":25,"gold_loss":0}],"is_beta":false,"boss_relics":[{"not_picked":["Empty Cage","Astrolabe"],"picked":"Runic Cube"}],"items_purged_floors":[3,5],"is_endless":false,"potions_floor_spawned":[8,10,12,22],"ascension_level":20}}