{"host":"mi0eibewekhugwl1","time":1609855906,"event":{"mods":["AchievementEnabler","BaseMod","Colored Map","Colored Powertips","DeckTracker","Keyboard Shortcuts","Minty Spire (QoL Compilation)","Quick Restart","Rare Cards Sparkle","Relic Stats","StSLib","SuperFastMode","everything is the same but u backflip on backflip"],"gold_per_floor":[118,137,156,171,171,171,191,221,221,241,241,256,289,309,309,309,309],"floor_reached":16,"playtime":237,"items_purged":[],"score":232,"play_id":"b25c9fd7-e6c3-4149-9a4c-678a939bcca8","local_time":"20210105231146","is_ascension_mode":true,"campfire_choices":[{"floor":6,"key":"REST"},{"floor":11,"key":"REST"},{"data":"Inflame","floor":15,"key":"SMITH"}],"circlet_count":0,"master_deck":["AscendersBane","Strike_R","Strike_R","Strike_R","Strike_R","Strike_R","Defend_R","Defend_R","Defend_R","Defend_R","Bash","Inflame+1","Rampage","Cleave","Sword Boomerang","Seeing Red","Pommel Strike","Twin Strike"],"relics":["Burning Blood","Centennial Puzzle","Dream Catcher","Paper Frog","Incense Burner"],"acts_visited":["Exordium"],"potions_floor_usage":[8,13],"damage_taken":[{"damage":11,"enemies":"2 Louse","floor":1,"turns":3},{"damage":14,"enemies":"Jaw Worm","floor":2,"turns":4},{"damage":15,"enemies":"Small Slimes","floor":3,"turns":3},{"damage":18,"enemies":"Exordium Thugs","floor":4,"turns":3},{"damage":22,"enemies":"Lots of Slimes","floor":7,"turns":3},{"damage":8,"enemies":"Gremlin Nob","floor":8,"turns":3},{"damage":25,"enemies":"Red Slaver","floor":10,"turns":4},{"damage":0,"enemies":"Exordium Wildlife","floor":12,"turns":2},{"damage":23,"enemies":"3 Sentries","floor":13,"turns":6},{"damage":15,"enemies":"3 Louse","floor":14,"turns":2},{"damage":38,"enemies":"Slime Boss","floor":16,"turns":3}],"seed_played":"820041926204848474","potions_obtained":[{"floor":3,"key":"LiquidBronze"},{"floor":4,"key":"PowerPotion"},{"floor":10,"key":"Block Potion"},{"floor":14,"key":"Energy Potion"}],"is_trial":false,"path_per_floor":["M","M","M","M","?","R","M","E","T","M","R","M","E","M","R","B"],"character_chosen":"IRONCLAD","items_purchased":[],"campfire_rested":2,"item_purchase_floors":[],"current_hp_per_floor":[63,55,46,34,23,45,29,27,27,8,30,36,19,10,10,0,0],"gold":309,"neow_bonus":"THREE_CARDS","is_daily":false,"chose_seed":false,"campfire_upgraded":1,"win_rate":0.0,"timestamp":1609855906,"path_taken":["M","M","M","M","?","R","M","E","T","M","R","M","E","M","R","BOSS"],"items_purchased_type":[],"build_version":"2020-12-22","purchased_purges":0,"victory":false,"max_hp_per_floor":[75,75,75,75,75,75,75,75,75,75,75,75,75,75,75,75,75],"relic_stats":{"Centennial Puzzle":[15],"Dream Catcher":1,"counters":[11,36],"obtain_stats":[{"Centennial Puzzle":5,"Dream Catcher":8,"Incense Burner":13,"Burning Blood":0,"Paper Frog":9},{"Centennial Puzzle":4,"Dream Catcher":6,"Incense Burner":9,"Burning Blood":0,"Paper Frog":6},{"Centennial Puzzle":13,"Dream Catcher":19,"Incense Burner":31,"Burning Blood":0,"Paper Frog":19}],"Burning Blood":60},"card_choices":[{"not_picked":["Flame Barrier","Rage"],"picked":"Inflame","floor":0},{"not_picked":["Iron Wave","Armaments"],"picked":"Rampage","floor":1},{"not_picked":["Twin Strike","Flex"],"picked":"Cleave","floor":2},{"not_picked":["Clothesline","Warcry"],"picked":"Sword Boomerang","floor":3},{"not_picked":["Armaments","Intimidate"],"picked":"Seeing Red","floor":4},{"not_picked":["Infernal Blade","Clothesline"],"picked":"Pommel Strike","floor":7},{"not_picked":["Combust","Perfected Strike","Flex"],"picked":"SKIP","floor":8},{"not_picked":["Body Slam","Thunderclap","Brutality"],"picked":"SKIP","floor":10},{"not_picked":["Dark Embrace","Bloodletting","Clothesline"],"picked":"SKIP","floor":12},{"not_picked":["Clash","Entrench","Infernal Blade"],"picked":"SKIP","floor":13},{"not_picked":["Burning Pact","Thunderclap"],"picked":"Twin Strike","floor":14}],"player_experience":1731809,"relics_obtained":[{"floor":8,"key":"Dream Catcher"},{"floor":9,"key":"Paper Frog"},{"floor":13,"key":"Incense Burner"}],"event_choices":[{"damage_healed":0,"gold_gain":0,"player_choice":"Success","damage_taken":11,"relics_obtained":["Centennial Puzzle"],"max_hp_gain":0,"max_hp_loss":0,"event_name":"Scrap Ooze","floor":5,"gold_loss":0}],"is_beta":false,"boss_relics":[],"items_purged_floors":[],"is_endless":false,"potions_floor_spawned":[3,4,10,14],"killed_by":"Slime Boss","ascension_level":20}}