{"host":"0nfdmr2b19ur4mbc","time":1609875256,"event":{"mods":["2.2 Compatiblity","AchievementEnabler","Aspiration","BaseMod","Better Match","Better Note","Better Third Choice","Better Vampires","Disable Question Mark Monsters","Hubris","Infinite Spire","Minty Spire (QoL Compilation)","Quick Restart","Rare Cards Sparkle","Replay The Spire","StSLib"],"gold_per_floor":[110,110,110,110,130,156,156,166,166,22,22,34,45,45,45,141,141],"floor_reached":16,"playtime":418,"items_purged":[],"score":150,"play_id":"1a174c59-1f6a-4773-90f7-fecd14cbd798","local_time":"20210105203416","is_ascension_mode":false,"campfire_choices":[{"data":"ReplayTheSpireMod:Limb From Limb","floor":7.0,"key":"SMITH"},{"data":"Seeing Red","floor":11.0,"key":"SMITH"},{"floor":15.0,"key":"REST"}],"circlet_count":0,"master_deck":["Strike_R","Strike_R","Strike_R","Strike_R","Defend_R","Defend_R","Defend_R","Defend_R","Bash","hubris:ReadiedAction","Demonic Infusion+1","ReplayTheSpireMod:Limb From Limb+1","Seeing Red+1","ReplayTheSpireMod:Muscle Training","Perfected Strike","ReplayTheSpireMod:Stacked"],"relics":["Burning Blood","aspiration:Nostalgia","infinitespire:DarkRift","Tiny Chest","infinitespire:EmpoweringShard","CaptainsWheel","Membership Card"],"acts_visited":["Exordium"],"potions_floor_usage":[16,16],"damage_taken":[{"damage":10.0,"enemies":"Small Slimes","floor":1.0,"turns":2.0},{"damage":12.0,"enemies":"2 Louse","floor":5.0,"turns":4.0},{"damage":26.0,"enemies":"Gremlin Nob","floor":6.0,"turns":4.0},{"damage":15.0,"enemies":"Cultist","floor":8.0,"turns":4.0},{"damage":12.0,"enemies":"Exordium Wildlife","floor":12.0,"turns":4.0},{"damage":12.0,"enemies":"Large Slime","floor":13.0,"turns":5.0},{"damage":10,"enemies":"Slime Boss","floor":16,"turns":8}],"seed_played":"-2694977799887343375","potions_obtained":[{"floor":8.0,"key":"FairyPotion"},{"floor":12.0,"key":"Fire Potion"},{"floor":13.0,"key":"Strength Potion"},{"floor":16,"key":"AttackPotion"}],"is_trial":false,"path_per_floor":["M","?","?","?","M","E","R","M","T","$","R","M","M","$","R","B"],"character_chosen":"IRONCLAD","items_purchased":["Membership Card"],"campfire_rested":1,"item_purchase_floors":[10],"current_hp_per_floor":[76,76,76,76,70,50,50,41,41,41,41,45,39,39,63,69,69],"gold":141,"neow_bonus":"NOSTALGIA","is_daily":false,"chose_seed":false,"campfire_upgraded":2,"win_rate":0.0,"timestamp":1609875256,"path_taken":["M","?","?","?","M","E","R","M","T","$","R","M","M","$","R","BOSS"],"items_purchased_type":["Relic"],"build_version":"2020-12-22","purchased_purges":0,"victory":false,"max_hp_per_floor":[80,80,80,80,80,80,80,80,80,80,80,80,80,80,80,80,80],"card_choices":[{"not_picked":["Warcry","Heavy Blade"],"picked":"hubris:ReadiedAction","floor":1.0},{"not_picked":["Reckless Charge","Sword Boomerang"],"picked":"ReplayTheSpireMod:Limb From Limb","floor":5.0},{"not_picked":["True Grit","Brutality"],"picked":"Seeing Red","floor":6.0},{"not_picked":["Twin Strike","Searing Blow"],"picked":"ReplayTheSpireMod:Muscle Training","floor":8.0},{"not_picked":["Anger","Carnage"],"picked":"Perfected Strike","floor":12.0},{"not_picked":["ReplayTheSpireMod:LeadingStrike","Wild Strike"],"picked":"ReplayTheSpireMod:Stacked","floor":13.0}],"player_experience":156409,"relics_obtained":[{"floor":6.0,"key":"infinitespire:EmpoweringShard"},{"floor":9.0,"key":"CaptainsWheel"}],"event_choices":[{"damage_healed":0.0,"max_hp_gain":0.0,"max_hp_loss":0.0,"gold_gain":0.0,"event_name":"Big Fish","player_choice":"Box","floor":2.0,"gold_loss":0.0,"damage_taken":0.0,"relics_obtained":["Tiny Chest"],"cards_obtained":["Regret"]},{"cards_removed":["Regret"],"damage_healed":0.0,"max_hp_gain":0.0,"max_hp_loss":0.0,"gold_gain":0.0,"event_name":"Living Wall","player_choice":"Forget","floor":3.0,"gold_loss":0.0,"damage_taken":0.0}],"is_beta":false,"boss_relics":[],"items_purged_floors":[],"is_endless":false,"potions_floor_spawned":[8,12,13,16],"killed_by":"Slime Boss","ascension_level":0}}