{"host":"e4wnmsyty9uvvtwf","time":1609840780,"event":{"mods":["Act Like it!","Aspiration","BaseMod","Colored Map","Colored Powertips","Gensokyo","Marisa£®ÏF”Í°°ƒß¿Ì…≥£©","Minty Spire (QoL Compilation)","Rare Cards Sparkle","Replay The Spire","StSLib"],"gold_per_floor":[114,129,145,145,163,163,3,21,21,38,138,138,77,77,77,305,305,380,380,391,391,47,65,35,61,61,161,161,395,395,405,405,419,419,498,498,517,517,517,102,120,120,134,134,134,161,161,174,174,174,174,174,174],"floor_reached":54,"playtime":2206,"items_purged":["Shame"],"score":1951,"play_id":"8b6fef4d-e7f2-4ba2-bee4-b62460beefda","local_time":"20210105175940","is_ascension_mode":true,"campfire_choices":[{"data":"FairyDestructionRay","floor":6,"key":"SMITH"},{"floor":12,"key":"REST"},{"floor":26,"key":"REST"},{"data":"DarkMatter","floor":30,"key":"SMITH"},{"data":"Occultation","floor":32,"key":"SMITH"},{"data":"ManaRampage","floor":34,"key":"SMITH"},{"data":"BinaryStars","floor":42,"key":"SMITH"},{"data":"OrrerysSun","floor":44,"key":"SMITH"},{"data":"StarBarrage","floor":47,"key":"SMITH"},{"floor":51,"key":"DIG"}],"circlet_count":0,"master_deck":["AscendersBane","Strike_MRS","Strike_MRS","Defend_MRS+1","Defend_MRS","Defend_MRS","Defend_MRS","MasterSpark","UpSweep+1","MysteriousBeam+1","FairyDestructionRay+1","StarBarrage+1","SuperPerseids+1","ManaRampage+1","EnergyRecoil+1","MysteriousBeam","SatelliteIllusion","DarkMatter+1","Trip","MilkyWay","PowerUp","ReplayTheSpireMod:Restless Dread","Occultation+1","OrrerysSun+1","BinaryStars+1","CommonCold","OortCloud","Gensokyo:ReactiveArmor"],"relics":["MiniHakkero","Singing Bowl","Iron Hammer","Bag of Marbles","Du-Vu Doll","Cursed Key","Anchor","Bird Faced Urn","MagicBroom","Incense Burner","aspiration:AnachronicSnailShell","Gremlin Horn","aspiration:IroncladSkillbook","Orichalcum","Gensokyo:DualWield","Chemical X","SimpleLauncher","Medical Kit","Bottled Flame","Shovel","Pen Nib"],"acts_visited":["Exordium","Gensokyo:Gensokyo","Gensokyo:Gensokyoer"],"potions_floor_usage":[10,25,29,52,53],"damage_taken":[{"damage":3,"enemies":"Gensokyo:3_Fairies","floor":1,"turns":4},{"damage":12,"enemies":"Gensokyo:Gryphon","floor":2,"turns":3},{"damage":3,"enemies":"Gensokyo:Python","floor":3,"turns":3},{"damage":8,"enemies":"Gensokyo:2_Rabbits","floor":5,"turns":4},{"damage":11,"enemies":"Gensokyo:Python_and_Kodama","floor":8,"turns":4},{"damage":26,"enemies":"Gensokyo:3_Kodama","floor":10,"turns":4},{"damage":16,"enemies":"Gensokyo:Cirno","floor":16,"turns":5},{"damage":29,"enemies":"Gensokyo:Kokoro","floor":18,"turns":9},{"damage":0,"enemies":"Gensokyo:Chomper","floor":20,"turns":3},{"damage":5,"enemies":"Gensokyo:AngelMirror","floor":23,"turns":2},{"damage":37,"enemies":"Gensokyo:Koishi","floor":25,"turns":5},{"damage":2,"enemies":"Gensokyo:Koishi","floor":27,"turns":6},{"damage":12,"enemies":"Gensokyo:Reisen","floor":29,"turns":3},{"damage":0,"enemies":"Gensokyo:Slime_Group","floor":31,"turns":2},{"damage":0,"enemies":"Gensokyo:3_Gloops","floor":33,"turns":3},{"damage":1,"enemies":"Gensokyo:Kaguya","floor":35,"turns":7},{"damage":0,"enemies":"Gensokyo:3_Boulders","floor":37,"turns":1},{"damage":0,"enemies":"Gensokyo:AncientGuardian","floor":41,"turns":2},{"damage":18,"enemies":"Gensokyo:Rafflesia","floor":43,"turns":4},{"damage":5,"enemies":"Gensokyo:Marisa","floor":46,"turns":2},{"damage":13,"enemies":"Gensokyo:Sharpion","floor":48,"turns":3},{"damage":7,"enemies":"Gensokyo:Shinki","floor":52,"turns":7},{"damage":0,"enemies":"Gensokyo:Yuyuko","floor":53,"turns":2}],"seed_played":"7998031884958613756","potions_obtained":[{"floor":2,"key":"ShroomBrew"},{"floor":8,"key":"Elixir"},{"floor":18,"key":"Energy Potion"},{"floor":25,"key":"Death Potion"},{"floor":29,"key":"ColorlessPotion"},{"floor":31,"key":"Adrenaline Potion"},{"floor":41,"key":"CultistPotion"}],"is_trial":false,"path_per_floor":["M","M","M","?","M","R","COS","M","T","M","?","R","$","PTL","PTL","E","R_BF","B",null,"M","?","$","M","COS","E","R","?","T","E","R","M","R","M","R","B",null,"M","?","?","COS","M","R","M","R","T","E","R","M","?","?","R_BF","B","B",null],"character_chosen":"MARISA","items_purchased":["EnergyRecoil+1","Anchor","Trip"],"campfire_rested":2,"item_purchase_floors":[13,22,22],"current_hp_per_floor":[67,55,52,52,44,44,44,33,33,7,7,30,30,30,30,14,37,8,60,60,60,60,55,55,18,41,43,43,35,35,35,35,37,37,40,71,77,77,77,77,85,85,75,75,75,76,76,69,69,69,69,70,70],"gold":174,"neow_bonus":"TEN_PERCENT_HP_BONUS","is_daily":false,"chose_seed":false,"campfire_upgraded":7,"win_rate":0.0,"timestamp":1609840780,"path_taken":["M","M","M","?","?","R","COS","M","T","M","?","R","?","PTL","PTL","E","R_BF","BOSS","M","?","$","M","COS","E","R","?","T","E","R","M","R","M","R","BOSS","M","?","?","COS","M","R","?","R","T","E","R","M","?","?","R_BF","BOSS","BOSS"],"items_purchased_type":["Card","Relic","Card"],"build_version":"2020-12-22","purchased_purges":1,"victory":true,"max_hp_per_floor":[77,77,77,77,77,77,77,77,77,77,77,77,77,77,77,77,77,77,77,77,77,77,77,77,77,77,79,79,81,81,81,81,81,81,81,81,83,83,83,83,85,85,87,87,87,89,89,89,89,89,89,89,89],"card_choices":[{"not_picked":["IllusionStar","GravityBeat"],"picked":"MysteriousBeam","floor":1},{"not_picked":["SporeBomb","WitchOfGreed"],"picked":"ShootingEcho","floor":2},{"not_picked":["DarkMatter","MysteriousBeam"],"picked":"FairyDestructionRay","floor":3},{"not_picked":["SporeBomb","GrandCross"],"picked":"StarBarrage","floor":5},{"not_picked":["6A","RefractionSpark"],"picked":"SuperPerseids","floor":8},{"not_picked":["ShootingEcho","Acceleration"],"picked":"ManaRampage","floor":10},{"not_picked":["SporeBomb","6A"],"picked":"MysteriousBeam","floor":16},{"not_picked":["FinalSpark","CollectingQuirk"],"picked":"SatelliteIllusion","floor":18},{"not_picked":["Singularity","UnstableBomb"],"picked":"DarkMatter","floor":20},{"not_picked":["WitchLeyline","WitchOfGreed"],"picked":"MilkyWay","floor":23},{"not_picked":["AlicesGift","WitchOfGreed"],"picked":"PowerUp","floor":25},{"not_picked":["IllusionStar","DC","NonDirectionalLaser"],"picked":"Singing Bowl","floor":27},{"not_picked":["6A","WitchLeyline","DarkSpark"],"picked":"Singing Bowl","floor":29},{"not_picked":["PowerUp","DarkSpark"],"picked":"Occultation","floor":31},{"not_picked":["BigCrunch","MilkyWay"],"picked":"OrrerysSun","floor":33},{"not_picked":["TreasureHunter","FinalSpark"],"picked":"BinaryStars","floor":35},{"not_picked":["Clash+1","Warcry+1","Clothesline","Headbutt+1"],"picked":"Singing Bowl","floor":37},{"not_picked":["Carnage+1","GravityBeat","SprinkleStarSeal","Fire Breathing+1"],"picked":"Singing Bowl","floor":41},{"not_picked":["ReplayTheSpireMod:Muscle Training","Acceleration","Reckless Charge+1","Second Wind"],"picked":"Singing Bowl","floor":43},{"not_picked":["EnergyRecoil","ReplayTheSpireMod:Corrosion Curse","EnergyFlow","Eclipse"],"picked":"Singing Bowl","floor":46},{"not_picked":["Replay:Undeath\u0027s Touch+1","Defy Death","GalacticHalo+1"],"picked":"OortCloud","floor":48}],"player_experience":692649,"relics_obtained":[{"floor":9,"key":"Singing Bowl"},{"floor":16,"key":"Bag of Marbles"},{"floor":25,"key":"Bird Faced Urn"},{"floor":27,"key":"MagicBroom"},{"floor":27,"key":"Incense Burner"},{"floor":28,"key":"aspiration:AnachronicSnailShell"},{"floor":29,"key":"Gremlin Horn"},{"floor":45,"key":"Bottled Flame"},{"floor":46,"key":"Shovel"},{"floor":51,"key":"Pen Nib"}],"event_choices":[],"is_beta":false,"boss_relics":[{"not_picked":["aspiration:RitualDagger","Abe\u0027s Treasure"],"picked":"Cursed Key"},{"not_picked":["Ring of Chaos","BewitchedHakkero"],"picked":"aspiration:IroncladSkillbook"}],"items_purged_floors":[22],"is_endless":false,"potions_floor_spawned":[2,8,18,25,29,31,33,41,48],"ascension_level":20}}