{"host":"5fasz840ryq7obdf","time":1609857608,"event":{"mods":["2.2 Compatiblity","AchievementEnabler","BaseMod","Bestiary","Better Altar","Better Skull","Better Third Choice","BetterRewards","Block Reminder","Colored Powertips","Curses Come First","Downfall","Minty Spire (QoL Compilation)","Quick Restart","Relic Sorter","Relic Stats","Shop Mod","Spicy Shops","StSLib","SuperFastMode","ojb\u0027s Better Paths Mod","ojb\u0027s Info Mod"],"gold_per_floor":[99,111,128,128,128,160,160,178,206,131,131,144,171,186,202,302,302,227,240,256,273,301,327,352,371,296,312,312,338,350,382,410,523,535,547,576,603,631,224,253,253,253,264,292,311,342,342,8,23,23,23,55,17,17,17],"floor_reached":56,"playtime":5778,"items_purged":["Parasite"],"score":1783,"play_id":"e3ab072a-ca8c-49a2-8f18-91751386ef20","local_time":"20210105144008","is_ascension_mode":true,"campfire_choices":[{"data":"Guardian:TwinSlam","floor":1.0,"key":"SMITH"},{"floor":10.0,"key":"RECALL"},{"data":"Guardian:CompilePackage","floor":18.0,"key":"SMITH"},{"data":"Guardian:StasisEngine","floor":26.0,"key":"SMITH"},{"data":"Guardian:DecasProtection","floor":28.0,"key":"SMITH"},{"data":"Guardian:PrismaticBarrier","floor":30.0,"key":"SMITH"},{"data":"Guardian:Suspension","floor":35.0,"key":"SMITH"},{"data":"Guardian:Orbwalk","floor":47,"key":"SMITH"},{"data":"Guardian:DonusPower","floor":54,"key":"SMITH"}],"circlet_count":0,"master_deck":["Guardian:CurlUp","Guardian:TwinSlam+1","Guardian:PrismaticBarrier+1","Guardian:Orbwalk+1","Guardian:Orbwalk","Guardian:TimeBomb","Guardian:HyperBeam_Guardian","Guardian:FierceBash","Guardian:ExploitGems","Guardian:EvasiveProtocol","Guardian:CompilePackage+1","Guardian:GatlingBeam","Guardian:ChargeUp","Guardian:StasisEngine+1","Guardian:StasisStrike","Guardian:TemporalShield+1","Guardian:DecasProtection+1","Guardian:WalkerClaw","Guardian:Suspension+1","Guardian:Recover+1","Guardian:PrismaticBeam+1","Guardian:ExploitGems","Guardian:EvasiveProtocol","Guardian:ChargeCore+1","Guardian:StasisEngine+1","Guardian:Orbwalk","Flash of Steel","Guardian:SpikerProtocol+1","Guardian:TemporalShield+1","Guardian:TimeCapacitor+1","Guardian:TemporalShield","Guardian:ExploitGems","Guardian:RollAttack","Guardian:TimeCapacitor","Secret Weapon","Guardian:DonusPower+1"],"relics":["Philosopher\u0027s Stone","Pantograph","Blood Vial","Mummified Hand","Juzu Bracelet","downfall:HeartBlessingGreen","Happy Flower","Pandora\u0027s Box","downfall:HeartBlessingRed","Red Mask","Turnip","downfall:HeartBlessingBlue","MawBank","Sozu","Membership Card","DollysMirror","Vajra","Matryoshka","Regal Pillow","Du-Vu Doll","Centennial Puzzle","PreservedInsect","HornCleat","Oddly Smooth Stone","Ornamental Fan","Frozen Eye","TheAbacus","Bag of Preparation"],"acts_visited":["Exordium","TheCity","TheBeyond","TheEnding"],"potions_floor_usage":[],"damage_taken":[{"damage":0.0,"enemies":"2 Louse","floor":2.0,"turns":2.0},{"damage":0.0,"enemies":"Small Slimes","floor":3.0,"turns":4.0},{"damage":33.0,"enemies":"3 Sentries","floor":6.0,"turns":9.0},{"damage":0.0,"enemies":"Cultist","floor":8.0,"turns":3.0},{"damage":1.0,"enemies":"Lagavulin","floor":9.0,"turns":5.0},{"damage":1.0,"enemies":"Exordium Wildlife","floor":12.0,"turns":4.0},{"damage":14.0,"enemies":"3 Sentries","floor":13.0,"turns":4.0},{"damage":0.0,"enemies":"Blue Slaver","floor":14.0,"turns":3.0},{"damage":0.0,"enemies":"2 Fungi Beasts","floor":15.0,"turns":3.0},{"damage":34.0,"enemies":"downfall:Silent","floor":16.0,"turns":6.0},{"damage":0.0,"enemies":"Chosen","floor":19.0,"turns":2.0},{"damage":0.0,"enemies":"Shell Parasite","floor":20.0,"turns":2.0},{"damage":2.0,"enemies":"Centurion and Healer","floor":21.0,"turns":2.0},{"damage":4.0,"enemies":"Masked Bandits","floor":22.0,"turns":3.0},{"damage":0.0,"enemies":"Book of Stabbing","floor":23.0,"turns":3.0},{"damage":10.0,"enemies":"Cultist and Chosen","floor":25.0,"turns":2.0},{"damage":0.0,"enemies":"Shelled Parasite and Fungi","floor":27.0,"turns":2.0},{"damage":15.0,"enemies":"Slavers","floor":29.0,"turns":4.0},{"damage":0.0,"enemies":"3 Cultists","floor":31.0,"turns":2.0},{"damage":12.0,"enemies":"Snake Plant","floor":32.0,"turns":3.0},{"damage":0.0,"enemies":"downfall:Watcher","floor":33.0,"turns":5.0},{"damage":7.0,"enemies":"3 Shapes","floor":36.0,"turns":2.0},{"damage":9.0,"enemies":"Orb Walker","floor":37.0,"turns":2.0},{"damage":0.0,"enemies":"Writhing Mass","floor":38.0,"turns":5.0},{"damage":6.0,"enemies":"downfall:FleeingMerchant","floor":39.0,"turns":4.0},{"damage":0.0,"enemies":"Giant Head","floor":40.0,"turns":3.0},{"damage":0.0,"enemies":"Maw","floor":43.0,"turns":4.0},{"damage":0.0,"enemies":"Reptomancer","floor":44.0,"turns":2.0},{"damage":2.0,"enemies":"3 Darklings","floor":45.0,"turns":2.0},{"damage":0,"enemies":"Nemesis","floor":46,"turns":3},{"damage":0,"enemies":"downfall:FleeingMerchant","floor":48,"turns":3},{"damage":0,"enemies":"4 Shapes","floor":49,"turns":2},{"damage":0,"enemies":"downfall:Defect","floor":50,"turns":2},{"damage":2,"enemies":"downfall:CharBossMerchant","floor":52,"turns":2},{"damage":0,"enemies":"downfall:NeowBoss","floor":55,"turns":9}],"seed_played":"1895024943747775225","potions_obtained":[{"floor":9.0,"key":"LiquidMemories"},{"floor":12.0,"key":"SkillPotion"},{"floor":13.0,"key":"ColorlessPotion"},{"floor":14.0,"key":"Strength Potion"},{"floor":21.0,"key":"Strength Potion"},{"floor":23.0,"key":"Regen Potion"},{"floor":29.0,"key":"FearPotion"},{"floor":31.0,"key":"Guardian:AcceleratePotion"}],"is_trial":false,"path_per_floor":["R","M","M","?","?","E","T","M","E","R","?","M","E","M","M","B",null,"R","M","M","M","?","E","T","M","R","M","R","E","R","M","M","B",null,"R","M","M","M","$","E","T","?","M","E","M","E","R","$","M","B",null,"E","$","R","B",null],"character_chosen":"GUARDIAN","items_purchased":["Membership Card","DollysMirror","Vajra","Guardian:Orbwalk","Guardian:Gem_Cyan","Flash of Steel","Guardian:TimeCapacitor","HornCleat","Oddly Smooth Stone","Ornamental Fan","Secret Weapon","Guardian:DonusPower","Frozen Eye","TheAbacus"],"campfire_rested":0,"item_purchase_floors":[39,39,39,39,39,39,48,48,48,48,48,48,48,48],"current_hp_per_floor":[80,80,80,73,73,40,40,42,43,43,43,44,32,34,36,29,80,80,80,80,78,76,78,78,70,80,82,82,69,69,71,61,88,90,90,83,76,78,74,76,76,81,83,85,85,87,87,89,90,90,90,88,87,87,87],"gold":17,"neow_bonus":"BOSS_RELIC","is_daily":false,"chose_seed":false,"campfire_upgraded":8,"win_rate":0.0,"timestamp":1609857608,"path_taken":["R","M","M","?","?","E","T","M","E","R","?","M","E","M","M","BOSS","R","M","M","M","?","E","T","M","R","M","R","E","R","M","M","BOSS","R","M","M","M","$","E","T","?","M","E","M","E","R","?","M","BOSS","E","$","R","BOSS"],"items_purchased_type":["Relic","Relic","Relic","Card","Card","Card","Card","Relic","Relic","Relic","Card","Card","Relic","Relic"],"build_version":"2020-12-22","purchased_purges":1,"victory":true,"max_hp_per_floor":[80,80,80,80,80,80,80,80,80,80,80,80,80,80,80,80,80,80,80,80,80,80,80,80,80,90,90,90,90,90,90,90,90,90,90,90,90,90,90,90,90,90,90,90,90,90,90,90,90,90,90,90,87,87,87],"relic_stats":{"Regal Pillow":0,"Happy Flower":[29],"counters":[35,115],"PreservedInsect":104,"Juzu Bracelet":0,"Bag of Preparation":[2],"MawBank":120,"Blood Vial":49,"Sozu":5,"Centennial Puzzle":[6],"TheAbacus":[120],"Mummified Hand":[323],"Ornamental Fan":[160],"Pantograph":50,"Pandora\u0027s Box":["Guardian:GatlingBeam","Guardian:Gem_Orange","Guardian:ChargeUp","Guardian:StasisEngine","Guardian:Gem_Fragmented","Guardian:StasisStrike"],"Turnip":[5],"obtain_stats":[{"Regal Pillow":41,"Vajra":39,"downfall:HeartBlessingGreen":10,"Juzu Bracelet":9,"Bag of Preparation":52,"Blood Vial":6,"Sozu":34,"Frozen Eye":48,"Centennial Puzzle":44,"Matryoshka":40,"HornCleat":48,"TheAbacus":48,"Mummified Hand":7,"downfall:HeartBlessingBlue":26,"DollysMirror":39,"Pantograph":4,"Philosopher\u0027s Stone":0,"Red Mask":22,"Happy Flower":13,"downfall:HeartBlessingRed":18,"Guardian:ModeShifter":0,"Oddly Smooth Stone":48,"PreservedInsect":46,"MawBank":29,"Du-Vu Doll":41,"Ornamental Fan":48,"Pandora\u0027s Box":17,"Turnip":23,"Membership Card":39},{"Regal Pillow":26,"Vajra":25,"downfall:HeartBlessingGreen":5,"Juzu Bracelet":5,"Bag of Preparation":34,"Blood Vial":3,"Sozu":21,"Frozen Eye":31,"Centennial Puzzle":28,"Matryoshka":26,"HornCleat":31,"TheAbacus":31,"Mummified Hand":3,"downfall:HeartBlessingBlue":16,"DollysMirror":25,"Pantograph":2,"Philosopher\u0027s Stone":0,"Red Mask":14,"Happy Flower":7,"downfall:HeartBlessingRed":10,"Guardian:ModeShifter":0,"Oddly Smooth Stone":31,"PreservedInsect":30,"MawBank":18,"Du-Vu Doll":26,"Ornamental Fan":31,"Pandora\u0027s Box":10,"Turnip":15,"Membership Card":25},{"Regal Pillow":86,"Vajra":83,"downfall:HeartBlessingGreen":23,"Juzu Bracelet":23,"Bag of Preparation":106,"Blood Vial":15,"Sozu":71,"Frozen Eye":100,"Centennial Puzzle":92,"Matryoshka":86,"HornCleat":100,"TheAbacus":100,"Mummified Hand":15,"downfall:HeartBlessingBlue":57,"DollysMirror":83,"Pantograph":6,"Philosopher\u0027s Stone":0,"Red Mask":52,"Happy Flower":31,"downfall:HeartBlessingRed":43,"Guardian:ModeShifter":0,"Oddly Smooth Stone":100,"PreservedInsect":97,"MawBank":62,"Du-Vu Doll":86,"Ornamental Fan":100,"Pandora\u0027s Box":43,"Turnip":55,"Membership Card":83}]},"card_choices":[{"not_picked":["Guardian:ChargeCore","Guardian:RollAttack"],"picked":"Guardian:Gem_Cyan","floor":2.0},{"not_picked":["Guardian:Recover","Guardian:Gem_Lightblue"],"picked":"Guardian:PrismaticBarrier","floor":3.0},{"not_picked":["Guardian:Repulse","Guardian:CrystalBeam"],"picked":"Guardian:Orbwalk","floor":6.0},{"not_picked":["Guardian:Incinerate","Guardian:PiercingHide"],"picked":"Guardian:Orbwalk","floor":8.0},{"not_picked":["Guardian:Planning","Guardian:Gem_Blue"],"picked":"Guardian:TimeBomb","floor":9.0},{"not_picked":["Guardian:Reroute","Guardian:Harden"],"picked":"Guardian:FierceBash","floor":12.0},{"not_picked":["Guardian:RefractedBeam","Guardian:CrystalBeam"],"picked":"Guardian:ExploitGems","floor":13.0},{"not_picked":["Guardian:CrystalBeam","Guardian:DecasProtection"],"picked":"Guardian:EvasiveProtocol","floor":14.0},{"not_picked":["Guardian:PiercingHide","Guardian:CrystalBeam"],"picked":"Guardian:Gem_Green","floor":15.0},{"not_picked":["Guardian:Gem_Synthetic","Guardian:GemFinder"],"picked":"Guardian:CompilePackage","floor":16.0},{"not_picked":["Guardian:ShieldCharger","Guardian:PrimingBeam"],"picked":"Guardian:Gem_Green","floor":19.0},{"not_picked":["Guardian:Incinerate","Guardian:Gem_Blue"],"picked":"Guardian:TemporalShield+1","floor":20.0},{"not_picked":["Guardian:TemporalShield","Guardian:Gem_Green","Guardian:Suspension"],"picked":"SKIP","floor":21.0},{"not_picked":["Guardian:TemporalShield","Guardian:Incinerate"],"picked":"Guardian:DecasProtection","floor":22.0},{"not_picked":["Guardian:PrismaticBarrier+1","Guardian:StasisField"],"picked":"Guardian:WalkerClaw","floor":23.0},{"not_picked":["Guardian:RollAttack","Guardian:Incinerate","Guardian:Reroute+1"],"picked":"SKIP","floor":25.0},{"not_picked":["Guardian:PrismaticBarrier","Guardian:VentSteam"],"picked":"Guardian:Gem_Purple","floor":27.0},{"not_picked":["Guardian:Gem_Blue","Guardian:CrystalBeam"],"picked":"Guardian:Suspension","floor":29.0},{"not_picked":["Guardian:GuardianWhirl","Guardian:WalkerClaw"],"picked":"Guardian:Recover+1","floor":31.0},{"not_picked":["Guardian:ChargeCore","Guardian:TemporalShield"],"picked":"Guardian:PrismaticBeam+1","floor":32.0},{"not_picked":["Guardian:GatlingBeam","Guardian:GemFire"],"picked":"Guardian:ExploitGems","floor":33.0},{"not_picked":["Guardian:Recover","Guardian:CrystalBeam+1"],"picked":"Guardian:EvasiveProtocol","floor":36.0},{"not_picked":["Guardian:ChargeUp","Guardian:FloatingOrbs+1"],"picked":"Guardian:Gem_Yellow","floor":37.0},{"not_picked":["Guardian:Gem_Green","Guardian:FuturePlans"],"picked":"Guardian:Gem_White","floor":38.0},{"not_picked":["Guardian:MultiBeam","Guardian:RollAttack"],"picked":"Guardian:ChargeCore+1","floor":39.0},{"not_picked":["Guardian:ShieldSpikes+1","Guardian:DonusPower"],"picked":"Guardian:SpikerProtocol+1","floor":40.0},{"not_picked":["Guardian:Gem_Lightblue","Guardian:WalkerClaw"],"picked":"Guardian:TemporalShield+1","floor":43.0},{"not_picked":["Guardian:PiercingHide","Guardian:Gem_White"],"picked":"Guardian:TimeCapacitor+1","floor":44.0},{"not_picked":["Guardian:CrystalBeam+1","Guardian:Reroute"],"picked":"Guardian:TemporalShield","floor":45.0},{"not_picked":["Guardian:ShieldSpikes+1","Guardian:ChargeCore+1"],"picked":"Guardian:ExploitGems","floor":46},{"not_picked":["Guardian:Recover","Guardian:ShieldSpikes+1"],"picked":"Guardian:RollAttack","floor":48},{"not_picked":["Guardian:Gem_Lightblue","Guardian:Gem_Green"],"picked":"Guardian:Gem_Red","floor":49},{"not_picked":["Guardian:RevengeProtocol","Guardian:ChargeUp"],"picked":"Guardian:Gem_Fragmented","floor":52}],"player_experience":1527018,"relics_obtained":[{"floor":6.0,"key":"Blood Vial"},{"floor":7.0,"key":"Mummified Hand"},{"floor":9.0,"key":"Juzu Bracelet"},{"floor":13.0,"key":"Happy Flower"},{"floor":22.0,"key":"Red Mask"},{"floor":23.0,"key":"Turnip"},{"floor":29.0,"key":"MawBank"},{"floor":40.0,"key":"Matryoshka"},{"floor":41.0,"key":"Regal Pillow"},{"floor":41.0,"key":"Du-Vu Doll"},{"floor":44.0,"key":"Centennial Puzzle"},{"floor":46,"key":"PreservedInsect"},{"floor":52,"key":"Bag of Preparation"}],"event_choices":[{"damage_healed":0.0,"max_hp_gain":0.0,"max_hp_loss":0.0,"gold_gain":0.0,"event_name":"betterThird:BetterScrap","player_choice":"Relic ","floor":4.0,"gold_loss":0.0,"damage_taken":7.0,"cards_obtained":["Blood for Blood"]},{"damage_healed":0.0,"max_hp_gain":0.0,"max_hp_loss":0.0,"gold_gain":0.0,"cards_transformed":["Guardian:Strike_Guardian"],"event_name":"Living Wall","player_choice":"Change","floor":11.0,"gold_loss":0.0,"damage_taken":0.0,"cards_obtained":["Guardian:HyperBeam_Guardian"]},{"damage_healed":0.0,"max_hp_gain":0.0,"max_hp_loss":0.0,"gold_gain":0.0,"event_name":"Masked Bandits","player_choice":"Fought Bandits","floor":22.0,"gold_loss":0.0,"damage_taken":0.0},{"cards_removed":["Guardian:Gem_Cyan"],"damage_healed":5.0,"max_hp_gain":0.0,"max_hp_loss":0.0,"gold_gain":0.0,"event_name":"Bonfire Elementals","player_choice":"Offered Common","floor":42.0,"gold_loss":0.0,"damage_taken":0.0},{"cards_removed":["Guardian:Gem_Cyan"],"damage_healed":5.0,"max_hp_gain":0.0,"max_hp_loss":0.0,"gold_gain":0.0,"event_name":"Bonfire Elementals","player_choice":"Offered Special","floor":42.0,"gold_loss":0.0,"damage_taken":0.0}],"is_beta":false,"boss_relics":[{"not_picked":["Runic Dome","Cursed Key"],"picked":"Pandora\u0027s Box"},{"not_picked":["Tiny House","Astrolabe"],"picked":"Sozu"}],"items_purged_floors":[53],"is_endless":false,"potions_floor_spawned":[9,12,13,14,15,21,23,29,31,32,36,38,40,49,52],"ascension_level":2}}