{"host":"dntw6kil9p09eemm","time":1609815086,"event":{"mods":["Alarm Clock","Aspiration","BaseMod","Colored Powertips","Downfall","Hermit","Hubris","KomeijiMod","Minty Spire (QoL Compilation)","Permanent Neow","Replay The Spire","Shop Mod","StSLib","The Runesmith"],"gold_per_floor":[118,118,130,145,160,160,178,103,103,114,114,145,156,156,156,261,261,276,288,183,199,199,232,232,232,232,251,251,68,68,78,78,179,179,198,209,222,241,253,253,280,297,297,297,308,308,308,308],"floor_reached":46,"playtime":2739,"items_purged":["Guardian:Defend_Guardian"],"score":728,"play_id":"85b6dffa-af6d-4b18-b572-6b18e9060295","local_time":"20210105115126","is_ascension_mode":false,"campfire_choices":[{"data":"Guardian:GuardianWhirl","floor":6,"key":"SMITH"},{"data":"Guardian:Harden","floor":11,"key":"SMITH"},{"floor":25,"key":"REST"},{"data":"Guardian:AncientConstruct","floor":28,"key":"SMITH"},{"floor":40,"key":"REST"},{"floor":44,"key":"REST"}],"circlet_count":0,"master_deck":["Guardian:Strike_Guardian","Guardian:Strike_Guardian","Guardian:Strike_Guardian","Guardian:Defend_Guardian","Guardian:CurlUp","Guardian:TwinSlam","Guardian:Harden+1","Guardian:GuardianWhirl+1","Guardian:PiercingHide","Guardian:Harden+1","Guardian:Gem_Red","Guardian:ShieldCharger","Guardian:ShieldCharger","Guardian:EvasiveProtocol","Guardian:AncientConstruct+1","Guardian:Gem_Crimson","Guardian:PiercingHide+1","Guardian:Gem_Blue","Guardian:FloatingOrbs","Guardian:Gem_Lightblue","Guardian:DonusPower","Guardian:RevengeProtocol","Guardian:Gem_Red","Guardian:Gem_Yellow"],"relics":["Guardian:ModeShifter","hexamod:BolsterEngine","Replay:WaspNest","Guardian:StasisSlotReductionRelic","MerchantsRug","The Courier","Vajra","Guardian:PocketSentry","hubris:Backtick","Bronze Scales","aspiration:Lifesprig","ReplayTheSpireMod:Lightbulb"],"acts_visited":["Exordium","TheCity","TheBeyond"],"potions_floor_usage":[13,21,23,33,41,42,46],"damage_taken":[{"damage":2,"enemies":"2 Louse","floor":1,"turns":2},{"damage":0,"enemies":"Cultist","floor":3,"turns":4},{"damage":6,"enemies":"Jaw Worm","floor":4,"turns":5},{"damage":4,"enemies":"Large Slime","floor":5,"turns":6},{"damage":5,"enemies":"2 Fungi Beasts","floor":7,"turns":2},{"damage":2,"enemies":"Blue Slaver","floor":10,"turns":4},{"damage":17,"enemies":"Lagavulin","floor":12,"turns":8},{"damage":8,"enemies":"Gremlin Gang","floor":13,"turns":2},{"damage":3,"enemies":"Hexaghost","floor":16,"turns":9},{"damage":0,"enemies":"3 Byrds","floor":18,"turns":2},{"damage":5,"enemies":"Chosen","floor":19,"turns":5},{"damage":13,"enemies":"Centurion and Healer","floor":21,"turns":8},{"damage":14,"enemies":"Slavers","floor":23,"turns":2},{"damage":3,"enemies":"Shelled Parasite and Fungi","floor":27,"turns":3},{"damage":0,"enemies":"Snecko","floor":31,"turns":5},{"damage":0,"enemies":"Pondfish","floor":33,"turns":9},{"damage":0,"enemies":"3 Darklings","floor":35,"turns":2},{"damage":5,"enemies":"Orb Walker","floor":36,"turns":4},{"damage":18,"enemies":"Spire Growth","floor":37,"turns":6},{"damage":18,"enemies":"Maw","floor":38,"turns":7},{"damage":11,"enemies":"3 Darklings","floor":39,"turns":2},{"damage":15,"enemies":"Giant Head","floor":41,"turns":9},{"damage":10,"enemies":"Jaw Worm Horde","floor":42,"turns":5},{"damage":19,"enemies":"Transient","floor":45,"turns":5},{"damage":45,"enemies":"Sphere and 2 Shapes","floor":46,"turns":5}],"seed_played":"7807019719532211425","potions_obtained":[{"floor":1,"key":"Swift Potion"},{"floor":10,"key":"Toxic Potion"},{"floor":12,"key":"GamblersBrew"},{"floor":16,"key":"SpeedPotion"},{"floor":18,"key":"JyouchiReiPotion"},{"floor":21,"key":"LiquidBronze"},{"floor":31,"key":"Swift Potion"},{"floor":35,"key":"Explosive Potion"},{"floor":37,"key":"Venom Potion"},{"floor":39,"key":"DuplicationPotion"}],"is_trial":false,"path_per_floor":["M","?","M","M","M","R","M","$","T","M","R","E","M","?","R","B",null,"M","M","$","M","$","E","?","R","T","M","R","$","?","M","R","B",null,"M","M","M","M","M","R","E","M","T","R","M","M"],"character_chosen":"GUARDIAN","items_purchased":["MerchantsRug","Guardian:PocketSentry","Guardian:FloatingOrbs"],"campfire_rested":3,"item_purchase_floors":[20,29,29],"current_hp_per_floor":[86,86,86,80,76,76,71,71,71,69,69,52,44,44,44,41,88,88,83,83,70,70,56,56,82,82,79,79,79,79,79,79,79,88,88,83,65,47,36,62,47,37,37,63,44,0,0,0],"gold":308,"neow_bonus":"TEN_PERCENT_HP_BONUS","is_daily":false,"chose_seed":false,"campfire_upgraded":3,"win_rate":0.0,"timestamp":1609815086,"path_taken":["M","?","M","M","M","R","M","$","T","M","R","E","?","?","R","BOSS","M","M","$","M","$","E","?","R","T","M","R","$","?","M","R","BOSS","M","M","M","M","M","R","E","M","T","R","M","M"],"items_purchased_type":["Relic","Relic","Card"],"build_version":"2020-12-22","purchased_purges":1,"victory":false,"max_hp_per_floor":[88,88,88,88,88,88,88,88,88,88,88,88,88,88,88,88,88,88,88,88,88,88,88,88,88,88,88,88,88,88,88,88,88,88,88,88,88,88,88,88,88,88,88,88,88,88,88,88],"card_choices":[{"not_picked":["Guardian:PrismaticBarrier","Guardian:SentryBeam"],"picked":"Guardian:Harden","floor":1},{"not_picked":["Guardian:ChargeUp","Guardian:Reroute","Guardian:Planning"],"picked":"SKIP","floor":3},{"not_picked":["Guardian:Gem_Yellow","Guardian:TemporalStrike"],"picked":"Guardian:GuardianWhirl","floor":4},{"not_picked":["Guardian:CrystalBeam","Guardian:Gem_Purple"],"picked":"Guardian:PiercingHide","floor":5},{"not_picked":["Guardian:Gem_Green","Guardian:Gem_White"],"picked":"Guardian:Harden","floor":7},{"not_picked":["Guardian:RollAttack","Guardian:Gem_Lightblue"],"picked":"Guardian:Gem_Red","floor":10},{"not_picked":["Guardian:MultiBeam","Guardian:WalkerClaw"],"picked":"Guardian:ShieldCharger","floor":12},{"not_picked":["Guardian:Harden","Guardian:ChargeCore"],"picked":"Guardian:ShieldCharger","floor":13},{"not_picked":["Guardian:GemFire","Guardian:RevengeProtocol"],"picked":"Guardian:AncientConstruct","floor":16},{"not_picked":["Guardian:SentryBeam+1","Guardian:WalkerClaw","Guardian:CrystalBeam"],"picked":"SKIP","floor":18},{"not_picked":["Guardian:ArmoredProtocol","Guardian:ShieldSpikes"],"picked":"Guardian:Gem_Crimson","floor":19},{"not_picked":["Guardian:Clone+1","Guardian:VentSteam","Guardian:Recover"],"picked":"SKIP","floor":21},{"not_picked":["Guardian:RevengeProtocol","Guardian:ArmoredProtocol+1"],"picked":"Guardian:PiercingHide+1","floor":23},{"not_picked":["Guardian:WalkerClaw","Guardian:RollAttack"],"picked":"Guardian:Gem_Blue","floor":27},{"not_picked":["Guardian:Planning","Guardian:VentSteam"],"picked":"Guardian:Gem_Lightblue","floor":31},{"not_picked":["Guardian:StasisStrike","Guardian:GemFinder"],"picked":"Guardian:RevengeProtocol","floor":33},{"not_picked":["Guardian:RefractedBeam+1","Guardian:PolyBeam","Guardian:TimeCapacitor+1"],"picked":"SKIP","floor":35},{"not_picked":["Guardian:Planning","Guardian:Incinerate+1"],"picked":"Guardian:Gem_Red","floor":36},{"not_picked":["Guardian:Recover","Guardian:Gem_Red","Guardian:Gem_Lightblue"],"picked":"SKIP","floor":37},{"not_picked":["Guardian:VentSteam+1","Guardian:Recover+1","Guardian:EvasiveProtocol+1"],"picked":"SKIP","floor":38},{"not_picked":["Guardian:Gem_Red","Guardian:Incinerate+1","Guardian:CrystalBeam+1"],"picked":"SKIP","floor":39},{"not_picked":["Guardian:TimeSifter","Guardian:VentSteam"],"picked":"Guardian:Gem_Yellow","floor":41},{"not_picked":["Guardian:Reroute","Guardian:EvasiveProtocol","Guardian:PrismaticBarrier"],"picked":"SKIP","floor":42},{"not_picked":["Guardian:Planning","Guardian:Gem_Lightblue","Guardian:TemporalStrike"],"picked":"SKIP","floor":45}],"player_experience":564806,"relics_obtained":[{"floor":9,"key":"hexamod:BolsterEngine"},{"floor":12,"key":"Replay:WaspNest"},{"floor":23,"key":"The Courier"},{"floor":26,"key":"Vajra"},{"floor":41,"key":"aspiration:Lifesprig"},{"floor":43,"key":"ReplayTheSpireMod:Lightbulb"}],"event_choices":[{"damage_healed":0,"gold_gain":0,"player_choice":"Upgraded","damage_taken":0,"max_hp_gain":0,"max_hp_loss":0,"event_name":"Upgrade Shrine","floor":2,"gold_loss":0,"cards_upgraded":["Guardian:Harden"]}],"is_beta":false,"boss_relics":[{"not_picked":["Runesmith:UraniumAnvil","Busted Crown"],"picked":"Guardian:StasisSlotReductionRelic"},{"not_picked":["hubris:GrandSneckoEye","Pandora\u0027s Box"],"picked":"hubris:Backtick"}],"items_purged_floors":[8],"is_endless":false,"potions_floor_spawned":[1,10,12,16,18,21,31,35,37,39],"killed_by":"Sphere and 2 Shapes","ascension_level":0}}