{"host":"873t0y8ybyo38pfq","time":1609884047,"event":{"mods":["BaseMod","Bestiary","Colored Map","Colored Powertips","Highlight Path","Minty Spire (QoL Compilation)","Quick Restart","RNG Fix","Rare Cards Sparkle","Relic Stats","StSLib"],"gold_per_floor":[110,126,126,201,201,201,235,235,280,280,280],"floor_reached":10,"playtime":105,"items_purged":[],"score":178,"play_id":"975ff0d3-b161-4764-8c7e-98775b5d1079","local_time":"20210105170047","is_ascension_mode":true,"campfire_choices":[{"data":"Darkness","floor":6,"key":"SMITH"},{"floor":8,"key":"REST"}],"circlet_count":0,"master_deck":["AscendersBane","Strike_B","Strike_B","Strike_B","Defend_B","Defend_B+1","Defend_B","Defend_B","Zap","Dualcast","Darkness+1","Darkness+1","Defragment"],"relics":["Cracked Core","NeowsBlessing","Pantograph","Lantern"],"acts_visited":["Exordium"],"potions_floor_usage":[],"damage_taken":[{"damage":0,"enemies":"2 Louse","floor":1,"turns":1},{"damage":0,"enemies":"Cultist","floor":2,"turns":1},{"damage":0,"enemies":"Lagavulin","floor":7,"turns":1},{"damage":55,"enemies":"3 Sentries","floor":10,"turns":8}],"seed_played":"-3483011675803089682","potions_obtained":[],"is_trial":false,"path_per_floor":["M","M","?","?","?","R","E","R","T","E"],"character_chosen":"DEFECT","items_purchased":[],"campfire_rested":1,"item_purchase_floors":[],"current_hp_per_floor":[64,64,57,46,25,25,25,46,46,0,0],"gold":280,"neow_bonus":"THREE_ENEMY_KILL","is_daily":false,"chose_seed":false,"campfire_upgraded":1,"win_rate":0.0,"timestamp":1609884047,"path_taken":["M","M","?","?","?","R","E","R","T","E"],"items_purchased_type":[],"build_version":"2020-12-22","purchased_purges":0,"victory":false,"max_hp_per_floor":[71,71,71,71,71,71,71,71,71,71,71],"relic_stats":{"counters":[4,11],"Pantograph":0,"obtain_stats":[{"Lantern":9,"NeowsBlessing":0,"Pantograph":7,"Cracked Core":0},{"Lantern":3,"NeowsBlessing":0,"Pantograph":3,"Cracked Core":0},{"Lantern":3,"NeowsBlessing":0,"Pantograph":3,"Cracked Core":0}]},"card_choices":[{"not_picked":["White Noise","Streamline"],"picked":"Darkness","floor":1},{"not_picked":["Hologram","Streamline"],"picked":"Darkness","floor":2},{"not_picked":["Loop","Undo"],"picked":"Defragment","floor":7}],"player_experience":1522507,"relics_obtained":[{"floor":7,"key":"Pantograph"},{"floor":9,"key":"Lantern"}],"event_choices":[{"cards_removed":["Strike_B"],"damage_healed":0,"gold_gain":0,"player_choice":"Card Removal","damage_taken":7,"max_hp_gain":0,"max_hp_loss":0,"event_name":"Golden Wing","floor":3,"gold_loss":0},{"damage_healed":0,"gold_gain":75,"player_choice":"Gather Gold","damage_taken":11,"max_hp_gain":0,"max_hp_loss":0,"event_name":"World of Goop","floor":4,"gold_loss":0},{"damage_healed":0,"gold_gain":0,"player_choice":"Entered Light","damage_taken":21,"max_hp_gain":0,"max_hp_loss":0,"event_name":"Shining Light","floor":5,"gold_loss":0,"cards_upgraded":["Defend_B","Darkness"]}],"is_beta":false,"boss_relics":[],"items_purged_floors":[],"is_endless":false,"potions_floor_spawned":[],"killed_by":"3 Sentries","ascension_level":20}}