{"host":"dcj2yvrgcvh5dl2s","time":1609817081,"event":{"mods":["BaseMod","Better Note","Block Reminder","Colored Powertips","DeckTracker","Minty Spire (QoL Compilation)","Quick Restart","Rare Cards Sparkle","Relic Stats","StSLib"],"gold_per_floor":[117,42,13,25,25,55,70,97,124,124,135,135,147,178,178,252,252,271,33,46,61,3,3,16,16,16,16,28,28,39,49,49,124,124,134,34,45,45,45,45,77,77,77,77,0,13,13,39,39,39,39],"floor_reached":50,"playtime":1772,"items_purged":["Bash","Strike_R"],"score":1185,"play_id":"301915ad-b0b0-43ab-9561-05f47c30814b","local_time":"20210105132441","is_ascension_mode":true,"campfire_choices":[{"data":"Pommel Strike","floor":10,"key":"SMITH"},{"data":"Inflame","floor":12,"key":"SMITH"},{"data":"Uppercut","floor":15,"key":"SMITH"},{"floor":23,"key":"REST"},{"floor":25,"key":"REST"},{"floor":27,"key":"REST"},{"floor":29,"key":"REST"},{"floor":32,"key":"REST"},{"floor":40,"key":"REST"},{"floor":42,"key":"RECALL"},{"floor":44,"key":"REST"},{"floor":47,"key":"REST"},{"floor":49,"key":"REST"}],"circlet_count":0,"master_deck":["AscendersBane","Strike_R+1","Strike_R","Strike_R","Defend_R","Defend_R","Defend_R+1","Feel No Pain","Pommel Strike+1","Sword Boomerang","Battle Trance+1","Inflame+1","Pummel","Shrug It Off","Uppercut+1","Double Tap+1","Offering","Metallicize","Shrug It Off","Shrug It Off+1","Shrug It Off","Shockwave+1","Juggernaut","Double Tap","Writhe","Heavy Blade","Whirlwind"],"relics":["Burning Blood","NeowsBlessing","PreservedInsect","Lantern","Pen Nib","Letter Opener","Fusion Hammer","War Paint","Orichalcum","Self Forming Clay","Cursed Key","The Courier","White Beast Statue","Red Mask","Akabeko"],"acts_visited":["Exordium","TheCity","TheBeyond"],"potions_floor_usage":[33,35,50,50],"damage_taken":[{"damage":0,"enemies":"Jaw Worm","floor":1,"turns":1},{"damage":0,"enemies":"Small Slimes","floor":4,"turns":2},{"damage":0,"enemies":"Gremlin Nob","floor":6,"turns":1},{"damage":6,"enemies":"Cultist","floor":7,"turns":3},{"damage":17,"enemies":"3 Sentries","floor":8,"turns":4},{"damage":9,"enemies":"2 Fungi Beasts","floor":11,"turns":2},{"damage":5,"enemies":"Blue Slaver","floor":13,"turns":2},{"damage":0,"enemies":"Gremlin Nob","floor":14,"turns":2},{"damage":31,"enemies":"Hexaghost","floor":16,"turns":7},{"damage":33,"enemies":"Shell Parasite","floor":18,"turns":3},{"damage":6,"enemies":"Spheric Guardian","floor":20,"turns":3},{"damage":17,"enemies":"Cultist and Chosen","floor":21,"turns":7},{"damage":16,"enemies":"Shelled Parasite and Fungi","floor":24,"turns":3},{"damage":6,"enemies":"Centurion and Healer","floor":28,"turns":4},{"damage":15,"enemies":"Snake Plant","floor":30,"turns":3},{"damage":13,"enemies":"Sentry and Sphere","floor":31,"turns":4},{"damage":68,"enemies":"Automaton","floor":33,"turns":9},{"damage":6,"enemies":"3 Shapes","floor":35,"turns":3},{"damage":6,"enemies":"Orb Walker","floor":37,"turns":2},{"damage":6,"enemies":"Nemesis","floor":41,"turns":3},{"damage":38,"enemies":"4 Shapes","floor":46,"turns":5},{"damage":50,"enemies":"Reptomancer","floor":48,"turns":6},{"damage":39,"enemies":"Donu and Deca","floor":50,"turns":7}],"seed_played":"6315791290957344485","potions_obtained":[{"floor":1,"key":"SteroidPotion"},{"floor":7,"key":"ElixirPotion"},{"floor":21,"key":"Ancient Potion"},{"floor":28,"key":"PowerPotion"},{"floor":33,"key":"SkillPotion"},{"floor":46,"key":"Block Potion"},{"floor":48,"key":"EssenceOfSteel"}],"is_trial":false,"path_per_floor":["M","?","$","M","?","E","M","E","T","R","M","R","M","E","R","B",null,"M","$","M","M","?","R","M","R","T","R","M","R","M","M","R","B",null,"M","$","M","?","?","R","E","R","T","R","?","M","R","E","R","B"],"character_chosen":"IRONCLAD","items_purchased":["Pommel Strike","War Paint"],"campfire_rested":9,"item_purchase_floors":[3,19],"current_hp_per_floor":[74,74,74,75,52,58,58,47,47,47,44,44,45,51,51,26,63,36,36,36,25,25,47,37,59,59,75,75,75,66,59,75,13,60,60,60,60,60,60,71,71,71,71,71,71,39,60,16,37,0,0],"gold":39,"neow_bonus":"THREE_ENEMY_KILL","is_daily":false,"chose_seed":false,"campfire_upgraded":3,"win_rate":0.0,"timestamp":1609817081,"path_taken":["M","?","$","M","?","E","?","E","T","R","M","R","M","E","R","BOSS","M","$","M","M","?","R","M","R","T","R","M","R","?","M","R","BOSS","M","$","M","?","?","R","E","R","T","R","?","M","R","E","R","BOSS"],"items_purchased_type":["Card","Relic"],"build_version":"2020-12-22","purchased_purges":2,"victory":false,"max_hp_per_floor":[75,75,75,75,75,75,75,75,75,75,75,75,75,75,75,75,75,75,75,75,75,75,75,75,75,75,75,75,75,75,75,75,75,75,75,75,75,75,71,71,71,71,71,71,71,71,71,71,71,71,71],"relic_stats":{"counters":[23,86],"Self Forming Clay":[81],"PreservedInsect":164,"Pen Nib":[16],"Letter Opener":[141],"War Paint":["Battle Trance","Double Tap"],"Orichalcum":[36],"Cursed Key":1,"obtain_stats":[{"Lantern":8,"NeowsBlessing":0,"Self Forming Clay":26,"PreservedInsect":6,"Pen Nib":9,"The Courier":41,"Letter Opener":14,"War Paint":19,"Orichalcum":22,"Cursed Key":34,"Burning Blood":0,"White Beast Statue":43,"Akabeko":48,"Fusion Hammer":17,"Red Mask":45},{"Lantern":5,"NeowsBlessing":0,"Self Forming Clay":13,"PreservedInsect":3,"Pen Nib":5,"The Courier":20,"Letter Opener":8,"War Paint":10,"Orichalcum":12,"Cursed Key":17,"Burning Blood":0,"White Beast Statue":20,"Akabeko":22,"Fusion Hammer":9,"Red Mask":20},{"Lantern":11,"NeowsBlessing":0,"Self Forming Clay":40,"PreservedInsect":4,"Pen Nib":11,"The Courier":68,"Letter Opener":17,"War Paint":27,"Orichalcum":37,"Cursed Key":60,"Burning Blood":0,"White Beast Statue":68,"Akabeko":79,"Fusion Hammer":24,"Red Mask":68}],"Burning Blood":127},"card_choices":[{"not_picked":["Dropkick","True Grit"],"picked":"Feel No Pain","floor":1},{"not_picked":["Iron Wave","Second Wind"],"picked":"Sword Boomerang","floor":4},{"not_picked":["True Grit","Perfected Strike"],"picked":"Battle Trance","floor":6},{"not_picked":["Havoc","Wild Strike"],"picked":"Inflame","floor":7},{"not_picked":["Spot Weakness","Armaments"],"picked":"Pummel","floor":8},{"not_picked":["Power Through","Twin Strike"],"picked":"Shrug It Off","floor":11},{"not_picked":["Power Through","Dropkick"],"picked":"Uppercut","floor":13},{"not_picked":["Armaments","Dropkick"],"picked":"Double Tap","floor":14},{"not_picked":["Feed","Limit Break"],"picked":"Offering","floor":16},{"not_picked":["Fire Breathing","Combust"],"picked":"Metallicize","floor":18},{"not_picked":["Pommel Strike","Hemokinesis"],"picked":"Shrug It Off","floor":20},{"not_picked":["Cleave","Clothesline"],"picked":"Shrug It Off+1","floor":21},{"not_picked":["Bloodletting","Twin Strike","Sword Boomerang+1"],"picked":"SKIP","floor":24},{"not_picked":["Wild Strike","Warcry+1","Thunderclap"],"picked":"SKIP","floor":28},{"not_picked":["Clash","Power Through"],"picked":"Shrug It Off","floor":30},{"not_picked":["Havoc+1","Anger"],"picked":"Shockwave+1","floor":31},{"not_picked":["Feed","Brutality"],"picked":"Juggernaut","floor":33},{"not_picked":["Uppercut","Armaments+1","Flame Barrier"],"picked":"SKIP","floor":35},{"not_picked":["Iron Wave","Sword Boomerang","Spot Weakness"],"picked":"SKIP","floor":37},{"not_picked":["Battle Trance","Dark Embrace"],"picked":"Double Tap","floor":41},{"not_picked":["Wild Strike","Twin Strike"],"picked":"Heavy Blade","floor":46},{"not_picked":["Seeing Red","Feed"],"picked":"Whirlwind","floor":48}],"player_experience":2186420,"relics_obtained":[{"floor":6,"key":"PreservedInsect"},{"floor":8,"key":"Lantern"},{"floor":9,"key":"Pen Nib"},{"floor":14,"key":"Letter Opener"},{"floor":26,"key":"Self Forming Clay"},{"floor":41,"key":"The Courier"},{"floor":43,"key":"White Beast Statue"},{"floor":48,"key":"Akabeko"}],"event_choices":[{"cards_removed":["Strike_R"],"damage_healed":0,"gold_gain":0,"player_choice":"Card Removal","damage_taken":0,"max_hp_gain":0,"max_hp_loss":0,"event_name":"The Cleric","floor":2,"gold_loss":75},{"damage_healed":0,"gold_gain":0,"player_choice":"Entered Light","damage_taken":23,"max_hp_gain":0,"max_hp_loss":0,"event_name":"Shining Light","floor":5,"gold_loss":0,"cards_upgraded":["Defend_R","Strike_R"]},{"damage_healed":0,"gold_gain":0,"player_choice":"Paid Gold","damage_taken":0,"relics_obtained":["Orichalcum"],"max_hp_gain":0,"max_hp_loss":0,"event_name":"WeMeetAgain","floor":22,"gold_loss":58},{"cards_removed":["Defend_R"],"damage_healed":0,"gold_gain":0,"player_choice":"Removed Skill","damage_taken":0,"max_hp_gain":0,"max_hp_loss":0,"event_name":"Falling","floor":38,"gold_loss":0},{"damage_healed":0,"gold_gain":0,"player_choice":"Max HP","damage_taken":0,"max_hp_gain":0,"max_hp_loss":4,"event_name":"Winding Halls","floor":39,"gold_loss":0},{"damage_healed":0,"gold_gain":0,"player_choice":"Paid","damage_taken":0,"relics_obtained":["Red Mask"],"max_hp_gain":0,"max_hp_loss":0,"event_name":"Tomb of Lord Red Mask","floor":45,"gold_loss":77}],"is_beta":false,"boss_relics":[{"not_picked":["Astrolabe","Snecko Eye"],"picked":"Fusion Hammer"},{"not_picked":["Pandora\u0027s Box","Black Blood"],"picked":"Cursed Key"}],"items_purged_floors":[19,36],"is_endless":false,"potions_floor_spawned":[1,7,21,28,31,33,46,48],"killed_by":"Donu and Deca","ascension_level":19}}