{"host":"0fmi5fguj5lvt8pf","time":1609819586,"event":{"mods":["BaseMod","Colored Map","Curses Come First","Downfall","Minty Spire (QoL Compilation)","Permanent Neow","StSLib","Waifu the Spire"],"gold_per_floor":[0,18,18,35,49,64,87,87,118,118,133,308,308,65,75,170,170,170,185,185,195,195,55,127,140,150,350,379,379,379,392,405,509,559,334,347,365,375,87,100,100,100,117,117,167,267,267,50,62,62],"floor_reached":51,"playtime":4595,"items_purged":["Doubt","champ:Strike","hexamod:Haunted"],"score":671,"play_id":"edba0ffe-604e-4450-bd32-c4d9dd9558b5","local_time":"20210104200626","is_ascension_mode":false,"campfire_choices":[{"data":"champ:Taunt","floor":1.0,"key":"SMITH"},{"data":"champ:LastStand","floor":10,"key":"SMITH"},{"floor":13,"key":"REST"},{"data":"champ:PreciseThrust","floor":18,"key":"SMITH"},{"floor":30,"key":"RECALL"},{"data":"champ:HoldFirm","floor":35,"key":"SMITH"},{"data":"champ:PreciseThrust","floor":44,"key":"SMITH"}],"circlet_count":0,"master_deck":["champ:Strike","champ:Strike","champ:Defend","champ:Defend+1","champ:Execute","champ:Taunt+1","champ:StanceDance+1","champ:LastStand+1","champ:Riposte","champ:PreciseThrust+1","champ:GladiatorStyle","champ:BringItOn","champ:HoldFirm+1","champ:ShieldSigil","champ:Circumvent","champ:EnchantCrown","champ:FlashCut","champ:PreciseThrust+1","champ:RisingSlash+1","champ:CrownThrow","champ:ShieldWall+1","champ:PreciseThrust+1"],"relics":["champ:ChampionCrown","Calipers","Juzu Bracelet","Guardian:PocketSentry","sneckomod:SneckoTalon","Matryoshka","Happy Flower","Turnip","Tiny House","downfall:HeartBlessingRed","downfall:HeartBlessingGreen","downfall:HeartBlessingBlue","Lee\u0027s Waffle","Akabeko","The Courier","Prayer Wheel","Potion Belt","Molten Egg 2"],"acts_visited":["Exordium","TheCity","TheBeyond"],"potions_floor_usage":[11,21,28,48,48,48],"damage_taken":[{"damage":0.0,"enemies":"2 Louse","floor":2.0,"turns":3.0},{"damage":9.0,"enemies":"Cultist","floor":4.0,"turns":4.0},{"damage":9,"enemies":"Small Slimes","floor":5,"turns":4},{"damage":21,"enemies":"Lots of Slimes","floor":6,"turns":4},{"damage":42,"enemies":"Gremlin Nob","floor":9,"turns":5},{"damage":0,"enemies":"Gremlin Gang","floor":11,"turns":2},{"damage":0,"enemies":"downfall:FleeingMerchant","floor":14,"turns":4},{"damage":15,"enemies":"Exordium Thugs","floor":15,"turns":4},{"damage":31,"enemies":"downfall:Silent","floor":16,"turns":9},{"damage":13,"enemies":"Spheric Guardian","floor":19,"turns":4},{"damage":5,"enemies":"Snecko","floor":21,"turns":4},{"damage":5,"enemies":"downfall:FleeingMerchant","floor":23,"turns":4},{"damage":10,"enemies":"Snake Plant","floor":25,"turns":4},{"damage":5,"enemies":"Centurion and Healer","floor":26,"turns":7},{"damage":26,"enemies":"Slavers","floor":28,"turns":8},{"damage":10,"enemies":"Sentry and Sphere","floor":31,"turns":9},{"damage":7,"enemies":"Shelled Parasite and Fungi","floor":32,"turns":7},{"damage":23,"enemies":"downfall:Watcher","floor":33,"turns":11},{"damage":5,"enemies":"Orb Walker","floor":36,"turns":3},{"damage":19,"enemies":"3 Shapes","floor":37,"turns":6},{"damage":0,"enemies":"Spire Growth","floor":38,"turns":6},{"damage":8,"enemies":"downfall:FleeingMerchant","floor":39,"turns":4},{"damage":0,"enemies":"Maw","floor":40,"turns":8},{"damage":11,"enemies":"Transient","floor":43,"turns":5},{"damage":0,"enemies":"Mind Bloom Boss Battle","floor":45,"turns":11},{"damage":17,"enemies":"downfall:LadyInBlue","floor":46,"turns":6},{"damage":5,"enemies":"downfall:FleeingMerchant","floor":48,"turns":4},{"damage":42,"enemies":"Spire Growth","floor":49,"turns":5},{"damage":15,"enemies":"downfall:Defect","floor":50,"turns":8}],"seed_played":"3140251498573024768","potions_obtained":[{"floor":6,"key":"Explosive Potion"},{"floor":9,"key":"Guardian:BlockOnCardUsePotion"},{"floor":16,"key":"SpeedPotion"},{"floor":19,"key":"AttackPotion"},{"floor":26,"key":"EssenceOfSteel"},{"floor":32,"key":"SteroidPotion"},{"floor":40,"key":"AttackPotion"},{"floor":46,"key":"EssenceOfSteel"}],"is_trial":false,"path_per_floor":["R","M","?","M","M","M","T","?","E","R","M","?","R","$","M","B",null,"R","M","?","M","?","$","T","M","M","?","E","T","R","M","M","B",null,"R","M","M","M","$","M","T","?","M","R","?","?","?","$","M","B",null],"character_chosen":"THE_CHAMP","items_purchased":["champ:PreciseThrust","champ:GladiatorStyle","champ:FlashCut","Lee\u0027s Waffle","Molten Egg 2"],"campfire_rested":1,"item_purchase_floors":[14,14,23,39,48],"current_hp_per_floor":[90,90,75,71,67,56,56,56,24,24,24,24,51,51,36,15,90,90,82,82,82,82,82,82,77,77,77,61,61,61,61,59,46,95,105,105,91,91,112,112,112,112,101,101,101,94,94,94,52,37],"gold":62,"neow_bonus":"ONE_RARE_RELIC","is_daily":false,"chose_seed":false,"campfire_upgraded":5,"win_rate":0.0,"timestamp":1609819586,"path_taken":["R","M","?","M","?","M","T","?","E","R","M","?","R","$","M","BOSS","R","M","?","M","?","$","T","M","M","?","E","?","R","M","M","BOSS","R","M","M","M","$","M","T","?","M","R","?","?","?","$","M","BOSS"],"items_purchased_type":["Card","Card","Card","Relic","Relic"],"build_version":"2020-12-22","purchased_purges":3,"victory":true,"max_hp_per_floor":[90,90,90,90,90,90,90,90,90,90,90,90,90,90,90,90,90,90,90,90,90,90,90,90,90,90,90,90,90,90,90,90,90,95,105,105,105,105,112,112,112,112,112,112,112,112,112,112,112,112],"card_choices":[{"not_picked":["champ:Circumvent","champ:EnragedBash"],"picked":"champ:StanceDance","floor":2.0},{"not_picked":["champ:FocusedBerserking","champ:ArenaPreparation","champ:EnragedBash"],"picked":"SKIP","floor":4},{"not_picked":["champ:FanOfKnives","champ:FocusedBerserking","champ:BringItOn"],"picked":"SKIP","floor":5},{"not_picked":["champ:CrookedStrike","champ:EndlessRage"],"picked":"champ:LastStand","floor":6},{"not_picked":["champ:AdrenalArmor","champ:Control"],"picked":"champ:Riposte","floor":9},{"not_picked":["champ:GladiatorsShout","champ:CrookedStrike","champ:FightOn"],"picked":"SKIP","floor":11},{"not_picked":["champ:FocusedDefense","champ:FaceSlap","champ:BladeFlurry"],"picked":"SKIP","floor":14},{"not_picked":["champ:GutPunch","champ:BerserkersShout"],"picked":"champ:BringItOn","floor":15},{"not_picked":["champ:CheapShot","champ:IgnorePain"],"picked":"champ:HoldFirm","floor":16},{"not_picked":["champ:FocusedBerserking","champ:Shatter"],"picked":"champ:ShieldSigil","floor":19},{"not_picked":["champ:Haymaker+1","champ:BerserkersShout"],"picked":"champ:Circumvent","floor":21},{"not_picked":["champ:ShieldSigil","champ:FaceSlap","champ:GladiatorsShout"],"picked":"SKIP","floor":23},{"not_picked":["champ:Control","champ:EnGarde"],"picked":"champ:PreciseThrust","floor":25},{"not_picked":["champ:Circumvent","champ:FanOfKnives","champ:CrookedStrike"],"picked":"SKIP","floor":26},{"not_picked":["champ:Lariat+1","champ:DeathBlow","champ:CrookedStrike"],"picked":"SKIP","floor":28},{"not_picked":["champ:Circumvent","champ:Backstep","champ:CrookedStrike"],"picked":"SKIP","floor":31},{"not_picked":["champ:FanOfKnives","champ:PerfectForm"],"picked":"champ:RisingSlash+1","floor":32},{"not_picked":["champ:EnchantShield","champ:EnchantSword"],"picked":"champ:CrownThrow","floor":33},{"not_picked":["champ:AdrenalArmor+1","champ:GladiatorsShout","champ:Circumvent+1"],"picked":"SKIP","floor":36},{"not_picked":["champ:Circumvent+1","champ:IgnorePain","champ:GladiatorsShout+1"],"picked":"SKIP","floor":37},{"not_picked":["champ:TornadoPunch","champ:StanceDance+1"],"picked":"champ:ShieldWall+1","floor":38},{"not_picked":["champ:BerserkerStyle+1","champ:GladiatorsShout+1","champ:BladeFlurry+1"],"picked":"SKIP","floor":39},{"not_picked":["champ:DeathBlow","champ:IronFortress+1","champ:EnGarde"],"picked":"SKIP","floor":40},{"not_picked":["champ:DeathBlow","champ:IronFortress+1","champ:EnGarde"],"picked":"SKIP","floor":40},{"not_picked":["champ:DefensiveShout+1","champ:Riposte","champ:FocusedBerserking"],"picked":"SKIP","floor":43},{"not_picked":["champ:IronFortress","champ:GladiatorStyle+1","champ:Improvising"],"picked":"SKIP","floor":48},{"not_picked":["champ:CrookedStrike+1","champ:Balance+1"],"picked":"champ:PreciseThrust+1","floor":49},{"not_picked":["champ:GladiatorsShout","champ:FlashCut+1","champ:FightOn"],"picked":"SKIP","floor":49}],"player_experience":1286761,"relics_obtained":[{"floor":7,"key":"Juzu Bracelet"},{"floor":9,"key":"Guardian:PocketSentry"},{"floor":28,"key":"Matryoshka"},{"floor":29,"key":"Happy Flower"},{"floor":29,"key":"Turnip"},{"floor":41,"key":"Akabeko"},{"floor":41,"key":"The Courier"},{"floor":45,"key":"Prayer Wheel"},{"floor":46,"key":"Potion Belt"}],"event_choices":[{"damage_healed":0,"gold_gain":0,"player_choice":"Forge","damage_taken":0,"max_hp_gain":0,"max_hp_loss":0,"event_name":"Accursed Blacksmith","floor":8,"gold_loss":0,"cards_upgraded":["champ:StanceDance"]},{"cards_removed":["champ:Defend"],"damage_healed":0,"gold_gain":0,"player_choice":"Purged","damage_taken":0,"max_hp_gain":0,"max_hp_loss":0,"event_name":"Purifier","floor":20,"gold_loss":0},{"damage_healed":0,"gold_gain":0,"cards_transformed":["champ:Strike"],"player_choice":"Transformed","damage_taken":0,"max_hp_gain":0,"max_hp_loss":0,"event_name":"Transmorgrifier","floor":22,"gold_loss":0,"cards_obtained":["champ:EnchantCrown"]},{"cards_removed":["champ:Defend"],"damage_healed":0,"gold_gain":0,"player_choice":"Removed Skill","damage_taken":0,"max_hp_gain":0,"max_hp_loss":0,"event_name":"Falling","floor":47,"gold_loss":0}],"is_beta":false,"boss_relics":[{"not_picked":["downfall:Hecktoplasm","Cursed Key"],"picked":"sneckomod:SneckoTalon"},{"not_picked":["Calling Bell","Astrolabe"],"picked":"Tiny House"}],"items_purged_floors":[14,23,39],"is_endless":false,"potions_floor_spawned":[6,9,16,19,26,32,33,36,37,40],"ascension_level":0}}