{"host":"lpogke4cwz8zw1ju","time":1609812694,"event":{"mods":["Always Whale","BaseMod","Minty Spire (QoL Compilation)","Permanent Neow"],"gold_per_floor":[114,127,127,202,202,202,219,252,252,181,211,221,238,238,238,335,335,347,347,361,375,389,389,408,420,420,420,446,43,43,43,43,139,139,150,200,200,76,94,94,107,127,150,150,150,163,163,182,182,182],"floor_reached":51,"playtime":3683,"items_purged":["Strike_B"],"score":669,"play_id":"b2f8fe99-1069-46ca-ad1e-dd5354feaf49","local_time":"20210105031134","is_ascension_mode":false,"campfire_choices":[{"data":"Cold Snap","floor":6,"key":"SMITH"},{"floor":15,"key":"REST"},{"floor":23,"key":"REST"},{"floor":27,"key":"REST"},{"floor":30,"key":"REST"},{"floor":32,"key":"REST"},{"floor":40,"key":"REST"},{"floor":47,"key":"REST"},{"floor":49,"key":"REST"}],"circlet_count":0,"master_deck":["Strike_B","Strike_B","Defend_B","Defend_B","Zap","Dualcast","Cold Snap","Cold Snap+1","Rebound","Echo Form","Defragment","Go for the Eyes","Machine Learning","Leap+1","Ball Lightning","Sweeping Beam","Loop","Defragment","Gash","Reboot","Chill+1","Sweeping Beam+1","Dark Shackles","Mayhem+1","Capacitor+1","Redo","Gash+1","Gash","Defragment+1","White Noise"],"relics":["FrozenCore","Pear","Happy Flower","Pantograph","Lizard Tail","Frozen Egg 2","Fusion Hammer","Emotion Chip","Dream Catcher"],"acts_visited":["Exordium","TheCity","TheBeyond"],"potions_floor_usage":[16,28,33,50,50],"damage_taken":[{"damage":2,"enemies":"2 Louse","floor":1,"turns":3},{"damage":1,"enemies":"Jaw Worm","floor":2,"turns":4},{"damage":0,"enemies":"Cultist","floor":7,"turns":2},{"damage":24,"enemies":"Lagavulin","floor":8,"turns":6},{"damage":8,"enemies":"Red Slaver","floor":12,"turns":3},{"damage":2,"enemies":"3 Louse","floor":13,"turns":2},{"damage":0,"enemies":"Slime Boss","floor":16,"turns":8},{"damage":8,"enemies":"3 Byrds","floor":18,"turns":7},{"damage":3,"enemies":"Shell Parasite","floor":20,"turns":6},{"damage":33,"enemies":"Sentry and Sphere","floor":21,"turns":8},{"damage":16,"enemies":"Centurion and Healer","floor":22,"turns":7},{"damage":1,"enemies":"Chosen and Byrds","floor":24,"turns":7},{"damage":43,"enemies":"3 Cultists","floor":25,"turns":7},{"damage":21,"enemies":"Gremlin Leader","floor":28,"turns":6},{"damage":18,"enemies":"Champ","floor":33,"turns":10},{"damage":38,"enemies":"3 Darklings","floor":35,"turns":6},{"damage":6,"enemies":"Mind Bloom Boss Battle","floor":36,"turns":7},{"damage":14,"enemies":"Orb Walker","floor":39,"turns":6},{"damage":6,"enemies":"Spire Growth","floor":41,"turns":6},{"damage":50,"enemies":"Writhing Mass","floor":42,"turns":8},{"damage":72,"enemies":"4 Shapes","floor":46,"turns":6},{"damage":0,"enemies":"Maw","floor":48,"turns":7},{"damage":34,"enemies":"Time Eater","floor":50,"turns":15}],"seed_played":"8316585159379543825","potions_obtained":[{"floor":2,"key":"Fire Potion"},{"floor":8,"key":"Dexterity Potion"},{"floor":12,"key":"DistilledChaos"},{"floor":18,"key":"CultistPotion"},{"floor":33,"key":"LiquidBronze"},{"floor":41,"key":"PowerPotion"}],"is_trial":false,"path_per_floor":["M","M","?","?","?","R","M","E","T","$","?","M","M","?","R","B",null,"M","$","M","M","M","R","M","M","T","R","E","$","R","$","R","B",null,"M","?","?","$","M","R","M","M","T","?","?","M","R","M","R","B",null],"character_chosen":"DEFECT","items_purchased":["Defragment","Defragment","Frozen Egg 2","Gash","Capacitor+1","Redo"],"campfire_rested":8,"item_purchase_floors":[10,29,29,29,38,38],"current_hp_per_floor":[73,72,72,61,54,54,54,40,40,40,40,32,30,30,55,55,85,77,77,74,41,25,50,49,6,6,31,10,10,35,35,60,67,85,47,66,61,61,47,72,66,16,16,74,70,35,56,56,70,36],"gold":182,"neow_bonus":"REMOVE_CARD","is_daily":false,"chose_seed":false,"campfire_upgraded":1,"win_rate":0.0,"timestamp":1609812694,"path_taken":["M","M","?","?","?","R","M","E","T","$","?","M","?","?","R","BOSS","M","$","M","M","M","R","?","M","T","R","E","$","R","?","R","BOSS","M","?","?","$","M","R","M","M","T","?","?","M","R","M","R","BOSS"],"items_purchased_type":["Card","Card","Relic","Card","Card","Card"],"build_version":"2020-12-22","purchased_purges":1,"victory":true,"max_hp_per_floor":[75,75,75,75,75,75,75,85,85,85,85,85,85,85,85,85,85,85,85,85,85,85,85,85,85,85,85,85,85,85,85,85,85,85,85,85,85,85,85,85,85,85,85,74,70,70,70,70,70,70],"card_choices":[{"not_picked":["Go for the Eyes","Chaos"],"picked":"Cold Snap","floor":1},{"not_picked":["Undo","Heatsinks"],"picked":"Cold Snap","floor":2},{"not_picked":["Static Discharge","Recycle"],"picked":"Rebound","floor":7},{"not_picked":["Heatsinks","Conserve Battery"],"picked":"Echo Form","floor":8},{"not_picked":["Stack","Sweeping Beam"],"picked":"Go for the Eyes","floor":12},{"not_picked":["Undo","Steam","Chaos"],"picked":"SKIP","floor":13},{"not_picked":["Amplify","All For One"],"picked":"Machine Learning","floor":16},{"not_picked":["Steam","Darkness","Barrage"],"picked":"SKIP","floor":18},{"not_picked":["BootSequence","Turbo+1","Compile Driver"],"picked":"SKIP","floor":20},{"not_picked":["Ball Lightning+1","Steam"],"picked":"Leap+1","floor":21},{"not_picked":["Cold Snap","Undo"],"picked":"Ball Lightning","floor":22},{"not_picked":["Hello World","Coolheaded"],"picked":"Sweeping Beam","floor":24},{"not_picked":["Barrage+1","Leap"],"picked":"Loop","floor":25},{"not_picked":["Hyperbeam","Turbo","Darkness+1"],"picked":"SKIP","floor":28},{"not_picked":["Electrodynamics+1","Buffer+1"],"picked":"Reboot","floor":33},{"not_picked":["Redo","Ball Lightning+1"],"picked":"Chill+1","floor":35},{"not_picked":["Leap+1","Beam Cell+1"],"picked":"Sweeping Beam+1","floor":36},{"not_picked":["Good Instincts","Mind Blast"],"picked":"Dark Shackles","floor":37},{"not_picked":["Purity","Discovery"],"picked":"Mayhem+1","floor":37},{"not_picked":["Chill+1","Stack+1"],"picked":"Gash+1","floor":39},{"not_picked":["Streamline+1","Go for the Eyes"],"picked":"Gash","floor":41},{"not_picked":["Steam+1","Auto Shields","Scrape+1"],"picked":"SKIP","floor":42},{"not_picked":["Gash+1","Conserve Battery"],"picked":"Defragment+1","floor":46},{"not_picked":["Streamline","Beam Cell+1"],"picked":"White Noise","floor":48}],"player_experience":171896,"relics_obtained":[{"floor":8,"key":"Pear"},{"floor":9,"key":"Happy Flower"},{"floor":26,"key":"Pantograph"},{"floor":28,"key":"Lizard Tail"},{"floor":36,"key":"Emotion Chip"},{"floor":43,"key":"Dream Catcher"}],"event_choices":[{"cards_removed":["Defend_B"],"damage_healed":0,"gold_gain":0,"player_choice":"Forget","damage_taken":0,"max_hp_gain":0,"max_hp_loss":0,"event_name":"Living Wall","floor":3,"gold_loss":0},{"damage_healed":0,"gold_gain":75,"player_choice":"Gather Gold","damage_taken":11,"max_hp_gain":0,"max_hp_loss":0,"event_name":"World of Goop","floor":4,"gold_loss":0},{"cards_removed":["Defend_B"],"damage_healed":0,"gold_gain":0,"player_choice":"Card Removal","damage_taken":7,"max_hp_gain":0,"max_hp_loss":0,"event_name":"Golden Wing","floor":5,"gold_loss":0},{"damage_healed":0,"gold_gain":30,"player_choice":"Searched \u00272\u0027 times","damage_taken":0,"max_hp_gain":0,"max_hp_loss":0,"event_name":"Dead Adventurer","floor":11,"gold_loss":0},{"damage_healed":0,"gold_gain":0,"player_choice":"0 cards matched","damage_taken":0,"max_hp_gain":0,"max_hp_loss":0,"event_name":"Match and Keep!","floor":14,"gold_loss":0,"cards_obtained":[]},{"damage_healed":0,"gold_gain":0,"player_choice":"Fight","damage_taken":0,"max_hp_gain":0,"max_hp_loss":0,"event_name":"MindBloom","floor":36,"gold_loss":0},{"damage_healed":0,"gold_gain":0,"player_choice":"Memory 2","damage_taken":5,"max_hp_gain":0,"max_hp_loss":0,"event_name":"SensoryStone","floor":37,"gold_loss":0},{"damage_healed":74,"gold_gain":0,"player_choice":"Heal","damage_taken":0,"max_hp_gain":0,"max_hp_loss":11,"event_name":"The Moai Head","floor":44,"gold_loss":0},{"damage_healed":0,"gold_gain":0,"player_choice":"Max HP","damage_taken":0,"max_hp_gain":0,"max_hp_loss":4,"event_name":"Winding Halls","floor":45,"gold_loss":0}],"is_beta":false,"boss_relics":[{"not_picked":["Coffee Dripper","Tiny House"],"picked":"FrozenCore"},{"not_picked":["Runic Dome","Cursed Key"],"picked":"Fusion Hammer"}],"items_purged_floors":[29],"is_endless":false,"potions_floor_spawned":[2,8,12,18,20,33,41,42],"ascension_level":0}}