{"host":"tzyzz5n7hg2ni9q2","time":1609834708,"event":{"mods":["BaseMod","Minty Spire (QoL Compilation)","Quick Restart"],"gold_per_floor":[10,28,28,28,42,78,78,96,96,136,62,62,101,117,117,237,237,257,281,281,301,216,216,240,9,9,9,34,34,50,50,50,50,50],"floor_reached":33,"playtime":1559,"items_purged":["Strike_G"],"score":312,"play_id":"f89db975-e75a-40bc-a20c-a655cf8804d1","local_time":"20210105091828","is_ascension_mode":false,"campfire_choices":[{"floor":7,"key":"REST"},{"floor":12,"key":"REST"},{"data":"Footwork","floor":15,"key":"SMITH"},{"floor":23,"key":"REST"},{"floor":27,"key":"REST"},{"data":"Neutralize","floor":29,"key":"SMITH"},{"floor":32,"key":"RECALL"}],"circlet_count":0,"master_deck":["Strike_G","Defend_G","Defend_G","Defend_G","Defend_G","Defend_G+1","Survivor","Neutralize+1","Infinite Blades","Blade Dance","Footwork+1","Cloak And Dagger","Cloak And Dagger+1","Die Die Die","Backflip","Necronomicurse"],"relics":["Ring of the Snake","Bird Faced Urn","Golden Idol","Tiny Chest","InkBottle","Eternal Feather","Empty Cage","Necronomicon","Pen Nib","Bag of Preparation","War Paint"],"acts_visited":["Exordium","TheCity"],"potions_floor_usage":[6,10,13,21,31,31],"damage_taken":[{"damage":0,"enemies":"Jaw Worm","floor":1,"turns":6},{"damage":0,"enemies":"Small Slimes","floor":2,"turns":5},{"damage":1,"enemies":"2 Louse","floor":5,"turns":3},{"damage":43,"enemies":"Gremlin Nob","floor":6,"turns":5},{"damage":0,"enemies":"Looter","floor":8,"turns":4},{"damage":22,"enemies":"3 Sentries","floor":10,"turns":10},{"damage":0,"enemies":"Lagavulin","floor":13,"turns":5},{"damage":0,"enemies":"Blue Slaver","floor":14,"turns":5},{"damage":28,"enemies":"The Guardian","floor":16,"turns":19},{"damage":25,"enemies":"Chosen","floor":18,"turns":8},{"damage":3,"enemies":"3 Byrds","floor":19,"turns":8},{"damage":26,"enemies":"Cultist and Chosen","floor":21,"turns":8},{"damage":16,"enemies":"Snake Plant","floor":24,"turns":12},{"damage":12,"enemies":"Chosen and Byrds","floor":28,"turns":8},{"damage":11,"enemies":"Centurion and Healer","floor":30,"turns":11},{"damage":2,"enemies":"Book of Stabbing","floor":31,"turns":8},{"damage":21,"enemies":"Collector","floor":33,"turns":4}],"seed_played":"8898140626189916494","potions_obtained":[{"floor":1,"key":"LiquidMemories"},{"floor":5,"key":"DistilledChaos"},{"floor":10,"key":"ColorlessPotion"},{"floor":13,"key":"PowerPotion"},{"floor":14,"key":"SmokeBomb"},{"floor":24,"key":"SneckoOil"},{"floor":30,"key":"Explosive Potion"}],"is_trial":false,"path_per_floor":["M","M","?","?","M","E","R","M","T","E","$","R","E","M","R","B",null,"M","M","?","M","?","R","M","$","T","R","M","R","M","E","R","B"],"character_chosen":"THE_SILENT","items_purchased":["Footwork","Bag of Preparation"],"campfire_rested":4,"item_purchase_floors":[11,25],"current_hp_per_floor":[70,70,53,46,47,6,27,29,29,9,9,30,34,38,47,23,70,45,46,30,10,10,40,28,28,28,58,50,59,52,54,63,46,46],"gold":50,"neow_bonus":"ONE_RARE_RELIC","is_daily":false,"chose_seed":false,"campfire_upgraded":2,"win_rate":0.0,"timestamp":1609834708,"path_taken":["M","M","?","?","M","E","R","M","T","E","$","R","E","M","R","BOSS","M","M","?","M","?","R","M","$","T","R","M","R","M","E","R","BOSS"],"items_purchased_type":["Card","Relic"],"build_version":"2020-12-22","purchased_purges":1,"victory":false,"max_hp_per_floor":[70,70,70,70,70,70,70,70,70,70,70,70,70,70,70,70,70,70,70,70,70,70,70,70,70,70,70,70,70,70,70,70,70,70],"card_choices":[{"not_picked":["Bane","Dagger Spray"],"picked":"Infinite Blades","floor":1},{"not_picked":["Bane","Sucker Punch"],"picked":"Blade Dance","floor":2},{"not_picked":["Reflex","Bane","Prepared"],"picked":"SKIP","floor":5},{"not_picked":["Flying Knee","Skewer","Night Terror"],"picked":"SKIP","floor":6},{"not_picked":["Quick Slash","PiercingWail","Bouncing Flask"],"picked":"SKIP","floor":8},{"not_picked":["Riddle With Holes","Concentrate","Infinite Blades"],"picked":"SKIP","floor":10},{"not_picked":["Sucker Punch","Dodge and Roll"],"picked":"Cloak And Dagger","floor":13},{"not_picked":["Dagger Throw","Storm of Steel"],"picked":"Cloak And Dagger","floor":14},{"not_picked":["Venomology","Burst"],"picked":"Die Die Die","floor":16},{"not_picked":["Endless Agony","Deflect"],"picked":"Backflip","floor":18},{"not_picked":["Dagger Spray+1","Outmaneuver","Poisoned Stab"],"picked":"SKIP","floor":19},{"not_picked":["Eviscerate+1","Terror","Acrobatics+1"],"picked":"SKIP","floor":21},{"not_picked":["Outmaneuver","Prepared","Sucker Punch+1"],"picked":"SKIP","floor":24},{"not_picked":["Bouncing Flask","Doppelganger","Prepared"],"picked":"SKIP","floor":28},{"not_picked":["Blade Dance","Bouncing Flask+1","Terror"],"picked":"SKIP","floor":30}],"player_experience":245858,"relics_obtained":[{"floor":6,"key":"Tiny Chest"},{"floor":10,"key":"InkBottle"},{"floor":13,"key":"Eternal Feather"},{"floor":20,"key":"Necronomicon"},{"floor":26,"key":"War Paint"}],"event_choices":[{"damage_healed":0,"gold_gain":0,"player_choice":"Take Damage","damage_taken":17,"relics_obtained":["Golden Idol"],"max_hp_gain":0,"max_hp_loss":0,"event_name":"Golden Idol","floor":3,"gold_loss":0},{"cards_removed":["Strike_G"],"damage_healed":0,"gold_gain":0,"player_choice":"Card Removal","damage_taken":7,"max_hp_gain":0,"max_hp_loss":0,"event_name":"Golden Wing","floor":4,"gold_loss":0},{"damage_healed":0,"gold_gain":0,"player_choice":"Obtained Book","damage_taken":16,"max_hp_gain":0,"max_hp_loss":0,"event_name":"Cursed Tome","floor":20,"gold_loss":0},{"damage_healed":0,"gold_gain":0,"player_choice":"Obtained Relic","damage_taken":0,"relics_obtained":["Pen Nib"],"max_hp_gain":0,"max_hp_loss":0,"event_name":"Addict","floor":22,"gold_loss":85}],"is_beta":false,"boss_relics":[{"not_picked":["Runic Pyramid","Philosopher\u0027s Stone"],"picked":"Empty Cage"}],"items_purged_floors":[25],"is_endless":false,"potions_floor_spawned":[1,5,10,13,14,24,30,31],"killed_by":"Collector","ascension_level":0}}