{"host":"ueaobptuyu87ouwy","time":1609838672,"event":{"mods":["Aspiration","Bard","BaseMod","Better Altar","Better Match","Better Note","Better Sensory Stone","Better Skull","Better Third Choice","BetterRewards","CCEM","Colored Map","Conspire","Downfall","GifTheSpireLib","Googly Eyes","Halation","Hermit","Highlight Path","Hubris","Infinite Spire","Jedi Mod","Jorbs\u0027s Wanderer Trilogy","Marisa????????","Mimic Mod","Minty Spire (QoL Compilation)","Permanent Neow","Replay The Spire","StSLib","Stuff the Spire","The Runesmith","Unceasing Turn Reminder","everything is the same but u backflip on backflip","slay the spire mod where everything is the same but ironclad has a cowboy hat"],"gold_per_floor":[111,111,124,142,142,170,206,222,222,242,242,242],"floor_reached":11,"playtime":344,"items_purged":[],"score":75,"play_id":"01abd881-16dc-45db-ba4b-85d664163b70","local_time":"20210105172432","is_ascension_mode":false,"campfire_choices":[],"circlet_count":0,"master_deck":["Strike_R","Strike_R","Strike_R","Strike_R","Strike_R","Defend_R","Defend_R","Defend_R","Defend_R","Bash","Fire Breathing","Pain","True Grit","ReplayTheSpireMod:Strike From Hell","StuffTheSpire:Incineration","Bloodletting"],"relics":["Burning Blood","NeowsBlessing","WarpedTongs","halation:PromiseList","Potion Belt","CCEMRelics:TechnogenicHelmet"],"acts_visited":["Exordium"],"potions_floor_usage":[11,11],"damage_taken":[{"damage":0,"enemies":"Jaw Worm","floor":1,"turns":1},{"damage":1,"enemies":"Cultist","floor":3,"turns":1},{"damage":0,"enemies":"2 Louse","floor":4,"turns":1},{"damage":19,"enemies":"3 Sentries","floor":6,"turns":5},{"damage":11,"enemies":"Blue Slaver","floor":7,"turns":5},{"damage":16,"enemies":"Blue Slaver","floor":8,"turns":4},{"damage":36,"enemies":"Exordium Thugs","floor":10,"turns":5},{"damage":22,"enemies":"Gremlin Nob","floor":11,"turns":3}],"seed_played":"2306470534564329892","potions_obtained":[{"floor":1,"key":"ColorlessPotion"},{"floor":4,"key":"BlessingOfTheForge"},{"floor":10,"key":"Strength Potion"}],"is_trial":false,"path_per_floor":["M","?","M","M","?","E","MIM","M","T","M","E"],"character_chosen":"IRONCLAD","items_purchased":[],"campfire_rested":0,"item_purchase_floors":[],"current_hp_per_floor":[80,80,80,80,80,67,62,52,52,22,0,0],"gold":242,"neow_bonus":"THREE_ENEMY_KILL","is_daily":false,"chose_seed":false,"campfire_upgraded":0,"win_rate":0.0,"timestamp":1609838672,"path_taken":["M","?","?","M","?","E","?","M","T","M","E"],"items_purchased_type":[],"build_version":"2020-12-13","purchased_purges":0,"victory":false,"max_hp_per_floor":[80,80,80,80,80,80,80,80,80,80,80,80],"card_choices":[{"not_picked":["StuffTheSpire:RockThrow","hubris:ReadiedAction"],"picked":"Fire Breathing","floor":1},{"not_picked":["Heavy Blade","Rage"],"picked":"True Grit","floor":3},{"not_picked":["jedi:suffering","StuffTheSpire:Slingshot"],"picked":"ReplayTheSpireMod:Strike From Hell","floor":4},{"not_picked":["Demon Form","Clothesline"],"picked":"StuffTheSpire:Incineration","floor":6},{"not_picked":["StuffTheSpire:RockThrow","Body Slam"],"picked":"Bloodletting","floor":7},{"not_picked":["True Grit","Headbutt","Searing Blow"],"picked":"SKIP","floor":8},{"not_picked":["Clothesline","Run Through","Rage"],"picked":"SKIP","floor":10}],"player_experience":6952,"relics_obtained":[{"floor":6,"key":"halation:PromiseList"},{"floor":7,"key":"Potion Belt"},{"floor":9,"key":"CCEMRelics:TechnogenicHelmet"}],"event_choices":[{"damage_healed":0,"gold_gain":0,"player_choice":"Rummage","damage_taken":0,"relics_obtained":["WarpedTongs"],"max_hp_gain":0,"max_hp_loss":0,"event_name":"Accursed Blacksmith","floor":2,"gold_loss":0,"cards_obtained":["Pain"]}],"is_beta":false,"boss_relics":[],"items_purged_floors":[],"is_endless":false,"potions_floor_spawned":[1,4,10],"killed_by":"Gremlin Nob","ascension_level":0}}