{"host":"bydnmyvf669xu6ab","time":1609875422,"event":{"mods":["Aspiration","BaseMod","Better Note","BetterRewards","Colored Map","Colored Powertips","Minty Spire (QoL Compilation)","Rare Cards Sparkle","Relic Stats","Shop Mod","StSLib","SuperFastMode","Virulent Crown"],"gold_per_floor":[133,133,153,328,328,328,343,354,405,423,423,440,440,467,467,568,618,637,637,466,483,483,483,483],"floor_reached":23,"playtime":1190,"items_purged":["Doubt"],"score":306,"play_id":"e11e4b53-7c6c-4fbc-8242-4937adae1074","local_time":"20210105113702","is_ascension_mode":true,"campfire_choices":[{"data":"Armaments","floor":6,"key":"SMITH"},{"data":"Spot Weakness","floor":11,"key":"SMITH"},{"data":"Berserk","floor":13,"key":"SMITH"},{"data":"Limit Break","floor":15,"key":"SMITH"}],"circlet_count":0,"master_deck":["Strike_R","Strike_R","Strike_R","Strike_R","Strike_R","Defend_R","Defend_R","Defend_R","Defend_R+1","Bash","Inflame","Entrench","Armaments+1","Evolve","Cleave","Spot Weakness+1","Headbutt","Shrug It Off","Fire Breathing","Berserk+1","Limit Break+1","Barricade","Heavy Blade","Warcry","Barricade+1","Flex","Bash"],"relics":["Burning Blood","Blood Vial","Toolbox","aspiration:StickyExplosives_weak","Pen Nib","Juzu Bracelet","Bag of Marbles","Tiny House"],"acts_visited":["Exordium","TheCity"],"potions_floor_usage":[10,16,16,18,21,21,23],"damage_taken":[{"damage":7,"enemies":"Jaw Worm","floor":1,"turns":5},{"damage":2,"enemies":"Small Slimes","floor":3,"turns":6},{"damage":10,"enemies":"Cultist","floor":7,"turns":4},{"damage":4,"enemies":"Blue Slaver","floor":8,"turns":3},{"damage":6,"enemies":"Lots of Slimes","floor":10,"turns":4},{"damage":4,"enemies":"3 Louse","floor":12,"turns":3},{"damage":23,"enemies":"Lagavulin","floor":14,"turns":5},{"damage":20,"enemies":"Hexaghost","floor":16,"turns":7},{"damage":53,"enemies":"2 Thieves","floor":18,"turns":5},{"damage":25,"enemies":"3 Byrds","floor":21,"turns":3},{"damage":45,"enemies":"Gremlin Leader","floor":23,"turns":2}],"seed_played":"1860682343271515171","potions_obtained":[{"floor":3,"key":"LiquidMemories"},{"floor":7,"key":"DistilledChaos"},{"floor":12,"key":"EntropicBrew"},{"floor":21,"key":"HeartOfIron"}],"is_trial":false,"path_per_floor":["M","$","M","?","T","R","M","M","T","M","R","M","R","E","R","B",null,"M","?","$","M","?","E"],"character_chosen":"IRONCLAD","items_purchased":["Blood Vial","Toolbox","aspiration:StickyExplosives_weak","Inflame","Entrench","Armaments","Evolve","Fruit Juice"],"campfire_rested":0,"item_purchase_floors":[0,0,0,0,0,0,0,20],"current_hp_per_floor":[46,46,52,52,52,52,50,54,54,56,56,60,60,45,45,33,85,50,50,50,38,38,0,0],"gold":483,"neow_bonus":"","is_daily":false,"chose_seed":false,"campfire_upgraded":4,"win_rate":0.0,"timestamp":1609875422,"path_taken":["M","$","M","?","?","R","M","M","T","M","R","M","R","E","R","BOSS","M","?","?","M","?","E"],"items_purchased_type":["Relic","Relic","Relic","Card","Card","Card","Card","Potion"],"build_version":"2020-12-22","purchased_purges":1,"victory":false,"max_hp_per_floor":[80,80,80,80,80,80,80,80,80,80,80,80,80,80,80,80,85,85,85,85,90,90,90,90],"relic_stats":{"Blood Vial":40,"counters":[116,566],"Pen Nib":[5],"Juzu Bracelet":0,"obtain_stats":[{"Ice Cream":19,"Calipers":12,"Tiny House":17,"Gremlin Horn":17,"Vajra":42,"Whetstone":43,"Blood Vial":25,"Centennial Puzzle":41,"Sundial":24,"DollysMirror":0,"Strawberry":10,"Philosopher\u0027s Stone":17,"MealTicket":14,"Kunai":0,"Toxic Egg 2":3,"aspiration:DSix":13,"Astrolabe":17,"Dead Branch":42,"Oddly Smooth Stone":25,"Pen Nib":42,"Charon\u0027s Ashes":17,"aspiration:HiddenCompartment":21,"Shuriken":31,"Bronze Scales":19,"Molten Egg 2":26,"Mark of Pain":34,"aspiration:Lifesprig":54,"Regal Pillow":27,"Torii":46,"SacredBark":17,"Juzu Bracelet":22,"Bag of Preparation":31,"Ancient Tea Set":7,"Cursed Key":34,"Smiling Mask":23,"PrismaticShard":22,"Burning Blood":0,"aspiration:StickyExplosives_weak":27,"ClockworkSouvenir":30,"Matryoshka":0,"aspiration:DefectSkillbook":17,"aspiration:AnachronicSnailShell":23,"Toolbox":0,"Red Skull":38,"aspiration:ChemicalBlood":9,"Paper Frog":43,"Potion Belt":0,"Self Forming Clay":25,"The Courier":9,"Frozen Egg 2":26,"Medical Kit":31,"Calling Bell":17,"Anchor":9,"CaptainsWheel":54,"Art of War":26,"Bag of Marbles":14,"Membership Card":19,"FossilizedHelix":0,"Toy Ornithopter":0},{"Ice Cream":23,"Calipers":45,"Tiny House":113,"Gremlin Horn":86,"Vajra":33,"Whetstone":33,"Blood Vial":92,"Centennial Puzzle":33,"Sundial":25,"DollysMirror":39,"Strawberry":20,"Philosopher\u0027s Stone":22,"MealTicket":85,"Kunai":39,"Toxic Egg 2":41,"aspiration:DSix":85,"Astrolabe":7,"Dead Branch":33,"Oddly Smooth Stone":11,"Pen Nib":73,"Charon\u0027s Ashes":86,"aspiration:HiddenCompartment":63,"Shuriken":27,"Bronze Scales":23,"Molten Egg 2":11,"Mark of Pain":67,"aspiration:Lifesprig":78,"Regal Pillow":93,"Torii":74,"SacredBark":47,"Juzu Bracelet":9,"Bag of Preparation":96,"Ancient Tea Set":3,"Cursed Key":28,"Smiling Mask":53,"PrismaticShard":63,"Burning Blood":0,"aspiration:StickyExplosives_weak":64,"ClockworkSouvenir":66,"Matryoshka":56,"aspiration:DefectSkillbook":62,"aspiration:AnachronicSnailShell":10,"Toolbox":105,"Red Skull":98,"aspiration:ChemicalBlood":43,"Paper Frog":100,"Potion Belt":15,"Self Forming Clay":54,"The Courier":59,"Frozen Egg 2":63,"Medical Kit":96,"Calling Bell":86,"Anchor":20,"CaptainsWheel":38,"Art of War":63,"Bag of Marbles":112,"Membership Card":23,"FossilizedHelix":79,"Toy Ornithopter":79},{"Ice Cream":101,"Calipers":229,"Tiny House":556,"Gremlin Horn":431,"Vajra":157,"Whetstone":157,"Blood Vial":457,"Centennial Puzzle":157,"Sundial":109,"DollysMirror":198,"Strawberry":78,"Philosopher\u0027s Stone":94,"MealTicket":423,"Kunai":198,"Toxic Egg 2":205,"aspiration:DSix":423,"Astrolabe":24,"Dead Branch":157,"Oddly Smooth Stone":43,"Pen Nib":382,"Charon\u0027s Ashes":431,"aspiration:HiddenCompartment":334,"Shuriken":117,"Bronze Scales":101,"Molten Egg 2":43,"Mark of Pain":358,"aspiration:Lifesprig":406,"Regal Pillow":460,"Torii":385,"SacredBark":239,"Juzu Bracelet":31,"Bag of Preparation":472,"Ancient Tea Set":11,"Cursed Key":129,"Smiling Mask":280,"PrismaticShard":334,"Burning Blood":0,"aspiration:StickyExplosives_weak":340,"ClockworkSouvenir":350,"Matryoshka":307,"aspiration:DefectSkillbook":330,"aspiration:AnachronicSnailShell":38,"Toolbox":520,"Red Skull":484,"aspiration:ChemicalBlood":212,"Paper Frog":490,"Potion Belt":64,"Self Forming Clay":287,"The Courier":319,"Frozen Egg 2":334,"Medical Kit":472,"Calling Bell":431,"Anchor":78,"CaptainsWheel":189,"Art of War":334,"Bag of Marbles":549,"Membership Card":101,"FossilizedHelix":408,"Toy Ornithopter":408}],"Burning Blood":606},"card_choices":[{"not_picked":["Anger","Sword Boomerang"],"picked":"Cleave","floor":1},{"not_picked":["Heavy Blade","Intimidate"],"picked":"Spot Weakness","floor":3},{"not_picked":["Perfected Strike","Sword Boomerang"],"picked":"Headbutt","floor":7},{"not_picked":["Anger","Shockwave"],"picked":"Shrug It Off","floor":8},{"not_picked":["Clothesline","Twin Strike"],"picked":"Fire Breathing","floor":10},{"not_picked":["Body Slam","Havoc"],"picked":"Berserk","floor":12},{"not_picked":["Sword Boomerang","Berserk"],"picked":"Limit Break","floor":14},{"not_picked":["Double Tap","Offering"],"picked":"Barricade","floor":16},{"not_picked":["Perfected Strike","Headbutt"],"picked":"Heavy Blade","floor":17},{"not_picked":["Hemokinesis","Dropkick"],"picked":"Warcry","floor":18},{"not_picked":["Infernal Blade","Ghostly Armor"],"picked":"Flex","floor":21}],"player_experience":2149263,"relics_obtained":[{"floor":5,"key":"Pen Nib"},{"floor":9,"key":"Juzu Bracelet"},{"floor":14,"key":"Bag of Marbles"}],"event_choices":[{"damage_healed":0,"gold_gain":175,"player_choice":"AGREE","damage_taken":0,"max_hp_gain":0,"max_hp_loss":0,"event_name":"Liars Game","floor":4,"gold_loss":0,"cards_obtained":["Doubt"]},{"cards_removed":["Barricade"],"damage_healed":0,"gold_gain":0,"player_choice":"Take \u0026 Give","damage_taken":0,"max_hp_gain":0,"max_hp_loss":0,"event_name":"betterNote:BetterNote","floor":19,"gold_loss":0,"cards_obtained":["Barricade"]},{"damage_healed":0,"gold_gain":0,"player_choice":"1 cards matched","damage_taken":0,"max_hp_gain":0,"max_hp_loss":0,"event_name":"Match and Keep!","floor":22,"gold_loss":0,"cards_obtained":["Bash"]}],"is_beta":false,"boss_relics":[{"not_picked":["aspiration:PoetsPen_weak","Runic Cube"],"picked":"Tiny House"}],"items_purged_floors":[20],"is_endless":false,"potions_floor_spawned":[3,7,12,21],"killed_by":"Gremlin Leader","ascension_level":1}}