{"host":"emut9mh212kd9b86","time":1609845158,"event":{"mods":["ATMod(°¢èªMod)","Act Like it!","BaseMod","Better Vampires","Gensokyo","KomeijiMod","Minty Spire (QoL Compilation)","MostiFishMod","Shop Mod","Spicy Shops","StSLib","TestMod","noobMod","¡¾ÒÅÎï¿¨ÅÆ¡¿REMEMod"],"gold_per_floor":[121,521,534,544,353,389,389,710,710,710,942,942,942,478,478,565,565,592,617,645,405,430,430,470,470,470,470,294,331,331,331,331,717,717,950,950,963,985,1033,1081,1081,1129,1129,1168,1186,1220,1266,1306,1306,1323],"floor_reached":51,"playtime":5003,"items_purged":["Strike_Komeiji","Strike_Komeiji","Strike_Komeiji"],"score":1999,"play_id":"d139db74-ba3f-4595-85a5-56791fbd8e8e","local_time":"20210105191238","is_ascension_mode":true,"campfire_choices":[{"data":"WreathOfFlame","floor":7.0,"key":"SMITH"},{"data":"Dash_Komeiji","floor":12.0,"key":"SMITH"},{"data":"Defend_Komeiji","floor":15.0,"key":"SMITH"},{"data":"Defend_Komeiji","floor":23.0,"key":"SMITH"},{"data":"Dagger Spray","floor":32.0,"key":"SMITH"},{"data":"Gensokyo:ShootingStar","floor":41,"key":"SMITH"},{"floor":49,"key":"RECALL"}],"circlet_count":0,"master_deck":["AscendersBane","Defend_Komeiji+1","Defend_Komeiji+1","Dash_Komeiji+1","WreathOfFlame+1","Dagger Spray+1","Gensokyo:ShootingStar+1","Gensokyo:MorningStar+1"],"relics":["KomeijisEye","SpellCardsRule","MusicBox","ice","DaveBox","AT_ATBox","REME_ComplimentaryCards","testmod-Acrobat","DianPoetry","NeowsBlessing","SynthV:TestCard","REME_CardOfGreed","testmod-Justice","Gremlin Horn","Happy Flower","AT_TimeSand","MerchantsRug","Membership Card","Blue Candle","Coffee Dripper","AT_BladeRuinedKing","PrismaticShard","Gensokyo:ConquerorOfFear","ImprovedEquipment","Tiny Chest","Gensokyo:RedStar","testmod-DeterminationOfClimber","testmod-EqualTreatment","AT_Kusabimaru","AT_PhaseBoots","Akabeko","Bronze Scales","RingOfDollmaker","Singing Bowl","Blood Vial"],"acts_visited":["Exordium","Gensokyo:Gensokyo","Gensokyo:Gensokyoer"],"potions_floor_usage":[37,46],"damage_taken":[{"damage":2.0,"enemies":"Gensokyo:3_Fairies","floor":1.0,"turns":2.0},{"damage":0.0,"enemies":"Gensokyo:Gryphon","floor":3.0,"turns":1.0},{"damage":0.0,"enemies":"Gensokyo:Python","floor":4.0,"turns":1.0},{"damage":10.0,"enemies":"Gensokyo:Mamizou","floor":6.0,"turns":10.0},{"damage":4.0,"enemies":"Gensokyo:CorruptedTreant","floor":8.0,"turns":4.0},{"damage":20.0,"enemies":"Gensokyo:Aya","floor":11.0,"turns":6.0},{"damage":0.0,"enemies":"Gensokyo:Yukari","floor":16.0,"turns":10.0},{"damage":0.0,"enemies":"Gensokyo:2_Gloops","floor":18.0,"turns":5.0},{"damage":6.0,"enemies":"Gensokyo:3_Dogs","floor":19.0,"turns":6.0},{"damage":13.0,"enemies":"Gensokyo:3_Gloops","floor":20.0,"turns":5.0},{"damage":15.0,"enemies":"Gensokyo:Wraith","floor":22.0,"turns":5.0},{"damage":12.0,"enemies":"Gensokyo:Tenshi","floor":24.0,"turns":9.0},{"damage":0.0,"enemies":"Gensokyo:Chomper_and_Gloop","floor":29.0,"turns":13.0},{"damage":0,"enemies":"Gensokyo:Eternal_Rivals","floor":33,"turns":7},{"damage":0,"enemies":"Gensokyo:AncientGuardian","floor":35,"turns":4},{"damage":5,"enemies":"Gensokyo:3_Bats","floor":37,"turns":4},{"damage":0,"enemies":"Gensokyo:Dusk_and_Dawn","floor":38,"turns":3},{"damage":6,"enemies":"Gensokyo:Marisa","floor":40,"turns":6},{"damage":0,"enemies":"Gensokyo:Doremy","floor":42,"turns":6},{"damage":0,"enemies":"Gensokyo:Kasen","floor":44,"turns":4},{"damage":0,"enemies":"Gensokyo:4_Bats","floor":45,"turns":1},{"damage":0,"enemies":"Gensokyo:SeedOfUnknown","floor":46,"turns":5},{"damage":0,"enemies":"Gensokyo:SeedOfUnknown","floor":47,"turns":1},{"damage":0,"enemies":"Gensokyo:Doremy","floor":48,"turns":3},{"damage":0,"enemies":"Gensokyo:Yuyuko","floor":50,"turns":4}],"seed_played":"1597471665121394160","potions_obtained":[{"floor":8.0,"key":"Regen Potion"},{"floor":11.0,"key":"LiquidMemories"},{"floor":19.0,"key":"GamblersBrew"},{"floor":24.0,"key":"PowerPotion"},{"floor":29.0,"key":"Energy Potion"},{"floor":37,"key":"EssenceOfSteel"},{"floor":44,"key":"AttackPotion"},{"floor":46,"key":"testmod-SpacePotion"}],"is_trial":false,"path_per_floor":["M","?","M","M","COS","E","R","M","T","?","E","R","?","$","R","B",null,"M","M","M","$","M","R","E","?","T","?","COS","M","T","?","R","B",null,"M","?","M","M","T","E","R","E","T","E","M","M","?","E","R","B",null],"character_chosen":"KomeijiSatori","items_purchased":["MerchantsRug","Membership Card","Blue Candle","testmod-SpacePotion","AT_BladeRuinedKing","PrismaticShard"],"campfire_rested":0,"item_purchase_floors":[14,14,14,14,21,21],"current_hp_per_floor":[43,43,43,43,43,33,33,29,29,29,9,9,9,9,9,50,55,55,49,36,36,21,21,102,102,102,102,102,102,102,102,102,133,133,133,133,131,133,133,130,130,133,133,135,137,139,139,141,141,141],"gold":1323,"neow_bonus":"THREE_ENEMY_KILL","is_daily":false,"chose_seed":false,"campfire_upgraded":6,"win_rate":0.0,"timestamp":1609845158,"path_taken":["M","?","?","M","COS","E","R","M","T","?","E","R","?","$","R","BOSS","M","?","M","$","M","R","E","?","T","?","COS","?","?","?","R","BOSS","M","?","M","?","?","E","R","E","T","E","M","M","?","E","R","BOSS"],"items_purchased_type":["Relic","Relic","Relic","Potion","Relic","Relic"],"build_version":"2020-12-22","purchased_purges":3,"victory":true,"max_hp_per_floor":[50,50,50,50,50,50,50,50,50,50,50,50,50,50,50,56,56,58,79,83,83,95,95,105,105,105,105,105,133,133,133,133,133,133,133,133,133,133,133,133,133,133,133,135,137,139,139,141,141,141],"card_choices":[{"not_picked":["HisouNoKen","HagoromoKu","ShyakuBuku"],"picked":"SKIP","floor":1.0},{"not_picked":["KimairaNoYoku","KeiseiJin+1","GroundStardust+1","DochyakuKami+1"],"picked":"NingyouKisou+1","floor":3.0},{"not_picked":["KinbakuJin+1","Agarareta+1","MusuNoYume","NingyouSousou+1","KeiseiJin+1"],"picked":"SKIP","floor":4.0},{"not_picked":["DemonLordCradle","IceTornado","NingyouSP+1","MiraiBunraku","NingyouChiyari+1"],"picked":"SKIP","floor":6.0},{"not_picked":["SatsujinDooru","SuitokuNoKyoryu","MusuNoYume","NingyouKasou+1","RikonNoKama+1"],"picked":"SKIP","floor":8.0},{"not_picked":["NingyouChiyari+1","Sabishigari+1","NingyouFukuhei+1","NingyouShinki+1","KeiseiJin+1"],"picked":"SKIP","floor":11.0},{"not_picked":["NingyouOkisou+1","NingyouSP+1","MusuNoYume","JyouchiJin+1","ArtfulChanter"],"picked":"SKIP","floor":18.0},{"not_picked":["JyouchiJin+1","ArtfulChanter","SeekerWire+1","NingyouShinki+1","ShyakuBuku"],"picked":"SKIP","floor":19.0},{"not_picked":["Sabishigari+1","Melting","NingyouKisou+1","ShyakuBuku","SelfTokamak"],"picked":"SKIP","floor":20.0},{"not_picked":["Evaluate","TricksterDevil","LessonLearned","Shockwave+1","DoubleEdge"],"picked":"SKIP","floor":22.0},{"not_picked":["REME_TwoStrings","Heel Hook","FlurryOfBlows+1","MostiFishMod:Speedup","Dagger Spray"],"picked":"SKIP","floor":24.0},{"not_picked":["PreThought","KouPou+1","Warpath","Halt"],"picked":"Dagger Spray","floor":29.0},{"not_picked":[],"picked":"Gensokyo:ShootingStar","floor":33},{"not_picked":["DemonsDinnerFork_Remiria","AT_KneejerkReflex","Cold Snap+1","testmod-Collector","Chaos"],"picked":"SKIP","floor":35},{"not_picked":["DemonLordCradle","TricksterDevil","PartStrengthen+1","Prostrate","ThirdEye"],"picked":"SKIP","floor":37},{"not_picked":["Madness","Sweeping Beam","testmod-TemporaryDeletion","Outmaneuver","Wild Strike"],"picked":"SKIP","floor":38},{"not_picked":["Halt","Agarareta+1","AT_ThreeBodyProblem+1","Mishyaguji+1","AT_TinkerSharpsword"],"picked":"SKIP","floor":40},{"not_picked":["Flex","Wish","CarveReality","BloodCleaner","NingyouSousou+1"],"picked":"SKIP","floor":42},{"not_picked":["Sword Boomerang","REME_Repentance+1","Hello World","Mishyaguji+1","Distraction+1"],"picked":"Singing Bowl","floor":44},{"not_picked":["HenyouMirume+1","FierceSweep+1","StigmaNizer+1","ReachHeaven","MostiFishMod:VineMother"],"picked":"Singing Bowl","floor":45},{"not_picked":["BootSequence","Heel Hook","Iron Wave","Mishyaguji+1","Sucker Punch"],"picked":"Singing Bowl","floor":46},{"not_picked":["Gensokyo:Dawn+1","Gensokyo:RainbowDanmaku+1"],"picked":"Gensokyo:MorningStar+1","floor":47},{"not_picked":["BathedInBlood","Skewer","DemonsDinnerFork","DemonsDinnerFork_Remiria","PanicButton"],"picked":"Singing Bowl","floor":48}],"player_experience":386046,"relics_obtained":[{"floor":1.0,"key":"SynthV:TestCard"},{"floor":6.0,"key":"testmod-Justice"},{"floor":9.0,"key":"Gremlin Horn"},{"floor":11.0,"key":"AT_TimeSand"},{"floor":26.0,"key":"ImprovedEquipment"},{"floor":29.0,"key":"Gensokyo:ConquerorOfFear"},{"floor":30.0,"key":"Tiny Chest"},{"floor":39,"key":"AT_SpeedBoots"},{"floor":40,"key":"Akabeko"},{"floor":42,"key":"Bronze Scales"},{"floor":43,"key":"RingOfDollmaker"},{"floor":44,"key":"Singing Bowl"},{"floor":48,"key":"Blood Vial"}],"event_choices":[{"damage_healed":0.0,"max_hp_gain":0.0,"max_hp_loss":0.0,"gold_gain":400.0,"event_name":"¶÷ÂåË¹µÄÅÌ×Ó","player_choice":"Sell","floor":2.0,"relics_lost":["testmod-TestBox"],"gold_loss":0.0,"damage_taken":0.0}],"is_beta":false,"boss_relics":[{"not_picked":["testmod-StringDisintegrator","Fusion Hammer"],"picked":"Coffee Dripper"},{"not_picked":["MoonlightInvasionPlan","Memoirist"],"picked":"testmod-DeterminationOfClimber"}],"items_purged_floors":[14,21,21],"is_endless":false,"potions_floor_spawned":[8,11,19,24,29,37,44,45,46],"ascension_level":15}}