{"host":"b4asi0laiv85suj9","time":1609827249,"event":{"mods":["ATMod(°¢èªMod)","BaseMod","Minty Spire (QoL Compilation)","MostiFishMod","Relic Stats","StSLib","TestMod","noobMod"],"gold_per_floor":[119,129,43,43,55,55,81,81,81,115,165,175,175,195,195,266,266,284,295,309,322,76,109,109,144,144,144,170,187,87,104,104,175,175,188,200,40,56,75,100,115,144,144,174,194,206,206,240,240,240,240,240,240,31,63,63],"floor_reached":57,"playtime":3549,"items_purged":["Defend_P","Strike_P+1","Parasite"],"score":3417,"play_id":"f2988b31-6bce-494f-9ea7-d5fd6c6cd6ce","local_time":"20210105141409","is_ascension_mode":true,"campfire_choices":[{"data":"AT_FamilyPortrait","floor":6,"key":"SMITH"},{"data":"MasterReality","floor":8,"key":"SMITH"},{"data":"TalkToTheHand","floor":13,"key":"SMITH"},{"data":"Eruption","floor":15,"key":"SMITH"},{"data":"MostiFishMod:Adaptation","floor":24,"key":"SMITH"},{"floor":32,"key":"RECALL"},{"floor":49,"key":"REST"},{"floor":53,"key":"REST"}],"circlet_count":0,"master_deck":["AscendersBane","Strike_P+1","Strike_P+1","Strike_P+1","Defend_P+1","Defend_P+1","Defend_P+1","Eruption+1","Vigilance+1","AT_FamilyPortrait+1","BowlingBash+1","TalkToTheHand+1","Fasting2+1","ClearTheMind+1","MasterReality+1","Wallop+1","MostiFishMod:Speedup+1","MostiFishMod:Speedup+1","LessonLearned+1","Crescendo+1","Adaptation+1","MostiFishMod:LegendTransform+1","EmptyMind+1","MostiFishMod:Adaptation+1","Collect+1","Tantrum+1","MostiFishMod:PathToVictory+1","Scrawl+1","InnerPeace+1","FearNoEvil+1","DeusExMachina+1","FlurryOfBlows+1","AT_ChampionStep+1","Vault"],"relics":["testmod-TestBox","DaveBox","ice","AT_ATBox","JellyFishMachine","testmod-NegativeEmotionEnhancer","xbg","SynthV:TestCard","testmod-DragonStarHat","Bag of Marbles","Yang","testmod-BloodSacrificeSpiritualization","PreservedInsect","Ornamental Fan","Darkstone Periapt","Regal Pillow","Oddly Smooth Stone","RhineCircuit","Happy Flower","Orichalcum","Akabeko","TeardropLocket","SentryEyes","ImprovedEquipment"],"acts_visited":["Exordium","TheCity","TheBeyond","TheEnding"],"potions_floor_usage":[14,14,16,16,56],"damage_taken":[{"damage":0,"enemies":"Cultist","floor":1,"turns":3},{"damage":4,"enemies":"Small Slimes","floor":2,"turns":4},{"damage":4,"enemies":"2 Louse","floor":5,"turns":2},{"damage":22,"enemies":"3 Sentries","floor":7,"turns":6},{"damage":19,"enemies":"Gremlin Nob","floor":10,"turns":4},{"damage":10,"enemies":"Exordium Thugs","floor":12,"turns":5},{"damage":6,"enemies":"Lots of Slimes","floor":14,"turns":4},{"damage":0,"enemies":"Slime Boss","floor":16,"turns":5},{"damage":18,"enemies":"Spheric Guardian","floor":18,"turns":3},{"damage":12,"enemies":"2 Thieves","floor":19,"turns":3},{"damage":36,"enemies":"Shelled Parasite and Fungi","floor":20,"turns":3},{"damage":9,"enemies":"Cultist and Chosen","floor":21,"turns":3},{"damage":36,"enemies":"Gremlin Leader","floor":23,"turns":3},{"damage":8,"enemies":"Slavers","floor":25,"turns":2},{"damage":13,"enemies":"Gremlin Leader","floor":28,"turns":2},{"damage":9,"enemies":"Chosen and Byrds","floor":29,"turns":3},{"damage":0,"enemies":"Snecko","floor":31,"turns":3},{"damage":18,"enemies":"Champ","floor":33,"turns":4},{"damage":2,"enemies":"3 Shapes","floor":35,"turns":2},{"damage":18,"enemies":"Orb Walker","floor":36,"turns":4},{"damage":36,"enemies":"Writhing Mass","floor":38,"turns":3},{"damage":22,"enemies":"3 Darklings","floor":39,"turns":3},{"damage":0,"enemies":"Nemesis","floor":40,"turns":3},{"damage":0,"enemies":"Maw","floor":41,"turns":2},{"damage":12,"enemies":"Giant Head","floor":42,"turns":2},{"damage":0,"enemies":"Reptomancer","floor":44,"turns":1},{"damage":0,"enemies":"4 Shapes","floor":45,"turns":1},{"damage":33,"enemies":"Transient","floor":46,"turns":5},{"damage":0,"enemies":"Giant Head","floor":48,"turns":2},{"damage":11,"enemies":"Awakened One","floor":50,"turns":4},{"damage":0,"enemies":"Donu and Deca","floor":51,"turns":2},{"damage":2,"enemies":"Shield and Spear","floor":55,"turns":2},{"damage":21,"enemies":"The Heart","floor":56,"turns":7}],"seed_played":"2752573497456914256","potions_obtained":[{"floor":1,"key":"Strength Potion"},{"floor":5,"key":"Regen Potion"},{"floor":12,"key":"SkillPotion"},{"floor":16,"key":"Swift Potion"},{"floor":21,"key":"AttackPotion"},{"floor":46,"key":"FairyPotion"}],"is_trial":false,"path_per_floor":["M","M","$","$","M","R","E","R","T","E","?","M","R","M","R","B",null,"M","M","M","M","$","E","R","E","T","?","E","M","$","M","R","B",null,"M","M","$","M","M","E","M","E","T","E","M","M","?","E","R","B","B",null,"R","$","E","B",null],"character_chosen":"WATCHER","items_purchased":["Fasting2","PreservedInsect","Happy Flower","AT_ChampionStep"],"campfire_rested":2,"item_purchase_floors":[3,22,37,54],"current_hp_per_floor":[63,62,62,62,61,61,46,46,46,29,29,22,22,34,34,37,69,53,44,82,76,76,43,43,39,39,39,28,22,22,24,24,8,76,78,75,75,47,33,35,37,27,27,31,36,134,134,135,135,129,132,139,141,138,139,120],"gold":63,"neow_bonus":"BOSS_RELIC","is_daily":false,"chose_seed":false,"campfire_upgraded":5,"win_rate":0.0,"timestamp":1609827249,"path_taken":["M","?","?","$","M","R","E","R","T","E","?","M","R","?","R","BOSS","M","M","M","M","$","E","R","E","T","?","E","M","?","M","R","BOSS","M","M","$","M","M","E","M","E","T","E","M","?","?","E","R","BOSS","BOSS","R","$","E","BOSS"],"items_purchased_type":["Card","Relic","Relic","Card"],"build_version":"2020-12-22","purchased_purges":3,"victory":true,"max_hp_per_floor":[69,70,70,70,71,71,75,75,75,76,76,77,77,78,78,79,79,80,81,82,84,84,88,88,90,90,90,93,94,94,96,96,99,99,102,106,106,114,118,125,126,127,127,128,130,134,134,135,135,138,141,141,141,138,141,218],"relic_stats":{"Darkstone Periapt":6,"Regal Pillow":0,"Happy Flower":[12],"counters":[33,105],"Ornamental Fan":[172],"Yang":[247],"PreservedInsect":583,"Orichalcum":[12],"obtain_stats":[{"Darkstone Periapt":25,"Regal Pillow":26,"AT_ATBox":0,"DaveBox":0,"Yang":10,"ice":0,"testmod-NegativeEmotionEnhancer":0,"testmod-BloodSacrificeSpiritualization":17,"TeardropLocket":44,"testmod-DragonStarHat":7,"testmod-TestBox":0,"Happy Flower":37,"JellyFishMachine":0,"ImprovedEquipment":55,"Oddly Smooth Stone":28,"PreservedInsect":22,"Orichalcum":40,"Akabeko":42,"RhineCircuit":34,"SynthV:TestCard":1,"Ornamental Fan":23,"SentryEyes":48,"Bag of Marbles":9,"PureWater":0,"xbg":0},{"Darkstone Periapt":14,"Regal Pillow":14,"AT_ATBox":0,"DaveBox":0,"Yang":5,"ice":0,"testmod-NegativeEmotionEnhancer":0,"testmod-BloodSacrificeSpiritualization":8,"TeardropLocket":26,"testmod-DragonStarHat":4,"testmod-TestBox":0,"Happy Flower":20,"JellyFishMachine":0,"ImprovedEquipment":32,"Oddly Smooth Stone":15,"PreservedInsect":12,"Orichalcum":23,"Akabeko":25,"RhineCircuit":18,"SynthV:TestCard":1,"Ornamental Fan":13,"SentryEyes":29,"Bag of Marbles":4,"PureWater":0,"xbg":0},{"Darkstone Periapt":50,"Regal Pillow":50,"AT_ATBox":0,"DaveBox":0,"Yang":19,"ice":0,"testmod-NegativeEmotionEnhancer":0,"testmod-BloodSacrificeSpiritualization":33,"TeardropLocket":82,"testmod-DragonStarHat":15,"testmod-TestBox":0,"Happy Flower":68,"JellyFishMachine":0,"ImprovedEquipment":98,"Oddly Smooth Stone":52,"PreservedInsect":45,"Orichalcum":77,"Akabeko":81,"RhineCircuit":62,"SynthV:TestCard":3,"Ornamental Fan":48,"SentryEyes":90,"Bag of Marbles":15,"PureWater":0,"xbg":0}]},"card_choices":[{"not_picked":["Study","Halt"],"picked":"BowlingBash","floor":1},{"not_picked":["BattleHymn","ThirdEye","CrushJoints","Evaluate"],"picked":"TalkToTheHand","floor":2},{"not_picked":["MentalFortress","Consecrate","FlyingSleeves","JustLucky"],"picked":"ClearTheMind","floor":5},{"not_picked":["Prostrate","Protect","CrushJoints","Meditate"],"picked":"MasterReality","floor":7},{"not_picked":["CutThroughFate","Consecrate","FlurryOfBlows","Collect"],"picked":"Wallop","floor":10},{"not_picked":["Evaluate","EmptyFist","EmptyBody","AT_OneInchPunch"],"picked":"MostiFishMod:Speedup","floor":12},{"not_picked":["MostiFishMod:Nomercy","Worship","Nirvana","BowlingBash"],"picked":"MostiFishMod:Speedup","floor":14},{"not_picked":["DeusExMachina","MostiFishMod:OutWit","MostiFishMod:KamiSmash","MostiFishMod:Unraveling"],"picked":"LessonLearned","floor":16},{"not_picked":["ThirdEye","EmptyFist","JustLucky","SashWhip"],"picked":"Crescendo","floor":18},{"not_picked":["WreathOfFlame","LikeWater+1","FlurryOfBlows","EmptyFist"],"picked":"Adaptation","floor":19},{"not_picked":["Evaluate","EmptyBody","Study","Fasting2"],"picked":"MostiFishMod:LegendTransform","floor":20},{"not_picked":["FlurryOfBlows","SignatureMove","BowlingBash","Prostrate"],"picked":"EmptyMind","floor":21},{"not_picked":["Brilliance","Protect","Consecrate","CrushJoints"],"picked":"MostiFishMod:Adaptation","floor":23},{"not_picked":["Study","FollowUp","ConjureBlade","JustLucky"],"picked":"Collect","floor":25},{"not_picked":["Adaptation","Protect","CutThroughFate","Sanctity"],"picked":"Tantrum","floor":28},{"not_picked":["Halt","AT_SoftenMuscles","FollowUp","Consecrate","WaveOfTheHand"],"picked":"SKIP","floor":29},{"not_picked":["Consecrate","Halt","AT_OneInchPunch","CrushJoints"],"picked":"MostiFishMod:PathToVictory+1","floor":31},{"not_picked":["MostiFishMod:Minus","MostiFishMod:DisColor","MostiFishMod:StarOceanP","Brilliance"],"picked":"Scrawl","floor":33},{"not_picked":["Perseverance+1","SashWhip+1","Evaluate","DeceiveReality","CutThroughFate"],"picked":"SKIP","floor":35},{"not_picked":["EmptyFist+1","FollowUp","MostiFishMod:LegendTransform","FlyingSleeves","PathToVictory"],"picked":"SKIP","floor":36},{"not_picked":["Collect","Consecrate+1","EmptyBody","Worship","Crescendo"],"picked":"SKIP","floor":38},{"not_picked":["Tantrum","MostiFishMod:StarLaLaLa","Weave","Crescendo"],"picked":"InnerPeace","floor":39},{"not_picked":["MostiFishMod:PathToVictory","Crescendo","SashWhip","Tantrum","AT_SoftenMuscles"],"picked":"SKIP","floor":40},{"not_picked":["MostiFishMod:PathToVictory","Crescendo","SashWhip","Tantrum","AT_SoftenMuscles"],"picked":"SKIP","floor":40},{"not_picked":["Prostrate","Crescendo","FollowUp","Vengeance"],"picked":"FearNoEvil","floor":41},{"not_picked":["PathToVictory","BowlingBash","AT_OneInchPunch","Worship","BattleHymn"],"picked":"SKIP","floor":42},{"not_picked":["MostiFishMod:Speedup","Protect+1","SignatureMove+1","EmptyFist+1"],"picked":"DeusExMachina","floor":44},{"not_picked":["AT_SoftenMuscles","Weave","FlurryOfBlows","Collect","FearNoEvil"],"picked":"SKIP","floor":45},{"not_picked":["ClearTheMind","EmptyBody","Vengeance+1","AT_SoftenMuscles+1"],"picked":"FlurryOfBlows","floor":46},{"not_picked":["MostiFishMod:Moonprays","Consecrate","ReachHeaven","Perseverance","Crescendo"],"picked":"SKIP","floor":48},{"not_picked":["BowlingBash","PathToVictory","Wallop","FlurryOfBlows+1"],"picked":"Vault","floor":55}],"player_experience":280719,"relics_obtained":[{"floor":1,"key":"SynthV:TestCard"},{"floor":7,"key":"testmod-DragonStarHat"},{"floor":9,"key":"Bag of Marbles"},{"floor":10,"key":"Yang"},{"floor":23,"key":"Ornamental Fan"},{"floor":25,"key":"Darkstone Periapt"},{"floor":26,"key":"Regal Pillow"},{"floor":28,"key":"Oddly Smooth Stone"},{"floor":40,"key":"Orichalcum"},{"floor":42,"key":"Akabeko"},{"floor":44,"key":"TeardropLocket"},{"floor":48,"key":"SentryEyes"},{"floor":55,"key":"ImprovedEquipment"}],"event_choices":[{"damage_healed":0,"gold_gain":50,"player_choice":"Pray","damage_taken":0,"max_hp_gain":0,"max_hp_loss":0,"event_name":"Golden Shrine","floor":11,"gold_loss":0},{"damage_healed":0,"gold_gain":0,"player_choice":"Upgraded","damage_taken":0,"max_hp_gain":0,"max_hp_loss":0,"event_name":"Upgrade Shrine","floor":27,"gold_loss":0,"cards_upgraded":["Collect"]},{"damage_healed":0,"gold_gain":0,"player_choice":"0 cards matched","damage_taken":0,"max_hp_gain":0,"max_hp_loss":0,"event_name":"Match and Keep!","floor":47,"gold_loss":0,"cards_obtained":[]}],"is_beta":false,"boss_relics":[{"not_picked":["testmod-Fanaticism","NightmareShop"],"picked":"testmod-BloodSacrificeSpiritualization"},{"not_picked":["TakeMeEscape","testmod-Recursion"],"picked":"RhineCircuit"}],"items_purged_floors":[22,30,54],"is_endless":false,"potions_floor_spawned":[1,5,12,16,18,21,28,29,31,40,41,42,46,48,55],"ascension_level":20}}