{"host":"malbcsbyabf00672","time":1609823686,"event":{"mods":["Bard","BaseMod","BetterRewards","Colored Powertips","GifTheSpireLib","Grow up Mod","Hubris","Minty Spire (QoL Compilation)","READ ME - Guardian Mod","Shop Mod","StSLib","Stuff the Spire","The Bug Knight","The Disciple","The Dragon Tamer","The Servant 0.9.4"],"gold_per_floor":[109,109,124,137,137,137,167,167,167,199,219,230,230,242,242,347,347,357,372,372,127,143,143,158,188,188,202,234,234,252,97,97,196,196,213,263,279,279,125,125,155,155,200,200,232,82,94,120,120,120],"floor_reached":51,"playtime":3786,"items_purged":[],"score":935,"play_id":"d089e281-257f-4307-a319-66f55e49ce5c","local_time":"20210105001446","is_ascension_mode":false,"metric_token":1043,"campfire_choices":[{"data":"DTMod:DoubleHit","floor":6.0,"key":"SMITH"},{"data":"DTMod:BuildUp","floor":8.0,"key":"SMITH"},{"floor":15.0,"key":"REST"},{"data":"DTMod:DeepFocus","floor":23,"key":"SMITH"},{"floor":32,"key":"REST"},{"data":"StuffTheSpire:Incineration","floor":40,"key":"SMITH"},{"data":"DTMod:Astonish","floor":42,"key":"SMITH"},{"data":"DTMod:BuildUp","floor":49,"key":"SMITH"}],"dtmod_dragon_data":[41,55,1,3,8,2],"circlet_count":0,"master_deck":["DTMod:Strike","DTMod:Strike","DTMod:Strike","DTMod:Strike","DTMod:DoubleHit+1","DTMod:TargetDefense","DTMod:HeatWave","DTMod:BuildUp+1","DTMod:WarmUp+1","DTMod:WarmUp+1","DTMod:ComboAttack","DTMod:BlazingStrike","DTMod:ShadowImage+1","DTMod:LightShield","DTMod:Punisher+1","DTMod:TriAttack+1","DTMod:FierySynthesis+1","hubris:DuctTapeCard","DTMod:InvisibleFlame+1","DTMod:DeepFocus+1","DTMod:InvisibleFlame+1","DTMod:DragonDance+1","DTMod:BlazingStrike+1","DTMod:DragonDance+1","DTMod:Threaten+1","DTMod:BuildUp+1","DTMod:Harmonize+1","DTMod:Astonish+1","DTMod:Threaten","DTMod:Feint+1","StuffTheSpire:Incineration+1","DTMod:ShieldDrain","DTMod:WarmUp+1","DTMod:BuildUp+1","DTMod:ComboAttack+1","DTMod:Dissolve+1","DTMod:CrossStep+1","DTMod:FlameSlash+1","DTMod:BuildUp+1"],"relics":["DTMod:PactStone","NeowsBlessing","Frozen Egg 2","hubris:DuctTape","StuffTheSpire:Wildfire","Astrolabe","Question Card","hubris:TinFlute","Mummified Hand","Calipers","FaceOfCleric","Toolbox","DTMod:TheChair","TungstenRod","hubris:DisguiseKit","Orrery","DTMod:SolidMemories","StuffTheSpire:OldFever","hubris:Icosahedron","Anchor","TheAbacus","hubris:ToyBattleship"],"acts_visited":["Exordium","TheCity","TheBeyond"],"potions_floor_usage":[22,22,25,25,37,37,37,50],"damage_taken":[{"damage":0.0,"enemies":"Cultist","floor":1.0,"turns":1.0},{"damage":0.0,"enemies":"Small Slimes","floor":3.0,"turns":1.0},{"damage":0.0,"enemies":"Jaw Worm","floor":4.0,"turns":1.0},{"damage":29.0,"enemies":"Gremlin Nob","floor":7.0,"turns":5.0},{"damage":5.0,"enemies":"Lagavulin","floor":10.0,"turns":5.0},{"damage":0.0,"enemies":"2 Fungi Beasts","floor":11.0,"turns":3.0},{"damage":0.0,"enemies":"Exordium Wildlife","floor":12.0,"turns":3.0},{"damage":2.0,"enemies":"Lots of Slimes","floor":14.0,"turns":2.0},{"damage":13.0,"enemies":"The Guardian","floor":16.0,"turns":9.0},{"damage":20,"enemies":"3 Byrds","floor":18,"turns":4},{"damage":0,"enemies":"2 Thieves","floor":19,"turns":2},{"damage":0,"enemies":"Snake Plant","floor":22,"turns":1},{"damage":0,"enemies":"3 Cultists","floor":24,"turns":2},{"damage":0,"enemies":"Slavers","floor":25,"turns":2},{"damage":0,"enemies":"Sentry and Sphere","floor":27,"turns":3},{"damage":53,"enemies":"Book of Stabbing","floor":28,"turns":7},{"damage":10,"enemies":"Snake Plant","floor":30,"turns":4},{"damage":0,"enemies":"Champ","floor":33,"turns":7},{"damage":0,"enemies":"Orb Walker","floor":35,"turns":3},{"damage":0,"enemies":"Mind Bloom Boss Battle","floor":36,"turns":4},{"damage":0,"enemies":"3 Darklings","floor":37,"turns":2},{"damage":0,"enemies":"HollowMod:StalkingDevout","floor":41,"turns":4},{"damage":34,"enemies":"Nemesis","floor":45,"turns":5},{"damage":5,"enemies":"Jaw Worm Horde","floor":47,"turns":3},{"damage":32,"enemies":"Reptomancer","floor":48,"turns":3},{"damage":22,"enemies":"Time Eater","floor":50,"turns":5}],"seed_played":"5876594865542293751","potions_obtained":[{"floor":1.0,"key":"Fruit Juice"},{"floor":4.0,"key":"Weak Potion"},{"floor":12.0,"key":"Regen Potion"},{"floor":18,"key":"LiquidBronze"},{"floor":22,"key":"PowerPotion"},{"floor":30,"key":"AttackPotion"},{"floor":33,"key":"Block Potion"},{"floor":35,"key":"Dexterity Potion"},{"floor":41,"key":"Ancient Potion"}],"is_trial":false,"path_per_floor":["M","$","M","M","$","R","E","R","T","E","M","M","?","M","R","B",null,"M","M","?","$","M","R","M","E","T","M","E","?","M","$","R","B",null,"M","?","M","T","$","R","E","R","T","?","E","$","M","E","R","B",null],"character_chosen":"THE_DT","items_purchased":["Question Card","Toolbox","Orrery","TheAbacus"],"campfire_rested":2,"item_purchase_floors":[21,31,39,46],"current_hp_per_floor":[65,75,85,95,105,115,96,106,116,121,131,141,151,159,205,202,225,215,225,235,245,255,265,275,285,295,305,262,272,273,283,376,387,397,408,419,430,440,450,460,471,481,491,501,478,488,494,473,483,472],"gold":120,"neow_bonus":"THREE_ENEMY_KILL","is_daily":false,"chose_seed":false,"campfire_upgraded":6,"win_rate":0.0,"timestamp":1609823686,"path_taken":["M","?","?","M","$","R","E","R","T","E","M","M","?","M","R","BOSS","M","M","?","$","M","R","M","E","T","M","E","?","?","?","R","BOSS","M","?","M","?","$","R","E","R","T","?","E","?","M","E","R","BOSS"],"items_purchased_type":["Relic","Relic","Relic","Relic"],"build_version":"2020-12-22","purchased_purges":0,"victory":true,"max_hp_per_floor":[65,75,85,95,105,115,125,135,145,155,165,175,185,195,205,215,225,235,245,255,265,275,285,295,305,315,325,335,345,356,366,376,387,397,408,419,430,440,450,460,471,481,491,501,512,522,533,544,554,565],"card_choices":[{"not_picked":["DTMod:RecklessFlurry","DTMod:BurningEnergy"],"picked":"DTMod:HeatWave","floor":1.0},{"not_picked":["DTMod:MasterPlan","DTMod:FlameSlash"],"picked":"DTMod:BuildUp","floor":3.0},{"not_picked":["DTMod:BuildUp","DTMod:Haste"],"picked":"DTMod:BurningEnergy","floor":4.0},{"not_picked":["DTMod:Hide","DTMod:PurifyingFlame"],"picked":"DTMod:WarmUp+1","floor":7.0},{"not_picked":["DTMod:HeatWave","DTMod:QuickFly"],"picked":"DTMod:WarmUp+1","floor":10.0},{"not_picked":["DTMod:TauntingStrike","DTMod:Astonish"],"picked":"DTMod:ComboAttack","floor":11.0},{"not_picked":["DTMod:MagicField","DTMod:Feint"],"picked":"DTMod:BlazingStrike","floor":12.0},{"not_picked":["DTMod:BlazingStrike","DTMod:MagicField"],"picked":"DTMod:ShadowImage+1","floor":14.0},{"not_picked":["DTMod:RepeatStrike","DTMod:GearUp"],"picked":"DTMod:LightShield","floor":16.0},{"not_picked":["DTMod:MaximumCharge","DTMod:CrossStep+1"],"picked":"DTMod:InvisibleFlame+1","floor":18},{"not_picked":["DTMod:StarRain","DTMod:FlameSlash+1"],"picked":"DTMod:DeepFocus","floor":19},{"not_picked":["DTMod:BurningEnergy+1","DTMod:Punisher+1","DTMod:Cover"],"picked":"DTMod:InvisibleFlame+1","floor":22},{"not_picked":["DTMod:QuickFly","DTMod:ComboAttack","DTMod:MasterPlan"],"picked":"DTMod:DragonDance+1","floor":24},{"not_picked":["DTMod:CalculatedDefense+1","DTMod:Dissolve+1","DTMod:RecklessFlurry+1"],"picked":"DTMod:BlazingStrike+1","floor":25},{"not_picked":["DTMod:Observe","DTMod:FlameSlash","DTMod:Training"],"picked":"DTMod:DragonDance+1","floor":27},{"not_picked":["DTMod:Hide","DTMod:GearUp","DTMod:ShieldDrain+1"],"picked":"DTMod:Threaten+1","floor":28},{"not_picked":["DTMod:Adaptation+1","DTMod:CleansingStrike","DTMod:PurifyingFlame"],"picked":"DTMod:BuildUp","floor":30},{"not_picked":["DTMod:ExcessFootwork+1","DTMod:StunTrap","DTMod:Safeguard+1"],"picked":"DTMod:Harmonize+1","floor":33},{"not_picked":["DTMod:CleansingStrike","DTMod:BalancedStrike+1","DTMod:Feint"],"picked":"DTMod:Astonish","floor":35},{"not_picked":["DTMod:Hide+1","DTMod:Shift","DTMod:MasterPlan"],"picked":"DTMod:Threaten","floor":36},{"not_picked":["DTMod:MagiciansMark+1","DTMod:Hide+1","DTMod:BreakAttack+1"],"picked":"DTMod:Feint+1","floor":37},{"not_picked":["DTMod:Cover","DTMod:BalancedStrike","DTMod:BuildUp","DTMod:FlameSlash+1"],"picked":"StuffTheSpire:Incineration","floor":39},{"not_picked":["DTMod:RecklessFlurry","DTMod:Shift+1","DTMod:Prediction","Dark Embrace"],"picked":"DTMod:ShieldDrain","floor":39},{"not_picked":["DTMod:BlueScale+1","DTMod:FlameSlash","DTMod:Weaken+1","Iron Wave"],"picked":"DTMod:WarmUp+1","floor":39},{"not_picked":["DTMod:Punisher","DTMod:BreakAttack+1","DTMod:Adaptation+1","True Grit"],"picked":"DTMod:BuildUp+1","floor":39},{"not_picked":["DTMod:WarmUp+1","DTMod:TagTeam","DTMod:Observe","Heavy Blade"],"picked":"DTMod:ComboAttack+1","floor":39},{"not_picked":["DTMod:FlameSlash","DTMod:MagiciansMark","DTMod:Feint","StuffTheSpire:TitanForm"],"picked":"DTMod:Dissolve+1","floor":41},{"not_picked":["DTMod:BlueScale+1","DTMod:MaximumCharge+1","DTMod:Weaken+1","Pummel"],"picked":"DTMod:CrossStep+1","floor":45},{"not_picked":["DTMod:BizarreTactic","DTMod:SneakAttack+1","DTMod:BlazingStrike","Havoc"],"picked":"DTMod:FlameSlash+1","floor":47},{"not_picked":["DTMod:Shift","DTMod:ResonanceForm+1","DTMod:Feint","Thunderclap"],"picked":"DTMod:BuildUp+1","floor":48}],"player_experience":226411,"relics_obtained":[{"floor":7.0,"key":"Frozen Egg 2"},{"floor":9.0,"key":"hubris:DuctTape"},{"floor":10.0,"key":"StuffTheSpire:Wildfire"},{"floor":25,"key":"hubris:TinFlute"},{"floor":26,"key":"Mummified Hand"},{"floor":28,"key":"Calipers"},{"floor":36,"key":"TungstenRod"},{"floor":38,"key":"hubris:DisguiseKit"},{"floor":41,"key":"DTMod:SolidMemories"},{"floor":43,"key":"StuffTheSpire:OldFever"},{"floor":45,"key":"Anchor"},{"floor":48,"key":"hubris:ToyBattleship"}],"event_choices":[{"damage_healed":0,"gold_gain":0,"player_choice":"Trade","damage_taken":0,"relics_obtained":["FaceOfCleric"],"max_hp_gain":0,"max_hp_loss":0,"event_name":"FaceTrader","floor":29,"gold_loss":0},{"damage_healed":0,"gold_gain":0,"player_choice":"Fight","damage_taken":0,"max_hp_gain":0,"max_hp_loss":0,"event_name":"MindBloom","floor":36,"gold_loss":0}],"is_beta":false,"boss_relics":[{"not_picked":["hubris:GrandSneckoEye","hubris:ScarierMask"],"picked":"Astrolabe"},{"not_picked":["Runic Dome","Empty Cage"],"picked":"DTMod:TheChair"}],"items_purged_floors":[],"is_endless":false,"potions_floor_spawned":[1,4,12,18,22,30,33,35,41],"ascension_level":0}}