{"host":"68wiqvz49a3vin82","time":1609863020,"event":{"mods":["BaseMod","Conspire","Marisa£®ÏF”Í°°ƒß¿Ì…≥£©","Minty Spire (QoL Compilation)","Remilia£®¿Ÿ√◊¿Ú—«£©","Shop Mod","Td1madao Mod","The Servant 0.9.4","Youmu£®ªÍ∆«—˝√Œ£©","Yuyuko"],"gold_per_floor":[115,128,138,138,59,69,84,259,259,259,259,259],"floor_reached":11,"playtime":760,"items_purged":[],"score":65,"play_id":"e75c3a2e-1390-4d80-b679-7c37dace23f0","local_time":"20210106001020","is_ascension_mode":false,"campfire_choices":[],"circlet_count":0,"master_deck":["Strike_S","Strike_S","Strike_S","Strike_S","Defend_S","Defend_S","Defend_S","KidneyShot","Exchange","InstantArmor","RealityMarble","FastForward","GearUp","Starlight","Rewind","Doubt"],"relics":["Uniform","NeowsBlessing"],"acts_visited":["Exordium"],"potions_floor_usage":[11,11],"damage_taken":[{"damage":0,"enemies":"conspire:RoseBush","floor":1,"turns":1},{"damage":0,"enemies":"2 Louse","floor":2,"turns":1},{"damage":0,"enemies":"Jaw Worm","floor":3,"turns":1},{"damage":0,"enemies":"Looter","floor":6,"turns":3},{"damage":0,"enemies":"Exordium Wildlife","floor":7,"turns":4},{"damage":27,"enemies":"Lagavulin","floor":11,"turns":21}],"seed_played":"-7093334045837246627","potions_obtained":[{"floor":1,"key":"SkillPotion"},{"floor":2,"key":"SkillPotion"}],"is_trial":false,"path_per_floor":["M","M","M","?","$","M","M","?","T","?","E"],"character_chosen":"THE_SERVANT","items_purchased":["GearUp"],"campfire_rested":0,"item_purchase_floors":[5],"current_hp_per_floor":[65,65,65,58,58,58,58,58,58,58,31,31],"gold":259,"neow_bonus":"THREE_ENEMY_KILL","is_daily":false,"chose_seed":false,"campfire_upgraded":0,"win_rate":0.0,"timestamp":1609863020,"path_taken":["M","M","M","?","$","M","M","?","T","?","E"],"items_purchased_type":["Card"],"build_version":"2020-12-22","purchased_purges":0,"victory":false,"max_hp_per_floor":[65,65,65,65,65,65,65,65,65,65,65,65],"card_choices":[{"not_picked":["SpecialFormula","Foresight"],"picked":"InstantArmor","floor":1},{"not_picked":["Starlight","DoubleEdge"],"picked":"RealityMarble","floor":2},{"not_picked":["TimeWarp","Replace"],"picked":"FastForward","floor":3},{"not_picked":["Alleviate","Replace"],"picked":"Starlight","floor":6},{"not_picked":["TimeWarp","Spin"],"picked":"Rewind","floor":7}],"player_experience":123552,"relics_obtained":[],"event_choices":[{"cards_removed":["Defend_S"],"damage_healed":0,"gold_gain":0,"player_choice":"Card Removal","damage_taken":7,"max_hp_gain":0,"max_hp_loss":0,"event_name":"Golden Wing","floor":4,"gold_loss":0},{"damage_healed":0,"gold_gain":175,"player_choice":"AGREE","damage_taken":0,"max_hp_gain":0,"max_hp_loss":0,"event_name":"Liars Game","floor":8,"gold_loss":0,"cards_obtained":["Doubt"]},{"damage_healed":0,"gold_gain":0,"player_choice":"Leave","damage_taken":0,"max_hp_gain":0,"max_hp_loss":0,"event_name":"conspire:Investor","floor":10,"gold_loss":0}],"is_beta":false,"boss_relics":[],"items_purged_floors":[],"is_endless":false,"potions_floor_spawned":[1,2],"killed_by":"Lagavulin","ascension_level":0}}