{"host":"nc31xc38ptxi6d4c","time":1609818812,"event":{"mods":["BaseMod","Curses Come First","Evolution","Minty Spire (QoL Compilation)","StSLib"],"gold_per_floor":[117,70,245,257,257,257,276,276,276,292,311,236,236,253,253,253,253],"floor_reached":16,"playtime":582,"items_purged":["Strike_G"],"score":92,"play_id":"450a96cd-1e5e-4052-836d-b3f9eff98641","local_time":"20210104215332","is_ascension_mode":false,"campfire_choices":[{"data":"Bouncing Flask","floor":6,"key":"SMITH"},{"data":"Poisoned Stab","floor":8,"key":"SMITH"},{"data":"Bane","floor":13,"key":"SMITH"},{"floor":15,"key":"REST"}],"circlet_count":0,"master_deck":["Poisoned Stab","Flying Knee","Strike_G","Strike_G","Defend_G","Defend_G","Defend_G","Defend_G","Defend_G","Survivor","Neutralize","Quick Slash","Bouncing Flask+1","Bane+1","Doubt","Poisoned Stab","Poisoned Stab+1","Bane"],"relics":["Ring of the Snake","EVO:Axolotl","Pen Nib","Bottled Lightning"],"acts_visited":["Exordium"],"potions_floor_usage":[16,16],"damage_taken":[{"damage":0,"enemies":"Cultist","floor":1,"turns":4},{"damage":0,"enemies":"Small Slimes","floor":4,"turns":2},{"damage":0,"enemies":"2 Louse","floor":7,"turns":3},{"damage":6,"enemies":"2 Fungi Beasts","floor":10,"turns":2},{"damage":10,"enemies":"3 Louse","floor":11,"turns":3},{"damage":7,"enemies":"Large Slime","floor":14,"turns":4},{"damage":66,"enemies":"Slime Boss","floor":16,"turns":9}],"seed_played":"7599717419135118867","potions_obtained":[{"floor":1,"key":"Ancient Potion"},{"floor":7,"key":"DuplicationPotion"},{"floor":11,"key":"SneckoOil"}],"is_trial":false,"path_per_floor":["M","$","?","M","?","R","M","R","T","M","M","$","R","M","R","B"],"character_chosen":"THE_SILENT","items_purchased":["Bane"],"campfire_rested":1,"item_purchase_floors":[2],"current_hp_per_floor":[70,70,70,70,63,63,63,63,63,57,47,47,47,40,61,0,0],"gold":253,"neow_bonus":"THREE_CARDS","is_daily":false,"chose_seed":false,"campfire_upgraded":3,"win_rate":0.0,"timestamp":1609818812,"path_taken":["M","$","?","M","?","R","M","R","T","M","M","$","R","M","R","BOSS"],"items_purchased_type":["Card"],"build_version":"2020-12-22","purchased_purges":1,"victory":false,"max_hp_per_floor":[70,70,70,70,70,70,70,70,70,70,70,70,70,70,70,70,70],"card_choices":[{"not_picked":["Sucker Punch","Poisoned Stab"],"picked":"Quick Slash","floor":0},{"not_picked":["Heel Hook","Underhanded Strike"],"picked":"Bouncing Flask","floor":1},{"not_picked":["Eviscerate","Underhanded Strike"],"picked":"Poisoned Stab","floor":4},{"not_picked":["Sucker Punch","After Image"],"picked":"Poisoned Stab","floor":7},{"not_picked":["Heel Hook","Eviscerate","Underhanded Strike"],"picked":"SKIP","floor":10},{"not_picked":["Finisher","Slice","Flying Knee"],"picked":"SKIP","floor":11},{"not_picked":["Dagger Spray","Terror"],"picked":"Bane","floor":14}],"player_experience":127261,"relics_obtained":[{"floor":9,"key":"Bottled Lightning"}],"event_choices":[{"damage_healed":0,"gold_gain":175,"player_choice":"AGREE","damage_taken":0,"max_hp_gain":0,"max_hp_loss":0,"event_name":"Liars Game","floor":3,"gold_loss":0,"cards_obtained":["Doubt"]},{"damage_healed":0,"gold_gain":0,"player_choice":"Success","damage_taken":7,"relics_obtained":["Pen Nib"],"max_hp_gain":0,"max_hp_loss":0,"event_name":"Scrap Ooze","floor":5,"gold_loss":0}],"is_beta":false,"boss_relics":[],"items_purged_floors":[12],"is_endless":false,"potions_floor_spawned":[1,7,11],"killed_by":"Slime Boss","ascension_level":0}}