{"host":"o5opvvfuagqozb96","time":1609806976,"event":{"mods":["A Magickal Journey","AchievementEnabler","Bard","BaseMod","Colored Map","Colored Powertips","DeckTracker","Downfall","Infinite Spire","Marisa????????","Minty Spire (QoL Compilation)","Quick Restart","Replay The Spire","StSLib","The Bug Knight","The Cursed","The Disciple","The Gatherer","The Hierophant","The Jungle","The Mystic","The Saiyan","The Senshi","The Servant 0.9.4","The Wild Card"],"gold_per_floor":[113,128,128,152,152,152,190,190,190,215,233,70,95,110,110,234,234,259,282,247,267,283,283,323,337,337,352,352,372,372,372,372],"floor_reached":31,"playtime":2637,"items_purged":["theSenshi:SailorBlock"],"score":360,"play_id":"ef959820-07df-4bf8-8dc7-16e2254206c6","local_time":"20210104163616","is_ascension_mode":true,"campfire_choices":[{"data":"theSenshi:RoseThrow","floor":6,"key":"SMITH"},{"data":"theSenshi:MoonPower","floor":8,"key":"SMITH"},{"floor":15,"key":"REST"},{"floor":23,"key":"REST"},{"floor":28,"key":"REST"}],"circlet_count":0,"master_deck":["theSenshi:SailorKick","theSenshi:SailorKick","theSenshi:SailorKick","theSenshi:SailorKick","theSenshi:SailorBlock","theSenshi:SailorBlock","theSenshi:SailorBlock","theSenshi:RoseThrow+1","theSenshi:MoonPrismPowerMakeUp+1","theSenshi:SailorMarsAssists","theSenshi:MoonPower+1","theSenshi:SailorJupiterAssists","theSenshi:MoonPunch","theSenshi:MoonSpiralHeartAttack","theSenshi:MoonPrincessHalation","theSenshi:SailorChibiMoonAssists","theSenshi:SailorChibiMoonAssists","theSenshi:TallSilhouette","theSenshi:LunasBite+1","theSenshi:SailorVenusAssists","theSenshi:JupitersPower+1","theSenshi:MoonKick+1","theSenshi:SailorMarsAssists","theSenshi:MoonlightKnight","theSenshi:MoonPunch","theSenshi:SailorMercuryAssists+1","theSenshi:HesSoDreamy","theSenshi:MoonCrystalPowerMakeUp","theSenshi:MoonPrincessHalation","theSenshi:SailorNeptuneAssists","infinitespire:Punishment"],"relics":["theSenshi:TransformationBroochRelic","Golden Idol","ReplayTheSpireMod:Ninjato","Mercury Hourglass","Philosopher\u0027s Stone","Whetstone","Replay:Accelerometer","theSenshi:TransformationPenRelic"],"acts_visited":["Exordium","TheCity"],"potions_floor_usage":[7,22,27,29,31],"damage_taken":[{"damage":0,"enemies":"Jaw Worm","floor":1,"turns":4},{"damage":9,"enemies":"infinitespire:Voidling","floor":2,"turns":4},{"damage":4,"enemies":"Small Slimes","floor":4,"turns":4},{"damage":4,"enemies":"Lagavulin","floor":7,"turns":5},{"damage":2,"enemies":"2 Fungi Beasts","floor":10,"turns":3},{"damage":12,"enemies":"Exordium Thugs","floor":11,"turns":4},{"damage":11,"enemies":"Looter","floor":13,"turns":2},{"damage":0,"enemies":"Blue Slaver","floor":14,"turns":1},{"damage":0,"enemies":"Slime Boss","floor":16,"turns":4},{"damage":28,"enemies":"3 Byrds","floor":18,"turns":4},{"damage":5,"enemies":"Shell Parasite","floor":19,"turns":3},{"damage":8,"enemies":"Centurion and Healer","floor":21,"turns":5},{"damage":6,"enemies":"Snake Plant","floor":22,"turns":4},{"damage":23,"enemies":"HollowMod:Nosk","floor":24,"turns":6},{"damage":17,"enemies":"Chosen and Byrds","floor":25,"turns":4},{"damage":0,"enemies":"3 Cultists","floor":27,"turns":2},{"damage":24,"enemies":"Sentry and Sphere","floor":29,"turns":4},{"damage":12,"enemies":"Snake Plant","floor":31,"turns":1}],"seed_played":"2859880911403438969","potions_obtained":[{"floor":1,"key":"LifebloodPotion"},{"floor":7,"key":"Milkshake"},{"floor":11,"key":"Energy Potion"},{"floor":13,"key":"Guardian:BlockOnCardUsePotion"},{"floor":14,"key":"champ:CounterPotion"},{"floor":22,"key":"Toxic Potion"}],"is_trial":false,"path_per_floor":["M","M","?","M","?","R","E","R","T","M","M","$","M","M","R","B",null,"M","M","$","M","M","R","E","M","T","M","R","M","AVR","M"],"character_chosen":"THE_SENSHI","items_purchased":["theSenshi:SailorChibiMoonAssists","theSenshi:TallSilhouette","theSenshi:MoonlightKnight"],"campfire_rested":3,"item_purchase_floors":[12,12,20],"current_hp_per_floor":[75,75,75,71,71,71,67,67,67,65,53,53,42,42,64,64,75,47,42,42,34,28,50,27,10,10,10,32,8,8,0,0],"gold":372,"neow_bonus":"UPGRADE_CARD","is_daily":false,"chose_seed":false,"campfire_upgraded":2,"win_rate":0.0,"timestamp":1609806976,"path_taken":["M","M","?","M","?","R","E","R","T","M","M","$","M","M","R","BOSS","M","M","$","M","M","R","E","M","T","M","R","M","AVR","M"],"items_purchased_type":["Card","Card","Card"],"build_version":"2020-12-22","purchased_purges":1,"victory":false,"max_hp_per_floor":[75,75,75,75,75,75,75,75,75,75,75,75,75,75,75,75,75,75,75,75,75,75,75,75,75,75,75,75,75,75,75,75],"card_choices":[{"not_picked":["theSenshi:DramaticEntrance","theSenshi:LunasBite"],"picked":"theSenshi:SailorMarsAssists","floor":1},{"not_picked":["theSenshi:CrisisMakeUp","theSenshi:MoonTiaraMagic"],"picked":"theSenshi:MoonPower","floor":2},{"not_picked":["theSenshi:SailorMarsAssists","theSenshi:MoonKick"],"picked":"theSenshi:SailorJupiterAssists","floor":4},{"not_picked":["theSenshi:PlutosSolemnity","theSenshi:MoonPrincessHalation"],"picked":"theSenshi:MoonPunch","floor":7},{"not_picked":["theSenshi:MoonKick","theSenshi:MoonsReflection"],"picked":"theSenshi:MoonSpiralHeartAttack","floor":10},{"not_picked":["theSenshi:SailorCosmosAssists","theSenshi:CrisisMakeUp"],"picked":"theSenshi:MoonPrincessHalation","floor":11},{"not_picked":["theSenshi:KlutzyLuck","theSenshi:MoonKick"],"picked":"theSenshi:LunasBite","floor":13},{"not_picked":["theSenshi:LunasBite","theSenshi:TallSilhouette"],"picked":"theSenshi:SailorVenusAssists","floor":14},{"not_picked":["theSenshi:FatedKiss","theSenshi:LunaSensingAllies"],"picked":"theSenshi:JupitersPower","floor":16},{"not_picked":["theSenshi:EncouragingSpeech+1","theSenshi:DramaticEntrance"],"picked":"theSenshi:MoonKick+1","floor":18},{"not_picked":["theSenshi:HesSoDreamy","theSenshi:MoonKick"],"picked":"theSenshi:SailorMarsAssists","floor":19},{"not_picked":["theSenshi:LunasBite+1","theSenshi:YouCanTalk"],"picked":"theSenshi:MoonPunch","floor":21},{"not_picked":["theSenshi:MoonsReflection+1","theSenshi:MoonPrincessHalation"],"picked":"theSenshi:SailorMercuryAssists+1","floor":22},{"not_picked":["theSenshi:GatheringStrength+1","theSenshi:MoonsReflection"],"picked":"theSenshi:HesSoDreamy","floor":24},{"not_picked":["theSenshi:TuxedoSmokingBomber","theSenshi:SailorCosmosAssists"],"picked":"theSenshi:MoonCrystalPowerMakeUp","floor":25},{"not_picked":["theSenshi:SchoolBag","theSenshi:SailorVenusAssists"],"picked":"theSenshi:MoonPrincessHalation","floor":27},{"not_picked":["theSenshi:Sidestep+1","theSenshi:TallSilhouette"],"picked":"theSenshi:SailorNeptuneAssists","floor":29}],"player_experience":235889,"relics_obtained":[{"floor":7,"key":"ReplayTheSpireMod:Ninjato"},{"floor":9,"key":"Mercury Hourglass"},{"floor":24,"key":"Whetstone"},{"floor":26,"key":"Replay:Accelerometer"}],"event_choices":[{"damage_healed":0,"gold_gain":0,"player_choice":"Take Wound","damage_taken":0,"relics_obtained":["Golden Idol"],"max_hp_gain":0,"max_hp_loss":0,"event_name":"Golden Idol","floor":3,"gold_loss":0,"cards_obtained":["Injury"]},{"cards_removed":["Injury"],"damage_healed":0,"gold_gain":0,"player_choice":"Purged","damage_taken":0,"max_hp_gain":0,"max_hp_loss":0,"event_name":"Purifier","floor":5,"gold_loss":0}],"is_beta":false,"boss_relics":[{"not_picked":["Cursed Key","Sozu"],"picked":"Philosopher\u0027s Stone"}],"items_purged_floors":[12],"is_endless":false,"potions_floor_spawned":[1,7,11,13,14,16,19,22,24],"killed_by":"Snake Plant","ascension_level":3}}