{"host":"dcj2yvrgcvh5dl2s","time":1609807193,"event":{"mods":["BaseMod","Better Note","Block Reminder","Colored Powertips","DeckTracker","Minty Spire (QoL Compilation)","Quick Restart","Rare Cards Sparkle","Relic Stats","StSLib"],"gold_per_floor":[12,23,23,39,39,71,85,118,118,43,43,59,59,59,59,59,59],"floor_reached":16,"playtime":724,"items_purged":["Strike_R"],"score":215,"play_id":"1e2cc731-a1c5-4a4a-96b7-e43b3de15aab","local_time":"20210105103953","is_ascension_mode":true,"campfire_choices":[{"floor":11,"key":"REST"},{"floor":13,"key":"REST"},{"floor":15,"key":"REST"}],"circlet_count":0,"master_deck":["AscendersBane","Strike_R","Strike_R+1","Strike_R","Strike_R","Defend_R","Defend_R","Defend_R","Defend_R","Corruption+1","Entrench+1","Inflame","Shockwave","Intimidate","Pummel","Disarm"],"relics":["Burning Blood","Toy Ornithopter","Pen Nib","Bag of Marbles"],"acts_visited":["Exordium"],"potions_floor_usage":[6,8,12],"damage_taken":[{"damage":15,"enemies":"Small Slimes","floor":1,"turns":4},{"damage":4,"enemies":"2 Louse","floor":2,"turns":5},{"damage":6,"enemies":"Cultist","floor":4,"turns":3},{"damage":56,"enemies":"Gremlin Nob","floor":6,"turns":6},{"damage":6,"enemies":"2 Fungi Beasts","floor":7,"turns":4},{"damage":10,"enemies":"Lagavulin","floor":8,"turns":6},{"damage":19,"enemies":"3 Louse","floor":12,"turns":5},{"damage":72,"enemies":"Hexaghost","floor":16,"turns":9}],"seed_played":"-3968479019537029333","potions_obtained":[{"floor":4,"key":"Regen Potion"},{"floor":7,"key":"AttackPotion"},{"floor":12,"key":"Fruit Juice"}],"is_trial":false,"path_per_floor":["M","M","?","M","?","E","M","E","T","$","R","M","R","?","R","B"],"character_chosen":"IRONCLAD","items_purchased":[],"campfire_rested":3,"item_purchase_floors":[],"current_hp_per_floor":[59,61,61,61,61,25,25,26,26,26,48,45,69,45,69,0,0],"gold":59,"neow_bonus":"THREE_RARE_CARDS","is_daily":false,"chose_seed":false,"campfire_upgraded":0,"win_rate":0.0,"timestamp":1609807193,"path_taken":["M","M","?","M","?","E","M","E","T","$","R","?","R","?","R","BOSS"],"items_purchased_type":[],"build_version":"2020-12-22","purchased_purges":1,"victory":false,"max_hp_per_floor":[75,75,75,75,75,75,75,75,75,75,75,80,80,80,80,80,80],"relic_stats":{"counters":[8,42],"Pen Nib":[2],"obtain_stats":[{"Pen Nib":8,"Bag of Marbles":9,"Burning Blood":0,"Toy Ornithopter":6},{"Pen Nib":6,"Bag of Marbles":6,"Burning Blood":0,"Toy Ornithopter":4},{"Pen Nib":28,"Bag of Marbles":28,"Burning Blood":0,"Toy Ornithopter":18}],"Burning Blood":42,"Toy Ornithopter":10},"card_choices":[{"not_picked":["Impervious","Exhume"],"picked":"Corruption","floor":0},{"not_picked":["Pommel Strike","Armaments"],"picked":"Entrench","floor":1},{"not_picked":["Havoc","Clothesline"],"picked":"Inflame","floor":2},{"not_picked":["True Grit","Wild Strike"],"picked":"Shockwave","floor":4},{"not_picked":["Clash","Blood for Blood","Twin Strike"],"picked":"SKIP","floor":6},{"not_picked":["Armaments","Headbutt"],"picked":"Intimidate","floor":7},{"not_picked":["Thunderclap","Pommel Strike"],"picked":"Pummel","floor":8},{"not_picked":["Havoc","Battle Trance"],"picked":"Disarm","floor":12}],"player_experience":2186420,"relics_obtained":[{"floor":6,"key":"Toy Ornithopter"},{"floor":8,"key":"Pen Nib"},{"floor":9,"key":"Bag of Marbles"}],"event_choices":[{"damage_healed":0,"gold_gain":0,"player_choice":"Grow","damage_taken":0,"max_hp_gain":0,"max_hp_loss":0,"event_name":"Living Wall","floor":3,"gold_loss":0,"cards_upgraded":["Corruption"]},{"cards_removed":["Bash"],"damage_healed":0,"gold_gain":0,"player_choice":"Offered Basic","damage_taken":0,"max_hp_gain":0,"max_hp_loss":0,"event_name":"Bonfire Elementals","floor":5,"gold_loss":0},{"damage_healed":0,"gold_gain":0,"player_choice":"Entered Light","damage_taken":24,"max_hp_gain":0,"max_hp_loss":0,"event_name":"Shining Light","floor":14,"gold_loss":0,"cards_upgraded":["Entrench","Strike_R"]}],"is_beta":false,"boss_relics":[],"items_purged_floors":[10],"is_endless":false,"potions_floor_spawned":[4,7,12],"killed_by":"Hexaghost","ascension_level":19}}