{"host":"udyc8f81k2jocuhg","time":1609852358,"event":{"mods":["2.2 Compatiblity","BaseMod","Better Third Choice","Colored Powertips","Conspire","Custom Start","GifTheSpireLib","Hermit","Minty Spire (QoL Compilation)","Permanent Neow","Quick Restart","Relic Filter","Relic Stats","Replay The Spire","Shop Mod","Spikes Relics","StSLib","Stuff the Spire"],"gold_per_floor":[364,380,380,390,6,6,6,6],"floor_reached":7,"playtime":508,"items_purged":[],"score":72,"play_id":"09cee7a3-5995-47b7-9a8a-2dc027d18497","local_time":"20210105141238","is_ascension_mode":true,"campfire_choices":[{"data":"StuffTheSpire:BrimstoneBlast","floor":6,"key":"SMITH"}],"circlet_count":0,"master_deck":["AscendersBane","Strike_G","Strike_G","Strike_G","Strike_G","Strike_G","Defend_G","Defend_G","Defend_G","Defend_G","Defend_G","Survivor","Neutralize","StuffTheSpire:BrimstoneBlast+1","Malaise","Dagger Spray","PiercingWail"],"relics":["Ring of the Snake","Happy Flower"],"acts_visited":["Exordium"],"potions_floor_usage":[7,7],"damage_taken":[{"damage":10,"enemies":"Jaw Worm","floor":1,"turns":10},{"damage":5,"enemies":"Cultist","floor":2,"turns":5},{"damage":12,"enemies":"conspire:RoseBush","floor":4,"turns":7},{"damage":32,"enemies":"Gremlin Nob","floor":7,"turns":5}],"seed_played":"4130679848962612918","potions_obtained":[{"floor":3,"key":"SpeedPotion"},{"floor":3,"key":"LifebloodPotion"}],"is_trial":false,"path_per_floor":["M","M","?","M","$","R","E"],"character_chosen":"THE_SILENT","items_purchased":["Happy Flower","Malaise","Dagger Spray","PiercingWail"],"campfire_rested":0,"item_purchase_floors":[5,5,5,5],"current_hp_per_floor":[49,44,44,32,32,32,0,0],"gold":6,"neow_bonus":"TWO_FIFTY_GOLD","is_daily":false,"chose_seed":false,"campfire_upgraded":1,"win_rate":0.0,"timestamp":1609852358,"path_taken":["M","M","?","M","$","R","E"],"items_purchased_type":["Relic","Card","Card","Card"],"build_version":"2020-12-22","purchased_purges":0,"victory":false,"max_hp_per_floor":[60,60,60,60,60,60,60,60],"relic_stats":{"Happy Flower":[1],"counters":[4,27],"obtain_stats":[{"Happy Flower":5,"Ring of the Snake":0},{"Happy Flower":3,"Ring of the Snake":0},{"Happy Flower":22,"Ring of the Snake":0}],"Ring of the Snake":[8]},"card_choices":[{"not_picked":["Acrobatics","Predator","Quick Slash"],"picked":"SKIP","floor":1},{"not_picked":["Bane","Sucker Punch"],"picked":"StuffTheSpire:BrimstoneBlast","floor":2},{"not_picked":["Outmaneuver","Blade Dance","Wraith Form v2"],"picked":"SKIP","floor":4}],"player_experience":1942943,"relics_obtained":[],"event_choices":[{"damage_healed":0,"gold_gain":0,"player_choice":"Got Potions","damage_taken":0,"max_hp_gain":0,"max_hp_loss":0,"event_name":"Lab","floor":3,"gold_loss":0}],"is_beta":false,"boss_relics":[],"items_purged_floors":[],"is_endless":false,"potions_floor_spawned":[],"killed_by":"Gremlin Nob","ascension_level":15}}