{"host":"Kdaddybrian","time":1609889636,"event":{"mods":["AchievementEnabler","BaseMod","Bestiary","Colored Powertips","Minty Spire (QoL Compilation)","Potion Indicator Mod","Quick Restart","Rare Cards Sparkle","Relic Stats","StSLib","Uncapped"],"gold_per_floor":[210,220,236,247,262,262,227,227,253,253,29,29,29,46,46,142,142,157,168,168,168],"floor_reached":20,"playtime":625,"items_purged":[],"score":249,"play_id":"ac566f89-4cdd-47d7-83e6-d40adb7b6852","local_time":"20210105183356","is_ascension_mode":true,"campfire_choices":[{"data":"Genetic Algorithm","floor":6.0,"key":"SMITH"},{"floor":10.0,"key":"REST"},{"data":"Gash","floor":12.0,"key":"SMITH"},{"data":"Dualcast","floor":15.0,"key":"SMITH"}],"circlet_count":0,"master_deck":["AscendersBane","Strike_B","Strike_B","Strike_B","Strike_B","Defend_B+1","Defend_B+1","Defend_B","Defend_B","Zap","Dualcast+1","Leap","Gash+1","Compile Driver","Genetic Algorithm+1","Go for the Eyes","Self Repair","Ball Lightning","Electrodynamics","Conserve Battery","Coolheaded"],"relics":["Cracked Core","Omamori","Art of War","Snecko Eye"],"acts_visited":["Exordium","TheCity"],"potions_floor_usage":[],"damage_taken":[{"damage":1.0,"enemies":"Cultist","floor":1.0,"turns":3.0},{"damage":13.0,"enemies":"Jaw Worm","floor":2.0,"turns":5.0},{"damage":4.0,"enemies":"Small Slimes","floor":3.0,"turns":4.0},{"damage":13.0,"enemies":"Exordium Wildlife","floor":4.0,"turns":3.0},{"damage":1.0,"enemies":"2 Fungi Beasts","floor":5.0,"turns":5.0},{"damage":11.0,"enemies":"Looter","floor":14.0,"turns":4.0},{"damage":54.0,"enemies":"Hexaghost","floor":16.0,"turns":12.0},{"damage":45,"enemies":"Spheric Guardian","floor":18,"turns":6},{"damage":2,"enemies":"3 Byrds","floor":19,"turns":3},{"damage":31,"enemies":"Masked Bandits","floor":20,"turns":3}],"seed_played":"-4099143696137431689","potions_obtained":[{"floor":2.0,"key":"Energy Potion"},{"floor":3.0,"key":"BlessingOfTheForge"},{"floor":14.0,"key":"Weak Potion"}],"is_trial":false,"path_per_floor":["M","M","M","M","M","R","?","?","T","R","$","R","$","M","R","B",null,"M","M","?"],"character_chosen":"DEFECT","items_purchased":["Self Repair","Art of War"],"campfire_rested":1,"item_purchase_floors":[11,11],"current_hp_per_floor":[67,54,50,37,36,36,54,39,39,61,61,61,61,57,57,10,59,21,26,0,0],"gold":168,"neow_bonus":"HUNDRED_GOLD","is_daily":false,"chose_seed":false,"campfire_upgraded":3,"win_rate":0.0,"timestamp":1609889636,"path_taken":["M","M","M","M","?","R","?","?","T","R","$","R","$","M","R","BOSS","M","M","?"],"items_purchased_type":["Card","Relic"],"build_version":"2020-12-18","purchased_purges":0,"victory":false,"max_hp_per_floor":[75,75,75,75,75,75,75,75,75,75,75,75,75,75,75,75,75,75,75,75,75],"relic_stats":{"counters":[10,48],"Snecko Eye":[18,23,20,23],"Art of War":[4],"obtain_stats":[{"Snecko Eye":17,"Omamori":9,"Art of War":11,"Cracked Core":0},{"Snecko Eye":7,"Omamori":5,"Art of War":5,"Cracked Core":0},{"Snecko Eye":36,"Omamori":20,"Art of War":20,"Cracked Core":0}]},"card_choices":[{"not_picked":["Skim","Chaos"],"picked":"Leap","floor":1.0},{"not_picked":["Redo","Force Field"],"picked":"Gash","floor":2.0},{"not_picked":["Stack","Steam"],"picked":"Compile Driver","floor":3.0},{"not_picked":["Conserve Battery","Coolheaded"],"picked":"Genetic Algorithm","floor":4.0},{"not_picked":["Rebound","Coolheaded"],"picked":"Go for the Eyes","floor":5.0},{"not_picked":["Streamline","Compile Driver"],"picked":"Ball Lightning","floor":14.0},{"not_picked":["Thunder Strike","Buffer"],"picked":"Electrodynamics","floor":16.0},{"not_picked":["Coolheaded","Melter"],"picked":"Conserve Battery","floor":18},{"not_picked":["Blizzard","Compile Driver"],"picked":"Coolheaded","floor":19}],"player_experience":2937377,"relics_obtained":[{"floor":9.0,"key":"Omamori"}],"event_choices":[{"damage_healed":18.0,"max_hp_gain":0.0,"max_hp_loss":0.0,"gold_gain":0.0,"event_name":"The Cleric","player_choice":"Healed","floor":7.0,"gold_loss":35.0,"damage_taken":0.0},{"damage_healed":0.0,"max_hp_gain":0.0,"max_hp_loss":0.0,"gold_gain":0.0,"event_name":"Shining Light","player_choice":"Entered Light","floor":8.0,"gold_loss":0.0,"damage_taken":15.0,"cards_upgraded":["Defend_B","Defend_B"]},{"damage_healed":0,"gold_gain":0,"player_choice":"Fought Bandits","damage_taken":0,"max_hp_gain":0,"max_hp_loss":0,"event_name":"Masked Bandits","floor":20,"gold_loss":0}],"is_beta":true,"boss_relics":[{"not_picked":["Runic Dome","Astrolabe"],"picked":"Snecko Eye"}],"items_purged_floors":[],"is_endless":false,"potions_floor_spawned":[2,3,14],"killed_by":"Masked Bandits","ascension_level":10}}