{"host":"ig7tc0uedzltt2sr","time":1609833307,"event":{"mods":["BaseMod","Better Twitch Integration","Block Reminder","Colored Map","Colored Powertips","Communication Mod","Current Relic Mod","GifTheSpireLib","HexUI Lib","Minty Spire (QoL Compilation)","Quick Restart","Random Character Button","Rare Cards Sparkle","Relic Sorter","Relic Stats","Slay the Relics Exporter","StSLib","SuperFastMode","Synergy Search","Twitch Decklist","Twitch Utils","everything is the same but u backflip on backflip","slay the spire mod where everything is the same but ironclad has a cowboy hat"],"gold_per_floor":[114,131,14,14,14,14,34,34,34,0,19,38,38,55,55,55,55],"floor_reached":16,"playtime":128,"items_purged":[],"score":92,"play_id":"70d73e56-e40b-47cd-89c3-c1a43c35dfd9","local_time":"20210104235507","is_ascension_mode":false,"campfire_choices":[{"data":"Defend_R","floor":6,"key":"SMITH"},{"data":"Strike_R","floor":13,"key":"SMITH"},{"floor":15,"key":"REST"}],"circlet_count":0,"master_deck":["Strike_R+1","Strike_R","Strike_R","Strike_R","Defend_R+1","Defend_R","Defend_R","Defend_R","Bash","Pummel","Rampage","Blind+1","Armaments+1","Iron Wave","Body Slam+1","Pommel Strike+1","Offering","Clothesline+1"],"relics":["Burning Blood","War Paint","Molten Egg 2"],"acts_visited":["Exordium"],"potions_floor_usage":[],"damage_taken":[{"damage":31,"enemies":"Cultist","floor":1,"turns":8},{"damage":5,"enemies":"Small Slimes","floor":2,"turns":7},{"damage":14,"enemies":"Jaw Worm","floor":7,"turns":8},{"damage":0,"enemies":"Looter","floor":10,"turns":5},{"damage":7,"enemies":"2 Fungi Beasts","floor":11,"turns":5},{"damage":10,"enemies":"Gremlin Gang","floor":12,"turns":7},{"damage":27,"enemies":"Exordium Wildlife","floor":14,"turns":5},{"damage":62,"enemies":"The Guardian","floor":16,"turns":8}],"seed_played":"-5835530796712081410","potions_obtained":[{"floor":7,"key":"SkillPotion"},{"floor":12,"key":"Swift Potion"}],"is_trial":false,"path_per_floor":["M","M","$","?","?","R","M","?","T","M","M","M","R","M","R","B"],"character_chosen":"IRONCLAD","items_purchased":["Blind","Armaments"],"campfire_rested":1,"item_purchase_floors":[3,3],"current_hp_per_floor":[63,64,64,57,62,62,54,51,51,57,56,52,52,31,58,0,0],"gold":55,"neow_bonus":"TEN_PERCENT_HP_BONUS","is_daily":false,"chose_seed":false,"campfire_upgraded":2,"win_rate":0.0,"timestamp":1609833307,"path_taken":["M","M","?","?","?","R","M","?","T","M","M","M","R","M","R","BOSS"],"items_purchased_type":["Card","Card"],"build_version":"2020-12-22","purchased_purges":0,"victory":false,"max_hp_per_floor":[88,88,88,88,93,93,93,93,93,93,93,93,93,93,93,93,93],"relic_stats":{"counters":[8,53],"War Paint":["Blind","Armaments"],"obtain_stats":[{"Molten Egg 2":9,"War Paint":8,"Burning Blood":0},{"Molten Egg 2":3,"War Paint":3,"Burning Blood":0},{"Molten Egg 2":23,"War Paint":23,"Burning Blood":0}],"Burning Blood":42},"card_choices":[{"not_picked":["True Grit","Perfected Strike"],"picked":"Pummel","floor":1},{"not_picked":["Dark Embrace","Heavy Blade"],"picked":"Rampage","floor":2},{"not_picked":["Cleave","Headbutt"],"picked":"Iron Wave","floor":7},{"not_picked":["Evolve","Sever Soul+1"],"picked":"Body Slam+1","floor":10},{"not_picked":["True Grit","Armaments"],"picked":"Pommel Strike+1","floor":11},{"not_picked":["Blood for Blood+1","Sword Boomerang+1"],"picked":"Offering","floor":12},{"not_picked":["Perfected Strike+1","Havoc"],"picked":"Clothesline+1","floor":14}],"player_experience":1432521,"relics_obtained":[{"floor":9,"key":"Molten Egg 2"}],"event_choices":[{"cards_removed":["Strike_R"],"damage_healed":0,"gold_gain":0,"player_choice":"Card Removal","damage_taken":7,"max_hp_gain":0,"max_hp_loss":0,"event_name":"Golden Wing","floor":4,"gold_loss":0},{"damage_healed":0,"gold_gain":0,"player_choice":"Donut","damage_taken":0,"max_hp_gain":5,"max_hp_loss":0,"event_name":"Big Fish","floor":5,"gold_loss":0},{"damage_healed":0,"gold_gain":0,"player_choice":"Success","damage_taken":3,"relics_obtained":["War Paint"],"max_hp_gain":0,"max_hp_loss":0,"event_name":"Scrap Ooze","floor":8,"gold_loss":0}],"is_beta":false,"boss_relics":[],"items_purged_floors":[],"is_endless":false,"potions_floor_spawned":[7,12],"killed_by":"The Guardian","ascension_level":0}}