{"host":"088jo5vb400xciyq","time":1609885154,"event":{"mods":["BaseMod","Custom Start","HololiveMod","Hubris","Infinite Spire","Koishi","Marisa????????","Minty Spire (QoL Compilation)","Rare Cards Sparkle","Shop Mod","StSLib","The Hierophant","The Servant 0.9.4"],"gold_per_floor":[86,98,273,287,362,362,396,413,487,506,506,549,55,73,73,270,270,338,57,70,169,169,299,299,299,369,385,400,434,434,450,450,548,548,567,579,332,349,366,366,386,418,468,470,470,490,513,546,546,725,725],"floor_reached":50,"playtime":11984,"items_purged":["Doubt","Hololive_ScarfAndHalo"],"score":778,"play_id":"7b484b4e-c725-44b5-82c7-a7c1781eee85","local_time":"20210105151914","is_ascension_mode":false,"campfire_choices":[{"data":"Hololive_CallAmaneKanata","floor":6.0,"key":"SMITH"},{"data":"Hololive_CallHoushouMarine","floor":11.0,"key":"SMITH"},{"data":"Hololive_CallUsadaPekora","floor":15.0,"key":"SMITH"},{"data":"Hololive_CallOkamiMio","floor":24,"key":"SMITH"},{"data":"Hololive_CallAZKi","floor":30,"key":"SMITH"},{"data":"Hololive_CallAmaneKanata","floor":32,"key":"SMITH"},{"data":"Hololive_Breathe","floor":40,"key":"SMITH"},{"data":"Hololive_CallSakuraMiko","floor":49,"key":"SMITH"}],"circlet_count":0,"master_deck":["Hololive_Strike","Hololive_Strike","Hololive_Defend","Hololive_CallHoushouMarine","Hololive_CallAmaneKanata+1","Hololive_CallNatsuiroMatsuri","Hololive_CallFriendA","Hololive_CallMoonaHoshinova","Hololive_CallUsadaPekora+1","Hololive_CocoNews","Hololive_CallHoushouMarine+1","Hololive_Psychosis","Hololive_Spy","Hololive_CallOkamiMio+1","Hololive_Breathe+1","Hololive_Psychosis","Hololive_Rebirth","Hololive_StrengthChampion","Hololive_ILoveYou","Hololive_FlyingPonyTail+1","Hololive_CocoNews","Hololive_CallAmaneKanata+1","Hololive_CallAZKi+1","Hololive_StrengthChampion+1","Hololive_FlyingPonyTail+1","Hololive_CallSakuraMiko+1","Hololive_CallSakuraMiko+1","Hololive_Nanodesu","Hololive_Thief","infinitespire:UltimateForm","Parasite","Hololive_CallArtia+1","Hololive_CandyCastle+1"],"relics":["Hololive_TheStar","hubris:AstralHammer","infinitespire:ShieldingShard","infinitespire:Golems Mask","hubris:MobiusCoin","Black Star","infinitespire:EmpoweringShard","hubris:FunFungus","Bag of Marbles","MealTicket","Darkstone Periapt","hubris:Reverence","infinitespire:Midas Blood","Empty Cage","ClockworkSouvenir","Nunchaku","hubris:Towel","infinitespire:CheckeredPen","Frozen Egg 2"],"acts_visited":["Exordium","TheCity","TheBeyond"],"potions_floor_usage":[28,35,41],"damage_taken":[{"damage":0.0,"enemies":"Small Slimes","floor":1.0,"turns":3.0},{"damage":1.0,"enemies":"2 Louse","floor":2.0,"turns":3.0},{"damage":0.0,"enemies":"Cultist","floor":4.0,"turns":4.0},{"damage":0.0,"enemies":"Gremlin Nob","floor":7.0,"turns":4.0},{"damage":11.0,"enemies":"Exordium Wildlife","floor":8.0,"turns":4.0},{"damage":0.0,"enemies":"Blue Slaver","floor":10.0,"turns":3.0},{"damage":0.0,"enemies":"3 Sentries","floor":12.0,"turns":4.0},{"damage":0.0,"enemies":"Red Slaver","floor":14.0,"turns":3.0},{"damage":0.0,"enemies":"Hexaghost","floor":16.0,"turns":6.0},{"damage":0.0,"enemies":"Spheric Guardian","floor":18.0,"turns":4.0},{"damage":13,"enemies":"2 Thieves","floor":20,"turns":5},{"damage":0,"enemies":"Nightmare","floor":23,"turns":4},{"damage":0,"enemies":"Snake Plant","floor":27,"turns":4},{"damage":0,"enemies":"Shelled Parasite and Fungi","floor":28,"turns":5},{"damage":0,"enemies":"Gremlin Leader","floor":29,"turns":7},{"damage":0,"enemies":"3 Cultists","floor":31,"turns":3},{"damage":0,"enemies":"Automaton","floor":33,"turns":6},{"damage":0,"enemies":"3 Darklings","floor":35,"turns":4},{"damage":0,"enemies":"3 Shapes","floor":36,"turns":3},{"damage":0,"enemies":"Sphere and 2 Shapes","floor":38,"turns":3},{"damage":0,"enemies":"Transient","floor":39,"turns":5},{"damage":0,"enemies":"4 Shapes","floor":41,"turns":1},{"damage":0,"enemies":"Spire Growth","floor":42,"turns":4},{"damage":1,"enemies":"Writhing Mass","floor":46,"turns":5},{"damage":0,"enemies":"4 Shapes","floor":47,"turns":4},{"damage":0,"enemies":"Reptomancer","floor":48,"turns":4},{"damage":14,"enemies":"hubris:GrandSnecko","floor":50,"turns":8}],"seed_played":"2142962923043270770","potions_obtained":[{"floor":8.0,"key":"infinitespire:BlackPotion"},{"floor":12.0,"key":"Regen Potion"},{"floor":20,"key":"Energy Potion"},{"floor":28,"key":"BlessingOfTheForge"},{"floor":29,"key":"DuplicationPotion"},{"floor":35,"key":"Explosive Potion"},{"floor":42,"key":"Energy Potion"}],"is_trial":false,"path_per_floor":["M","M","?","M","?","R","E","M","T","M","R","E","$","M","R","B",null,"M","$","M","?","T","NM","R","?","T","M","M","E","R","M","R","B",null,"M","M","$","M","M","R","M","M","T","?","?","M","M","E","R","B"],"character_chosen":"Hololive_HololiveCharacter","items_purchased":["hubris:MobiusCoin","Hololive_CallOkamiMio","Hololive_Breathe","Hololive_Psychosis","infinitespire:EmpoweringShard","Hololive_ILoveYou","ClockworkSouvenir"],"campfire_rested":0,"item_purchase_floors":[13,13,13,13,19,19,37],"current_hp_per_floor":[35,34,34,34,31,31,31,20,20,20,20,20,20,20,20,20,35,35,35,22,22,22,22,22,22,22,22,35,35,35,35,35,35,35,35,35,35,35,35,35,35,35,35,27,27,32,32,32,32,20,20],"gold":725,"neow_bonus":"ONE_RANDOM_RARE_CARD","is_daily":false,"chose_seed":false,"campfire_upgraded":8,"win_rate":0.0,"timestamp":1609885154,"path_taken":["M","M","?","M","?","R","E","M","T","M","R","E","$","M","R","BOSS","M","$","M","?","?","NM","R","?","T","M","?","E","R","M","R","BOSS","M","M","$","M","M","R","?","M","T","?","?","M","?","E","R","BOSS"],"items_purchased_type":["Relic","Card","Card","Card","Relic","Card","Relic"],"build_version":"2020-12-22","purchased_purges":2,"victory":false,"max_hp_per_floor":[35,35,35,35,35,35,35,35,35,35,35,35,35,35,35,35,35,35,35,35,35,35,35,35,35,35,35,35,35,35,35,35,35,35,35,35,35,35,35,35,35,35,35,35,35,41,41,41,41,41,41],"card_choices":[{"not_picked":["Hololive_RevenueBasedLive","Hololive_OvertimeWork","Hololive_Sequa"],"picked":"Hololive_CallUsadaPekora","floor":1.0},{"not_picked":["Hololive_CallHimemoriLuna","Hololive_Rebound","Hololive_CallYogiri","Hololive_Sequa"],"picked":"SKIP","floor":2.0},{"not_picked":["Hololive_CallYuzukiChoco","Hololive_CallOmaruPolka","Hololive_CallTokinoSora"],"picked":"Hololive_CocoNews","floor":4.0},{"not_picked":["Hololive_CallManoAloe","Hololive_CallMurasakiShion","Hololive_Watashimo"],"picked":"Hololive_CallHoushouMarine","floor":7.0},{"not_picked":["Hololive_LuckPotion","Hololive_OvertimeWork","Hololive_Drill","Hololive_CallNekomataOkayu"],"picked":"SKIP","floor":8.0},{"not_picked":["Hololive_FlyingPonyTail","Hololive_HuntDinosaur","Hololive_CallMinatoAqua"],"picked":"Hololive_Psychosis","floor":10.0},{"not_picked":["Hololive_DiamondStrike","Hololive_CallHoshimachiSuisei","Hololive_Trident"],"picked":"Hololive_Spy","floor":12.0},{"not_picked":["Hololive_Rebound","Hololive_CallShishiroBotan","Hololive_Trident","Hololive_OvertimeWork"],"picked":"SKIP","floor":14.0},{"not_picked":["Hololive_Rebound","Hololive_CallShishiroBotan","Hololive_Trident","Hololive_OvertimeWork"],"picked":"SKIP","floor":14.0},{"not_picked":["Hololive_ScarfAndHalo","Hololive_DiamondStrike","Hololive_ASMR"],"picked":"Hololive_Rebirth","floor":16.0},{"not_picked":["Hololive_CallSakuraMiko","Hololive_CallAkaiHaato","Hololive_Psychosis"],"picked":"Hololive_StrengthChampion","floor":18.0},{"not_picked":["Hololive_RevenueBasedLive+1","Hololive_Sequa","Hololive_LuckPotion","Hololive_CallShirakamiFubuki"],"picked":"SKIP","floor":20},{"not_picked":["Hololive_CallMurasakiShion+1","Hololive_CallNakiriAyame","Hololive_DiamondStrike"],"picked":"Hololive_FlyingPonyTail+1","floor":23},{"not_picked":["Hololive_CallYuzukiChoco+1","Hololive_CallTsunomakiWatame","Hololive_Sequa"],"picked":"Hololive_CocoNews","floor":27},{"not_picked":["Hololive_Rebound","Hololive_FlyingPonyTail","Hololive_Psychosis"],"picked":"Hololive_CallAmaneKanata","floor":28},{"not_picked":["Hololive_CallMoonaHoshinova","Hololive_Psychosis","Hololive_CallShirakamiFubuki+1"],"picked":"Hololive_CallAZKi","floor":29},{"not_picked":["Hololive_CallMinatoAqua","Hololive_Sequa","Hololive_CallSpadeEcho","Hololive_Drill"],"picked":"SKIP","floor":31},{"not_picked":["Hololive_Drill+1","Hololive_Teleport+1","Hololive_LuckPotion"],"picked":"Hololive_StrengthChampion+1","floor":35},{"not_picked":["Hololive_Breathe","Hololive_StrengthChampion+1","Hololive_Sequa+1"],"picked":"Hololive_FlyingPonyTail+1","floor":36},{"not_picked":["Hololive_CallNatsuiroMatsuri","Hololive_CallKiryuuCoco+1","Hololive_Psychosis+1"],"picked":"Hololive_CallSakuraMiko","floor":38},{"not_picked":["Hololive_Drill","Hololive_Rebound+1","Hololive_CallNakiriAyame"],"picked":"Hololive_CallSakuraMiko+1","floor":39},{"not_picked":["Hololive_OvertimeWork+1","Hololive_LuckPotion+1","Hololive_CallYozoraMel"],"picked":"Hololive_Nanodesu","floor":41},{"not_picked":["Hololive_Breathe+1","Hololive_CallRoboco","Hololive_CallInugamiKorone+1"],"picked":"Hololive_Thief","floor":42},{"not_picked":["infinitespire:Oblivion","infinitespire:DeathsTouch"],"picked":"infinitespire:UltimateForm","floor":44},{"not_picked":["Hololive_LuckPotion","Hololive_BeCareful","Hololive_CallShishiroBotan+1"],"picked":"Hololive_CallArtia+1","floor":46},{"not_picked":["Hololive_Trident","Hololive_Breathe+1","Hololive_Sequa+1","Hololive_BringToTrial+1"],"picked":"SKIP","floor":47},{"not_picked":["Hololive_Sequa+1","Hololive_LuckPotion","Hololive_StrengthChampion"],"picked":"Hololive_CandyCastle+1","floor":48}],"player_experience":602654,"relics_obtained":[{"floor":7.0,"key":"hubris:AstralHammer"},{"floor":9.0,"key":"infinitespire:ShieldingShard"},{"floor":12.0,"key":"infinitespire:Golems Mask"},{"floor":22,"key":"hubris:FunFungus"},{"floor":23,"key":"Bag of Marbles"},{"floor":23,"key":"MealTicket"},{"floor":26,"key":"Darkstone Periapt"},{"floor":29,"key":"hubris:Reverence"},{"floor":29,"key":"infinitespire:Midas Blood"},{"floor":43,"key":"Nunchaku"},{"floor":48,"key":"infinitespire:CheckeredPen"},{"floor":48,"key":"Frozen Egg 2"}],"event_choices":[{"damage_healed":0.0,"max_hp_gain":0.0,"max_hp_loss":0.0,"gold_gain":175.0,"event_name":"Liars Game","player_choice":"AGREE","floor":3.0,"gold_loss":0.0,"damage_taken":0.0,"cards_obtained":["Doubt"]},{"damage_healed":0.0,"max_hp_gain":0.0,"max_hp_loss":0.0,"gold_gain":75.0,"event_name":"FaceTrader","player_choice":"Touch","floor":5.0,"gold_loss":0.0,"damage_taken":3.0},{"damage_healed":0,"gold_gain":99,"player_choice":"Stole From Cult","damage_taken":0,"max_hp_gain":0,"max_hp_loss":0,"event_name":"Nest","floor":21,"gold_loss":0},{"damage_healed":0,"gold_gain":0,"player_choice":"Got Potions","damage_taken":0,"max_hp_gain":0,"max_hp_loss":0,"event_name":"Lab","floor":25,"gold_loss":0}],"is_beta":false,"boss_relics":[{"not_picked":["hubris:ScarierMask","Tiny House"],"picked":"Black Star"},{"not_picked":["Snecko Eye","hubris:HollowSoul"],"picked":"Empty Cage"}],"items_purged_floors":[13,37],"is_endless":true,"potions_floor_spawned":[8,12,20,27,28,29,31,35,38,39,42],"killed_by":"hubris:GrandSnecko","ascension_level":0}}