{"host":"qxeepl7ydvsgmfdb","time":1609853179,"event":{"mods":["AchievementEnabler","BaseMod","Colored Powertips","Minty Spire (QoL Compilation)","Quick Restart","slay the spire mod where everything is the same but ironclad has a cowboy hat"],"gold_per_floor":[118,118,32,45,45,45,76,92,92,92,110,110,120,45,45,142,142,155,167,167,167,167,192,210,237,237,237,237],"floor_reached":27,"playtime":1039,"items_purged":["Strike_G"],"score":373,"play_id":"f290781b-32d9-4fc0-81c4-cbb4c9665ba6","local_time":"20210105082619","is_ascension_mode":true,"campfire_choices":[{"data":"Poisoned Stab","floor":6,"key":"SMITH"},{"data":"Blade Dance","floor":10,"key":"SMITH"},{"data":"After Image","floor":12,"key":"SMITH"},{"data":"Dagger Spray","floor":15,"key":"SMITH"}],"circlet_count":0,"master_deck":["Strike_G","Strike_G","Strike_G","Defend_G","Defend_G","Defend_G+1","Defend_G+1","Defend_G","Survivor","Neutralize","Poisoned Stab+1","Cloak And Dagger","All Out Attack+1","Blade Dance+1","Cloak And Dagger+1","Blade Dance+1","After Image+1","Dagger Spray+1","Die Die Die","Deflect+1","Distraction+1","RitualDagger","After Image+1","PiercingWail+1","Acrobatics+1"],"relics":["Ring of the Snake","NeowsBlessing","Toxic Egg 2","War Paint","Black Star","Letter Opener","Question Card","Bag of Marbles","Pen Nib","Frozen Egg 2"],"acts_visited":["Exordium","TheCity"],"potions_floor_usage":[13,19,19,23,23,25],"damage_taken":[{"damage":0,"enemies":"Small Slimes","floor":1,"turns":1},{"damage":0,"enemies":"2 Louse","floor":4,"turns":1},{"damage":0,"enemies":"Gremlin Nob","floor":7,"turns":1},{"damage":1,"enemies":"Cultist","floor":8,"turns":3},{"damage":0,"enemies":"Red Slaver","floor":11,"turns":2},{"damage":0,"enemies":"3 Louse","floor":13,"turns":1},{"damage":54,"enemies":"The Guardian","floor":16,"turns":14},{"damage":13,"enemies":"Shell Parasite","floor":18,"turns":5},{"damage":6,"enemies":"2 Thieves","floor":19,"turns":5},{"damage":11,"enemies":"Gremlin Leader","floor":23,"turns":7},{"damage":10,"enemies":"Cultist and Chosen","floor":24,"turns":7},{"damage":27,"enemies":"Slavers","floor":25,"turns":8},{"damage":3,"enemies":"Centurion and Healer","floor":27,"turns":1}],"seed_played":"-1705223720683182489","potions_obtained":[{"floor":7,"key":"Explosive Potion"},{"floor":8,"key":"EntropicBrew"},{"floor":11,"key":"Dexterity Potion"},{"floor":19,"key":"AttackPotion"},{"floor":23,"key":"Block Potion"}],"is_trial":false,"path_per_floor":["M","?","$","M","?","R","E","M","T","R","M","R","M","$","R","B",null,"M","M","?","?","?","E","M","E","T","M"],"character_chosen":"THE_SILENT","items_purchased":["Cloak And Dagger","All Out Attack"],"campfire_rested":0,"item_purchase_floors":[3,3],"current_hp_per_floor":[63,56,56,56,56,56,56,55,55,55,55,55,55,55,55,1,53,40,34,28,51,51,40,30,3,3,0,0],"gold":237,"neow_bonus":"THREE_ENEMY_KILL","is_daily":false,"chose_seed":false,"campfire_upgraded":4,"win_rate":0.0,"timestamp":1609853179,"path_taken":["M","?","$","M","?","R","E","M","T","R","M","R","?","$","R","BOSS","M","M","?","?","?","E","?","E","T","M"],"items_purchased_type":["Card","Card"],"build_version":"2020-12-22","purchased_purges":1,"victory":false,"max_hp_per_floor":[70,70,70,70,70,70,70,70,70,70,70,70,70,70,70,70,70,70,70,70,70,70,70,70,70,70,70,70],"card_choices":[{"not_picked":["Outmaneuver","Prepared"],"picked":"Poisoned Stab","floor":1},{"not_picked":["Quick Slash","Sucker Punch"],"picked":"Blade Dance","floor":4},{"not_picked":["Riddle With Holes","Dash"],"picked":"Cloak And Dagger+1","floor":7},{"not_picked":["Sucker Punch","Accuracy"],"picked":"Blade Dance+1","floor":8},{"not_picked":["Crippling Poison+1","Terror+1"],"picked":"After Image","floor":11},{"not_picked":["Calculated Gamble+1","Acrobatics+1"],"picked":"Dagger Spray","floor":13},{"not_picked":["Unload","Bullet Time+1"],"picked":"Die Die Die","floor":16},{"not_picked":["Acrobatics+1","Dagger Throw"],"picked":"Deflect+1","floor":18},{"not_picked":["Finisher","Bouncing Flask+1"],"picked":"Distraction+1","floor":19},{"not_picked":["PiercingWail+1","Skewer","Calculated Gamble+1"],"picked":"SKIP","floor":23},{"not_picked":["Acrobatics+1","Accuracy","Cloak And Dagger+1"],"picked":"PiercingWail+1","floor":24},{"not_picked":["Bane+1","Outmaneuver+1","Blade Dance+1"],"picked":"Acrobatics+1","floor":25}],"player_experience":366399,"relics_obtained":[{"floor":7,"key":"Toxic Egg 2"},{"floor":9,"key":"War Paint"},{"floor":23,"key":"Letter Opener"},{"floor":23,"key":"Question Card"},{"floor":25,"key":"Bag of Marbles"},{"floor":25,"key":"Pen Nib"},{"floor":26,"key":"Frozen Egg 2"}],"event_choices":[{"cards_removed":["Strike_G"],"damage_healed":0,"gold_gain":0,"player_choice":"Card Removal","damage_taken":7,"max_hp_gain":0,"max_hp_loss":0,"event_name":"Golden Wing","floor":2,"gold_loss":0},{"damage_healed":0,"gold_gain":0,"player_choice":"Forge","damage_taken":0,"max_hp_gain":0,"max_hp_loss":0,"event_name":"Accursed Blacksmith","floor":5,"gold_loss":0,"cards_upgraded":["All Out Attack"]},{"damage_healed":0,"gold_gain":0,"player_choice":"Joined the Cult","damage_taken":6,"max_hp_gain":0,"max_hp_loss":0,"event_name":"Nest","floor":20,"gold_loss":0,"cards_obtained":["RitualDagger"]},{"damage_healed":23,"gold_gain":0,"player_choice":"Heal","damage_taken":0,"max_hp_gain":0,"max_hp_loss":0,"event_name":"The Library","floor":21,"gold_loss":0},{"damage_healed":0,"gold_gain":0,"player_choice":"Copied","damage_taken":0,"max_hp_gain":0,"max_hp_loss":0,"event_name":"Duplicator","floor":22,"gold_loss":0,"cards_obtained":["After Image"]}],"is_beta":false,"boss_relics":[{"not_picked":["Ring of the Serpent","Runic Dome"],"picked":"Black Star"}],"items_purged_floors":[14],"is_endless":false,"potions_floor_spawned":[7,8,11,19,23],"killed_by":"Centurion and Healer","ascension_level":7}}