{"host":"kabf61oc9jgfwufg","time":1609871541,"event":{"mods":["AchievementEnabler","Act Like it!","Aspiration","BaseMod","Conspire","GifTheSpireLib","Halation","HexUI Lib","Hubris","Infinite Spire","Lobotomy","LobotomyExtend","Minty Spire (QoL Compilation)","Pale of the Ancients","Quick Restart","Rare Cards Sparkle","Replay The Spire","Shop Mod","StSLib","The Jungle"],"gold_per_floor":[112,287,334,347,347,347,377,388,388,422,422,422,126,142,142,240,240,255,155,95,95],"floor_reached":20,"playtime":1023,"items_purged":["Defend_P","Doubt"],"score":172,"play_id":"e162089c-ab5d-410a-aa69-cb3a533adbca","local_time":"20210105183221","is_ascension_mode":false,"campfire_choices":[{"floor":6,"key":"REST"},{"floor":15,"key":"REST"}],"circlet_count":0,"master_deck":["Strike_P","Strike_P","Strike_P","Defend_P","Defend_P","Defend_P","Eruption","Vigilance","FairyFestival","Evaluate","Prostrate","EmptyFist","ShyLook","EmptyFist","EmptyFist","CherryBlossoms","MentalFortress","Funeral","FearNoEvil","BeautyBeast"],"relics":["PureWater","CogitoBucket","LetterFromLob","halation:LettersToHer","Replay:Bottled Snecko","Dream Catcher","Replay:Rubber Ducky","infinitespire:Beetle Shell","SkinProphecy","SlaversCollar"],"acts_visited":["Exordium","TheCity"],"potions_floor_usage":[10,10,14,16,16],"damage_taken":[{"damage":5,"enemies":"Cultist","floor":1,"turns":4},{"damage":16,"enemies":"Jaw Worm","floor":4,"turns":4},{"damage":13,"enemies":"Small Slimes","floor":5,"turns":5},{"damage":4,"enemies":"3 Louse","floor":8,"turns":5},{"damage":20,"enemies":"Lagavulin","floor":10,"turns":5},{"damage":0,"enemies":"Exordium Wildlife","floor":14,"turns":7},{"damage":91,"enemies":"The Guardian","floor":16,"turns":19},{"damage":53,"enemies":"Shell Parasite","floor":18,"turns":7},{"damage":31,"enemies":"2 Thieves","floor":20,"turns":2}],"seed_played":"-518293368385290820","potions_obtained":[{"floor":1,"key":"LifebloodPotion"},{"floor":3,"key":"SteroidPotion"},{"floor":5,"key":"CultistPotion"},{"floor":10,"key":"Weak Potion"},{"floor":14,"key":"Fire Potion"}],"is_trial":false,"path_per_floor":["M","?","?","M","M","R","?","M","T","E","?","?","$","M","R","B",null,"M","$","M"],"character_chosen":"WATCHER","items_purchased":["infinitespire:Beetle Shell","MentalFortress"],"campfire_rested":2,"item_purchase_floors":[13,13],"current_hp_per_floor":[67,67,67,55,47,68,68,64,64,46,51,51,51,53,76,5,79,28,28,0,0],"gold":95,"neow_bonus":"","is_daily":false,"chose_seed":false,"campfire_upgraded":0,"win_rate":0.0,"timestamp":1609871541,"path_taken":["M","?","?","M","M","R","?","M","T","E","?","?","$","?","R","BOSS","M","$","M"],"items_purchased_type":["Relic","Card"],"build_version":"2020-12-22","purchased_purges":2,"victory":false,"max_hp_per_floor":[72,72,72,72,72,72,72,72,72,72,77,77,77,77,77,79,79,81,81,83,83],"card_choices":[{"not_picked":["Murderer","VoidDream","ShyLook"],"picked":"Singing Bowl","floor":1},{"not_picked":["OSAHOGD","VoidDream"],"picked":"FairyFestival","floor":1},{"not_picked":["EmptyBody","CarveReality","Protect"],"picked":"SKIP","floor":1},{"not_picked":["Meditate","Fasting2"],"picked":"Evaluate","floor":3},{"not_picked":["ThirdEye","Collect"],"picked":"Prostrate","floor":3},{"not_picked":["EmptyFist","PathToVictory","DevaForm"],"picked":"SKIP","floor":4},{"not_picked":["BowlingBash","DeceiveReality"],"picked":"EmptyFist","floor":5},{"not_picked":["SpiderBud","CrumblingArmor"],"picked":"ShyLook","floor":8},{"not_picked":["JustLucky","ThirdEye"],"picked":"EmptyFist","floor":8},{"not_picked":["EmptyBody","ConjureBlade"],"picked":"EmptyFist","floor":10},{"not_picked":["Laetitia","SingingMachine"],"picked":"CherryBlossoms","floor":10},{"not_picked":["Bloodbath","MeatLantern"],"picked":"Funeral","floor":14},{"not_picked":["ClearTheMind","Ragnarok"],"picked":"FearNoEvil","floor":14},{"not_picked":["Bloodbath","PunishingBird"],"picked":"BeautyBeast","floor":18},{"not_picked":["ClearTheMind","Replay:AtTheReady+1","SashWhip+1"],"picked":"SKIP","floor":18}],"player_experience":45701,"relics_obtained":[{"floor":1,"key":"LetterFromLob"},{"floor":3,"key":"halation:LettersToHer"},{"floor":9,"key":"halation:LettersToHer"},{"floor":9,"key":"Dream Catcher"},{"floor":10,"key":"Replay:Rubber Ducky"}],"event_choices":[{"damage_healed":0,"gold_gain":175,"player_choice":"AGREE","damage_taken":0,"max_hp_gain":0,"max_hp_loss":0,"event_name":"Liars Game","floor":2,"gold_loss":0,"cards_obtained":["Doubt"]},{"damage_healed":0,"gold_gain":30,"player_choice":"Searched \u00273\u0027 times","damage_taken":0,"relics_obtained":["Replay:Bottled Snecko"],"max_hp_gain":0,"max_hp_loss":0,"event_name":"Dead Adventurer","floor":7,"gold_loss":0},{"damage_healed":0,"gold_gain":0,"player_choice":"Donut","damage_taken":0,"max_hp_gain":5,"max_hp_loss":0,"event_name":"Big Fish","floor":11,"gold_loss":0},{"cards_removed":["Strike_P"],"damage_healed":0,"gold_gain":0,"player_choice":"Forget","damage_taken":0,"max_hp_gain":0,"max_hp_loss":0,"event_name":"Living Wall","floor":12,"gold_loss":0}],"is_beta":false,"boss_relics":[{"not_picked":["Fusion Hammer","halation:PlatinumPhoenix"],"picked":"SlaversCollar"}],"items_purged_floors":[13,19],"is_endless":false,"potions_floor_spawned":[1,5,10,14],"killed_by":"2 Thieves","ascension_level":0}}