{"host":"l84l8xigz5v5foa2","time":1609856894,"event":{"mods":["2.2 Compatiblity","AchievementEnabler","BaseMod","Better Note","Better Vampires","Card Filter","Colored Map","DeckTracker","Downfall","Gremlin Skip","Highlight Path","Keyboard Shortcuts","Minty Spire (QoL Compilation)","Permanent Neow","Quick Restart","Relic Filter","Relic Stats","StSLib","SuperFastMode","Transform Curses","Unknown Chances"],"gold_per_floor":[99,113,113,213,9,9,9,9],"floor_reached":6,"playtime":192,"items_purged":[],"score":64,"play_id":"d09a78ef-beb6-4580-a9be-4cb68d0dae80","local_time":"20210105232814","is_ascension_mode":true,"campfire_choices":[{"data":"hexamod:Float","floor":1,"key":"SMITH"}],"circlet_count":0,"master_deck":["AscendersBane","hexamod:Strike","hexamod:Strike","hexamod:Strike","hexamod:Defend","hexamod:Defend","hexamod:Defend","hexamod:Sear","hexamod:Float+1","hexamod:RadiantFlame","hexamod:GhostOfSpireFuture","hexamod:NightmareStrike","Slimebound:Icky","hexamod:Hexaguard","hexamod:NecessarySacrifice"],"relics":["hexamod:SpiritBrand","PreservedInsect","Membership Card"],"acts_visited":["Exordium"],"potions_floor_usage":[],"damage_taken":[{"damage":0,"enemies":"Small Slimes","floor":2,"turns":4},{"damage":0,"enemies":"downfall:FleeingMerchant","floor":5,"turns":4},{"damage":27,"enemies":"Gremlin Nob","floor":6,"turns":3}],"seed_played":"-4167847688321490715","potions_obtained":[],"is_trial":false,"path_per_floor":["R","M","?","?","$","E"],"character_chosen":"THE_SPIRIT","items_purchased":["Membership Card","hexamod:NecessarySacrifice"],"campfire_rested":0,"item_purchase_floors":[5,5],"current_hp_per_floor":[42,42,16,16,16,0,0,0],"gold":9,"neow_bonus":"TRANSFORM_TWO_CARDS","is_daily":false,"chose_seed":false,"campfire_upgraded":1,"win_rate":0.0,"timestamp":1609856894,"path_taken":["R","M","?","?","$","E"],"items_purchased_type":["Relic","Card"],"build_version":"2020-12-22","purchased_purges":0,"victory":false,"max_hp_per_floor":[63,63,63,63,63,63,63,63],"relic_stats":{"counters":[3,11],"PreservedInsect":122,"obtain_stats":[{"PreservedInsect":3,"Membership Card":5,"hexamod:SpiritBrand":0},{"PreservedInsect":1,"Membership Card":2,"hexamod:SpiritBrand":0},{"PreservedInsect":4,"Membership Card":8,"hexamod:SpiritBrand":0}]},"card_choices":[{"not_picked":["hexamod:FastForward","hexamod:EmpoweredFlame"],"picked":"hexamod:NightmareStrike","floor":2},{"not_picked":["hexamod:ShieldOfDarkness","hexamod:GhostflameBarrier"],"picked":"hexamod:Hexaguard","floor":5}],"player_experience":2878246,"relics_obtained":[],"event_choices":[{"damage_healed":0,"gold_gain":0,"player_choice":"Success","damage_taken":26,"relics_obtained":["PreservedInsect"],"max_hp_gain":0,"max_hp_loss":0,"event_name":"Scrap Ooze","floor":3,"gold_loss":0}],"is_beta":false,"boss_relics":[],"items_purged_floors":[],"is_endless":false,"potions_floor_spawned":[],"killed_by":"Gremlin Nob","ascension_level":20}}