{"host":"dcj2yvrgcvh5dl2s","time":1609809425,"event":{"mods":["BaseMod","Better Note","Block Reminder","Colored Powertips","DeckTracker","Minty Spire (QoL Compilation)","Quick Restart","Rare Cards Sparkle","Relic Stats","StSLib"],"gold_per_floor":[365,38,55,74,74,74,74,84,157,168,168,168,168,202,202,202,202],"floor_reached":16,"playtime":683,"items_purged":[],"score":195,"play_id":"8b6fd79d-7e33-4b58-94a0-494178c76483","local_time":"20210105111705","is_ascension_mode":true,"campfire_choices":[{"data":"Bash","floor":6,"key":"SMITH"},{"floor":11,"key":"REST"},{"floor":13,"key":"REST"},{"floor":15,"key":"REST"}],"circlet_count":0,"master_deck":["AscendersBane","Strike_R","Strike_R","Strike_R","Strike_R","Strike_R","Defend_R","Defend_R","Defend_R","Defend_R","Bash+1","Pummel","Reaper","Thunderclap"],"relics":["Burning Blood","Champion Belt","Bag of Preparation","Gremlin Horn","Shuriken","Toxic Egg 2"],"acts_visited":["Exordium"],"potions_floor_usage":[8],"damage_taken":[{"damage":7,"enemies":"2 Louse","floor":1,"turns":3},{"damage":7,"enemies":"Small Slimes","floor":3,"turns":3},{"damage":21,"enemies":"Jaw Worm","floor":4,"turns":4},{"damage":38,"enemies":"Exordium Thugs","floor":8,"turns":4},{"damage":54,"enemies":"Gremlin Gang","floor":10,"turns":6},{"damage":30,"enemies":"Gremlin Nob","floor":14,"turns":4},{"damage":62,"enemies":"Hexaghost","floor":16,"turns":9}],"seed_played":"-1224843868828477694","potions_obtained":[{"floor":3,"key":"Regen Potion"},{"floor":14,"key":"Explosive Potion"}],"is_trial":false,"path_per_floor":["M","$","M","M","?","R","?","M","T","M","R","T","R","E","R","B"],"character_chosen":"IRONCLAD","items_purchased":["Champion Belt"],"campfire_rested":3,"item_purchase_floors":[2],"current_hp_per_floor":[67,67,66,55,55,55,55,43,43,11,31,31,51,33,53,0,0],"gold":202,"neow_bonus":"TWO_FIFTY_GOLD","is_daily":false,"chose_seed":false,"campfire_upgraded":1,"win_rate":0.0,"timestamp":1609809425,"path_taken":["M","$","M","M","?","R","?","?","T","M","R","?","R","E","R","BOSS"],"items_purchased_type":["Relic"],"build_version":"2020-12-22","purchased_purges":0,"victory":false,"max_hp_per_floor":[68,68,68,68,68,68,68,68,68,68,68,68,68,68,68,68,68],"relic_stats":{"Gremlin Horn":[3,3],"counters":[7,33],"Shuriken":[3],"Bag of Preparation":[8],"Champion Belt":[16],"obtain_stats":[{"Gremlin Horn":9,"Shuriken":12,"Bag of Preparation":5,"Champion Belt":2,"Toxic Egg 2":14,"Burning Blood":0},{"Gremlin Horn":4,"Shuriken":5,"Bag of Preparation":3,"Champion Belt":1,"Toxic Egg 2":6,"Burning Blood":0},{"Gremlin Horn":14,"Shuriken":20,"Bag of Preparation":10,"Champion Belt":3,"Toxic Egg 2":24,"Burning Blood":0}],"Burning Blood":36},"card_choices":[{"not_picked":["Thunderclap","Pommel Strike"],"picked":"Pummel","floor":1},{"not_picked":["Body Slam","Metallicize"],"picked":"Reaper","floor":3},{"not_picked":["Evolve","Reckless Charge","Havoc"],"picked":"SKIP","floor":4},{"not_picked":["Havoc","Anger","Pommel Strike"],"picked":"SKIP","floor":8},{"not_picked":["Spot Weakness","Clash"],"picked":"Thunderclap","floor":10},{"not_picked":["Wild Strike","Entrench+1","Immolate"],"picked":"SKIP","floor":14}],"player_experience":2186420,"relics_obtained":[{"floor":9,"key":"Gremlin Horn"},{"floor":12,"key":"Shuriken"},{"floor":14,"key":"Toxic Egg 2"}],"event_choices":[{"damage_healed":0,"gold_gain":0,"player_choice":"Box","damage_taken":0,"relics_obtained":["Bag of Preparation"],"max_hp_gain":0,"max_hp_loss":0,"event_name":"Big Fish","floor":5,"gold_loss":0,"cards_obtained":["Regret"]},{"cards_removed":["Regret"],"damage_healed":0,"gold_gain":0,"player_choice":"Forget","damage_taken":0,"max_hp_gain":0,"max_hp_loss":0,"event_name":"Living Wall","floor":7,"gold_loss":0}],"is_beta":false,"boss_relics":[],"items_purged_floors":[],"is_endless":false,"potions_floor_spawned":[3,14],"killed_by":"Hexaghost","ascension_level":19}}