{"host":"0uumfqrc8aynrssa","time":1609888734,"event":{"mods":["AchievementEnabler","Act Like it!","Aspiration","Astrologer","BaseMod","Better Altar","Better Match","Better Note","Better Sensory Stone","Better Skull","Better Third Choice","Better Vampires","CapriCore","Colored Map","Colored Powertips","Conspire","Downfall","Energized Spire","Friendly Minions","Gensokyo","GifTheSpireLib","Hallownest","Hermit","Highlight Path","Hubris","Infinite Spire","Koishi","Marisa????????","Marked Mod","Minty Spire (QoL Compilation)","Pale of the Ancients","Permanent Neow","Potionbrewer","Random Character Button","Rare Cards Sparkle","Reimu??????","Relic Sorter","Remilia??????","Replay The Spire","Robot Space Explorer","Shop Mod","Somnambulant","Spicy Shops","Spikes Relics","StSLib","Stuff the Spire","The Animator","The Awakened One except there are too many feathers","The Bug Knight","The Cursed","The Hierophant","The Immortal","The Marked","The Problem Sleuth","The Runesmith","The Servant 0.9.4","TheBandit","TheFirefly","Trackpad","Wandering Minibosses","everything is the same but u backflip on backflip","slay the spire mod where everything is the same but ironclad has a cowboy hat","vexMod"],"gold_per_floor":[118,138,138,149,169,169,22,32,102,102,2,27,27,60,60,165,165,176,187,112,112,127,173,192,208,208,208,208,208,226,226,226,328,328,346,366,376,376,395,395,259,259,259,8,8,39,55,72,72,72,89,108,108,33,33,47,47,47,47,47],"floor_reached":61,"playtime":6856,"items_purged":["Strike_S+1"],"score":1635,"play_id":"aa70ab5e-286a-4d51-907a-6cfe4f5e8425","local_time":"20210105181854","is_ascension_mode":false,"campfire_choices":[{"floor":6.0,"key":"REST"},{"data":"ShatteredReality","floor":15.0,"key":"SMITH"},{"data":"Replace","floor":29.0,"key":"SMITH"},{"floor":32.0,"key":"RECALL"},{"data":"Replace","floor":40,"key":"SMITH"},{"data":"Replace","floor":42,"key":"SMITH"},{"data":"Replace","floor":49,"key":"SMITH"},{"floor":55,"key":"REST"},{"data":"Barrier","floor":57,"key":"SMITH"}],"circlet_count":0,"master_deck":["Strike_S+1","Strike_S+1","Strike_S+1","Defend_S","Defend_S","Defend_S+1","Defend_S+1","KidneyShot+1","Exchange+1","Replace+1","ShatteredReality+1","InstantArmor","Replace+1","Dilation+1","Replace+1","Deny+1","Replace","Foresight+1","Defy+1","Replace","ShiftingGears+1","ShatteredReality+1","Defy+1","Replace+1","Replace+1","Replace+1","Barrier+1"],"relics":["Uniform","aspiration:Nostalgia","potionbrewer:PotionKit","hubris:TenFootPole","StuffTheSpire:OldFever","RetroEgg","Ring of Fury","Ring of Peace","conspire:BottledYoYo","conspire:TopHat","LugNut","potionbrewer:RamsHorn","Gensokyo:Companionship","conspire:GlowingRock","SacredBark","Centennial Puzzle","trackpad:AdjectivePendant","Omamori","Gensokyo:ConquerorOfFear","RedLine:ReiMu","hubris:Towel","trackpad:BottledTsunami","HollowMod:StagPassRelic","Thread and Needle","paleoftheancients:Timepiece","paleoftheancients:KeyRelic","Ice Cream","Letter Opener","paleoftheancients:SoulOfTheSilent","Bottled Lightning"],"acts_visited":["Gensokyo:Gensokyo","Gensokyo:Gensokyoer","Gensokyo:Gensokyoest","paleoftheancients:PaleOfTheAncients"],"potions_floor_usage":[48,50,51,52,60,60,60,60,60,60,60,60],"damage_taken":[{"damage":5.0,"enemies":"Gensokyo:3_Fairies","floor":1.0,"turns":4.0},{"damage":0.0,"enemies":"Gensokyo:Gryphon","floor":2.0,"turns":4.0},{"damage":0.0,"enemies":"Gensokyo:Python","floor":4.0,"turns":2.0},{"damage":0.0,"enemies":"Gensokyo:2_Rabbits","floor":5.0,"turns":5.0},{"damage":3.0,"enemies":"Gensokyo:5_Fairies","floor":8.0,"turns":5.0},{"damage":0.0,"enemies":"Gensokyo:Cirno","floor":12.0,"turns":5.0},{"damage":0.0,"enemies":"Gensokyo:Aya","floor":14.0,"turns":6.0},{"damage":0.0,"enemies":"Gensokyo:Reimu","floor":16.0,"turns":5.0},{"damage":0.0,"enemies":"Gensokyo:2_Gloops","floor":18.0,"turns":2.0},{"damage":0.0,"enemies":"Gensokyo:Chomper","floor":19.0,"turns":3.0},{"damage":0.0,"enemies":"Gensokyo:Wraith","floor":22.0,"turns":4.0},{"damage":0.0,"enemies":"Gensokyo:Reisen","floor":23.0,"turns":4.0},{"damage":0.0,"enemies":"Gensokyo:Slime_Group","floor":24.0,"turns":3.0},{"damage":0.0,"enemies":"Gensokyo:Mirror_and_Dog","floor":25.0,"turns":2.0},{"damage":18.0,"enemies":"Gensokyo:Chomper_and_Gloop","floor":30.0,"turns":4.0},{"damage":0.0,"enemies":"Gensokyo:Eiki","floor":33.0,"turns":5.0},{"damage":0.0,"enemies":"Gensokyo:3_Bats","floor":35.0,"turns":2.0},{"damage":0.0,"enemies":"Gensokyo:3_Boulders","floor":36.0,"turns":2.0},{"damage":0.0,"enemies":"Gensokyo:AtlasGolem","floor":37.0,"turns":4.0},{"damage":0,"enemies":"Gensokyo:Dusk_and_Dawn","floor":39,"turns":3},{"damage":18,"enemies":"Gensokyo:Marisa","floor":46,"turns":2},{"damage":0,"enemies":"Gensokyo:3_Boulders","floor":47,"turns":3},{"damage":0,"enemies":"Gensokyo:Sharpion","floor":48,"turns":3},{"damage":0,"enemies":"Gensokyo:Shinki","floor":50,"turns":7},{"damage":15,"enemies":"Gensokyo:Shinki","floor":51,"turns":4},{"damage":2,"enemies":"Gensokyo:Shinki","floor":52,"turns":4},{"damage":2,"enemies":"Gensokyo:Shinki","floor":56,"turns":8},{"damage":14,"enemies":"paleoftheancients:N","floor":60,"turns":7}],"seed_played":"-4256070437690827458","potions_obtained":[{"floor":1.0,"key":"potionbrewer:EndurancePotion"},{"floor":5.0,"key":"potionbrewer:CleansingPotion"},{"floor":12.0,"key":"MagicPotion:ReiMu"},{"floor":16.0,"key":"potionbrewer:MidasPotion"},{"floor":22.0,"key":"Regen Potion"},{"floor":23.0,"key":"Weak Potion"},{"floor":33.0,"key":"Weak Potion"},{"floor":39,"key":"PowerPotion"},{"floor":48,"key":"potionbrewer:AcidPotion"},{"floor":52,"key":"potionbrewer:SplittingPotion"},{"floor":56,"key":"Ancient Potion"}],"is_trial":false,"path_per_floor":["M","M","?","M","M","R","COS","M","T","?","?","E","T","?","R","B",null,"M","M","?","?","M","E","M","M","T","?","?","R","M","?","R","B",null,"M","M","M","?","M","R","COS","R","T","$","?","E","M","M","R","B","M","M","?","$","R","M","R","T","?","B",null],"character_chosen":"THE_SERVANT","items_purchased":["trackpad:BottledTsunami"],"campfire_rested":2,"item_purchase_floors":[44],"current_hp_per_floor":[60,60,29,29,29,48,48,45,45,45,45,45,45,45,45,45,65,65,65,65,43,43,43,43,43,43,43,43,43,25,32,32,65,65,65,65,65,65,65,65,65,65,65,65,65,47,47,47,47,65,58,62,13,13,32,49,49,49,49,53],"gold":47,"neow_bonus":"NOSTALGIA","is_daily":false,"chose_seed":false,"campfire_upgraded":6,"win_rate":0.0,"timestamp":1609888734,"path_taken":["M","M","?","M","?","R","COS","M","T","?","?","E","?","?","R","BOSS","M","M","?","?","M","E","M","?","T","?","?","R","M","?","R","BOSS","M","?","?","?","M","R","COS","R","T","$","?","E","M","M","R","BOSS","M","M","?","$","R","M","R","T","?","BOSS"],"items_purchased_type":["Relic"],"build_version":"2020-12-22","purchased_purges":1,"victory":true,"max_hp_per_floor":[65,65,65,65,65,65,65,65,65,65,65,65,65,65,65,65,65,65,65,65,65,65,65,65,65,65,65,65,65,65,65,65,65,65,65,65,65,65,65,65,65,65,65,65,65,65,65,65,65,65,65,65,65,65,65,65,65,65,65,65],"card_choices":[{"not_picked":["SpecialFormula","Deadline"],"picked":"Replace","floor":1.0},{"not_picked":["Revamp","FastForward"],"picked":"ShatteredReality","floor":2.0},{"not_picked":["Advance","Replace"],"picked":"InstantArmor","floor":4.0},{"not_picked":["Manipulate","Ricochet"],"picked":"Replace","floor":5.0},{"not_picked":["Gouge","Starlight","Moondial"],"picked":"SKIP","floor":8.0},{"not_picked":["DoubleEdge","Alleviate"],"picked":"Dilation","floor":12.0},{"not_picked":["Unruled","Revamp"],"picked":"Replace","floor":14.0},{"not_picked":["Sunlight","Duplication"],"picked":"Deny","floor":16.0},{"not_picked":["Revamp+1","Rewind"],"picked":"Replace","floor":18.0},{"not_picked":["Unruled","Rewind","Moondial"],"picked":"SKIP","floor":19.0},{"not_picked":["Alleviate","SoulSculpture"],"picked":"Foresight+1","floor":22.0},{"not_picked":["BestPractice+1","Revamp","TimeWarp+1"],"picked":"SKIP","floor":23.0},{"not_picked":["FastForward","Rearm+1"],"picked":"Defy","floor":24.0},{"not_picked":["Moondial","Advance+1"],"picked":"Replace","floor":25.0},{"not_picked":["Ricochet","Gouge+1","Sabotage"],"picked":"SKIP","floor":30.0},{"not_picked":["Hightail","Revamp"],"picked":"ShiftingGears","floor":35.0},{"not_picked":["Spin+1","Shuttle"],"picked":"ShatteredReality+1","floor":36.0},{"not_picked":["Revamp+1","DoubleEdge"],"picked":"Defy+1","floor":37.0},{"not_picked":["Rearm+1","Shuttle+1"],"picked":"Replace","floor":39},{"not_picked":["Revamp","FastForward"],"picked":"Replace+1","floor":46},{"not_picked":["Shuttle+1","Orbit+1","Reset+1"],"picked":"SKIP","floor":47},{"not_picked":["ShatteredReality+1","SurpressingFire+1"],"picked":"Replace+1","floor":48},{"not_picked":["BottledTime","Unruled","ShiftingGears"],"picked":"SKIP","floor":51},{"not_picked":["WasteNot+1","Rewind","Sabotage"],"picked":"SKIP","floor":52},{"not_picked":["Alleviate+1","TimeWarp+1"],"picked":"Barrier","floor":56}],"player_experience":896086,"relics_obtained":[{"floor":9.0,"key":"RetroEgg"},{"floor":10.0,"key":"Ring of Fury"},{"floor":10.0,"key":"Ring of Peace"},{"floor":12.0,"key":"LugNut"},{"floor":13.0,"key":"potionbrewer:RamsHorn"},{"floor":14.0,"key":"conspire:GlowingRock"},{"floor":26.0,"key":"Omamori"},{"floor":30.0,"key":"Gensokyo:ConquerorOfFear"},{"floor":46,"key":"HollowMod:StagPassRelic"},{"floor":52,"key":"paleoftheancients:SoulOfTheSilent"},{"floor":58,"key":"Bottled Lightning"}],"event_choices":[{"damage_healed":0.0,"max_hp_gain":0.0,"max_hp_loss":0.0,"gold_gain":0.0,"event_name":"betterSkull:BetterSkull","player_choice":"RE UP RE UP ","floor":3.0,"gold_loss":0.0,"damage_taken":59.0,"cards_upgraded":["Defend_S","KidneyShot"],"relics_obtained":["hubris:TenFootPole","StuffTheSpire:OldFever"]},{"damage_healed":0.0,"max_hp_gain":0.0,"max_hp_loss":0.0,"gold_gain":0.0,"event_name":"betterMatch:BetterMatch","player_choice":"3","floor":20.0,"gold_loss":0.0,"damage_taken":0.0,"cards_obtained":[]},{"damage_healed":0.0,"max_hp_gain":0.0,"max_hp_loss":0.0,"gold_gain":0.0,"event_name":"betterSkull:BetterSkull","player_choice":"UP UP RE RE ","floor":21.0,"gold_loss":0.0,"damage_taken":55.0,"cards_upgraded":["Strike_S","Deny"],"relics_obtained":["Centennial Puzzle","trackpad:AdjectivePendant"]},{"damage_healed":0,"gold_gain":0,"player_choice":"UP UP UP UP UP UP UP ","damage_taken":120,"relics_obtained":[],"max_hp_gain":0,"max_hp_loss":0,"event_name":"betterSkull:BetterSkull","floor":53,"gold_loss":0,"cards_upgraded":["Defend_S","Strike_S","Strike_S","Defy","Exchange","Strike_S","ShiftingGears"]}],"is_beta":false,"boss_relics":[{"not_picked":["vexMod:BigBerry","Sozu"],"picked":"SacredBark"},{"not_picked":["ReplayTheSpireMod:DimensionalGlitch","hubris:TerracottaHorce"],"picked":"RedLine:ReiMu"}],"items_purged_floors":[54],"is_endless":false,"potions_floor_spawned":[1,5,12,16,22,23,25,33,39,47,48,52,56],"ascension_level":0}}