{"host":"ig7tc0uedzltt2sr","time":1609822420,"event":{"mods":["BaseMod","Better Twitch Integration","Block Reminder","Colored Map","Colored Powertips","Communication Mod","Current Relic Mod","GifTheSpireLib","HexUI Lib","Minty Spire (QoL Compilation)","Quick Restart","Random Character Button","Rare Cards Sparkle","Relic Sorter","Relic Stats","Slay the Relics Exporter","StSLib","SuperFastMode","Synergy Search","Twitch Decklist","Twitch Utils","everything is the same but u backflip on backflip","slay the spire mod where everything is the same but ironclad has a cowboy hat"],"gold_per_floor":[110,110,128,139,150,176,176,189,189,203,213,213,213,230,230,230,230],"floor_reached":16,"playtime":146,"items_purged":[],"score":106,"play_id":"23265f06-713c-45be-814b-d5c47e1cbecb","local_time":"20210104205340","is_ascension_mode":false,"campfire_choices":[{"data":"Strike_R","floor":7,"key":"SMITH"},{"data":"Bash","floor":12,"key":"SMITH"},{"data":"Defend_R","floor":15,"key":"SMITH"}],"circlet_count":0,"master_deck":["Strike_R+1","Strike_R+1","Strike_R","Strike_R","Strike_R","Defend_R+1","Defend_R","Defend_R","Defend_R","Bash+1","Anger","Metallicize","Anger+1","Cleave","Dark Embrace","Power Through","Combust","Intimidate","Demon Form"],"relics":["Burning Blood","Torii","Whetstone"],"acts_visited":["Exordium"],"potions_floor_usage":[],"damage_taken":[{"damage":9,"enemies":"2 Louse","floor":1,"turns":3},{"damage":1,"enemies":"Small Slimes","floor":3,"turns":5},{"damage":9,"enemies":"Jaw Worm","floor":4,"turns":9},{"damage":2,"enemies":"Lots of Slimes","floor":5,"turns":7},{"damage":35,"enemies":"Gremlin Nob","floor":6,"turns":6},{"damage":7,"enemies":"Large Slime","floor":8,"turns":7},{"damage":11,"enemies":"Gremlin Gang","floor":10,"turns":6},{"damage":0,"enemies":"Lots of Slimes","floor":11,"turns":2},{"damage":9,"enemies":"Blue Slaver","floor":14,"turns":7},{"damage":85,"enemies":"The Guardian","floor":16,"turns":12}],"seed_played":"5226176012323474325","potions_obtained":[{"floor":4,"key":"AttackPotion"},{"floor":6,"key":"LiquidMemories"},{"floor":8,"key":"Energy Potion"},{"floor":10,"key":"DistilledChaos"}],"is_trial":false,"path_per_floor":["M","?","M","M","M","E","R","M","T","M","M","R","?","M","R","B"],"character_chosen":"IRONCLAD","items_purchased":[],"campfire_rested":0,"item_purchase_floors":[],"current_hp_per_floor":[85,82,87,84,88,59,59,58,58,53,59,59,88,85,85,0,0],"gold":230,"neow_bonus":"TEN_PERCENT_HP_BONUS","is_daily":false,"chose_seed":false,"campfire_upgraded":3,"win_rate":0.0,"timestamp":1609822420,"path_taken":["M","?","M","M","M","E","R","M","T","M","M","R","?","M","R","BOSS"],"items_purchased_type":[],"build_version":"2020-12-22","purchased_purges":0,"victory":false,"max_hp_per_floor":[88,88,88,88,88,88,88,88,88,88,88,88,88,88,88,88,88],"relic_stats":{"Torii":33,"counters":[10,64],"Whetstone":["Strike_R","Anger"],"obtain_stats":[{"Torii":2,"Whetstone":6,"Burning Blood":0},{"Torii":1,"Whetstone":5,"Burning Blood":0},{"Torii":3,"Whetstone":30,"Burning Blood":0}],"Burning Blood":54},"card_choices":[{"not_picked":["Sword Boomerang","Thunderclap"],"picked":"Anger","floor":1},{"not_picked":["Twin Strike","Evolve"],"picked":"Metallicize","floor":3},{"not_picked":["Sword Boomerang","Headbutt"],"picked":"Anger","floor":4},{"not_picked":["Heavy Blade","Body Slam"],"picked":"Cleave","floor":5},{"not_picked":["Entrench","Flex"],"picked":"Dark Embrace","floor":6},{"not_picked":["Sword Boomerang","Whirlwind"],"picked":"Power Through","floor":8},{"not_picked":["Havoc","Twin Strike"],"picked":"Combust","floor":10},{"not_picked":["Bloodletting","Flex"],"picked":"Intimidate","floor":11},{"not_picked":["Seeing Red","Flex"],"picked":"Demon Form","floor":14}],"player_experience":1423356,"relics_obtained":[{"floor":6,"key":"Whetstone"}],"event_choices":[{"damage_healed":0,"gold_gain":0,"player_choice":"Success","damage_taken":3,"relics_obtained":["Torii"],"max_hp_gain":0,"max_hp_loss":0,"event_name":"Scrap Ooze","floor":2,"gold_loss":0},{"damage_healed":29,"gold_gain":0,"player_choice":"Banana","damage_taken":0,"max_hp_gain":0,"max_hp_loss":0,"event_name":"Big Fish","floor":13,"gold_loss":0}],"is_beta":false,"boss_relics":[],"items_purged_floors":[],"is_endless":false,"potions_floor_spawned":[4,6,8,10],"killed_by":"The Guardian","ascension_level":0}}