{"host":"ec2wu4mdnvke243f","time":1609884563,"event":{"mods":["2.2 Compatiblity","AchievementEnabler","BaseMod","Defuse TimeMaze Blight","Downfall","Hermit","Infinite Spire","Minty Spire (QoL Compilation)","StSLib","The Cursed","The Disciple","The Jungle","The Servant 0.9.4"],"gold_per_floor":[112,112,112,112,126,162,195,175,175,175,135,135,202,233,233,374,374,396,396,350,350,352,406,410,410],"floor_reached":24,"playtime":1057,"items_purged":[],"score":251,"play_id":"8f7ca34d-5926-4703-a3a5-08838eafb75b","local_time":"20210105230923","daily_mods":["Colorless Cards","Flight"],"is_ascension_mode":false,"campfire_choices":[{"floor":15,"key":"REST"}],"circlet_count":0,"master_deck":["hermit:Strike_Hermit","hermit:Strike_Hermit","hermit:Strike_Hermit","hermit:Strike_Hermit","hermit:Defend_Hermit","hermit:Defend_Hermit","hermit:Defend_Hermit","hermit:Defend_Hermit","hermit:Snapshot","hermit:Covet","hermit:GoldenBullet","Injury","hermit:Misfire","hermit:BlackWind","hermit:Feint","hermit:GoldenBullet","Metamorphosis","Violence","hermit:Grudge","hermit:Ricochet","Jack Of All Trades"],"relics":["hermit:Momento","Golden Idol","infinitespire:FocusingShard","HornCleat","Pen Nib","Juzu Bracelet","infinitespire:Midas Blood","SlaversCollar","infinitespire:Bottled Soul","infinitespire:WardingShard"],"acts_visited":["Exordium","Exordium"],"potions_floor_usage":[16,16],"damage_taken":[{"damage":0,"enemies":"Cultist","floor":1,"turns":3},{"damage":6,"enemies":"Jaw Worm","floor":5,"turns":4},{"damage":42,"enemies":"Lagavulin","floor":6,"turns":7},{"damage":0,"enemies":"Gremlin Nob","floor":7,"turns":3},{"damage":4,"enemies":"Lagavulin","floor":14,"turns":3},{"damage":32,"enemies":"Hexaghost","floor":16,"turns":9},{"damage":8,"enemies":"theJungle:MUSHROOMGANG","floor":18,"turns":4},{"damage":48,"enemies":"theJungle:Cassacara","floor":23,"turns":8},{"damage":19,"enemies":"theJungle:2_Phrogs","floor":24,"turns":3}],"seed_played":"-5630633998743132035","potions_obtained":[{"floor":1,"key":"hermit:BlackBile"},{"floor":7,"key":"DuplicationPotion"},{"floor":8,"key":"SpeedPotion"}],"is_trial":true,"path_per_floor":["M","?","?","T","M","E","E","?","T","?","$","?","?","E","R","B",null,"M","?","$","?","?","E","E"],"character_chosen":"HERMIT","items_purchased":["hermit:GoldenBullet","hermit:Ricochet"],"campfire_rested":1,"item_purchase_floors":[11,20],"current_hp_per_floor":[75,80,80,80,74,32,32,32,32,32,32,24,24,20,44,12,80,72,72,72,72,67,19,0,0],"gold":410,"neow_bonus":"","is_daily":false,"chose_seed":false,"campfire_upgraded":0,"win_rate":0.0,"timestamp":1609884563,"path_taken":["M","?","?","?","?","E","E","?","T","?","?","?","?","E","R","BOSS","M","?","?","?","?","E","E"],"items_purchased_type":["Card","Card"],"build_version":"2020-12-22","purchased_purges":0,"victory":false,"max_hp_per_floor":[75,80,80,80,80,80,80,80,80,80,80,80,80,80,80,80,80,80,80,80,80,85,85,85,85],"card_choices":[{"not_picked":["hermit:HighCaliber","hermit:BodyArmor"],"picked":"hermit:GoldenBullet","floor":1},{"not_picked":["expansioncontent:GoopSpray","hermit:Virtue"],"picked":"hermit:Misfire","floor":5},{"not_picked":["hermit:Roulette","hermit:Enervate"],"picked":"hermit:BlackWind","floor":6},{"not_picked":["hermit:Gambit","hermit:WideOpen"],"picked":"hermit:Feint","floor":7},{"not_picked":["expansioncontent:DecasProtection","hermit:Glare"],"picked":"Metamorphosis","floor":14},{"not_picked":["hermit:BlackWind","hermit:Purgatory"],"picked":"Violence","floor":16},{"not_picked":["hermit:WideOpen","hermit:Coalescence"],"picked":"hermit:Grudge","floor":18},{"not_picked":["hermit:LowProfile","hermit:Dive"],"picked":"Jack Of All Trades","floor":23}],"player_experience":561939,"relics_obtained":[{"floor":4,"key":"infinitespire:FocusingShard"},{"floor":6,"key":"HornCleat"},{"floor":7,"key":"Pen Nib"},{"floor":9,"key":"Juzu Bracelet"},{"floor":14,"key":"infinitespire:Midas Blood"},{"floor":19,"key":"infinitespire:Bottled Soul"},{"floor":23,"key":"infinitespire:WardingShard"}],"event_choices":[{"damage_healed":0,"gold_gain":0,"player_choice":"Donut","damage_taken":0,"max_hp_gain":5,"max_hp_loss":0,"event_name":"Big Fish","floor":2,"gold_loss":0},{"damage_healed":0,"gold_gain":0,"player_choice":"Take Wound","damage_taken":0,"relics_obtained":["Golden Idol"],"max_hp_gain":0,"max_hp_loss":0,"event_name":"Golden Idol","floor":3,"gold_loss":0,"cards_obtained":["Injury"]},{"damage_healed":0,"gold_gain":0,"player_choice":"Bought 1 Potion","damage_taken":0,"max_hp_gain":0,"max_hp_loss":0,"event_name":"The Woman in Blue","floor":8,"gold_loss":0},{"damage_healed":0,"gold_gain":0,"player_choice":"Ignored","damage_taken":0,"max_hp_gain":0,"max_hp_loss":0,"event_name":"NoteForYourself","floor":10,"gold_loss":0},{"damage_healed":0,"gold_gain":0,"player_choice":"Damaged","damage_taken":8,"max_hp_gain":0,"max_hp_loss":0,"event_name":"Wheel of Change","floor":12,"gold_loss":0},{"damage_healed":0,"gold_gain":67,"player_choice":"Gained Gold","damage_taken":0,"max_hp_gain":0,"max_hp_loss":0,"event_name":"Golden Wing","floor":13,"gold_loss":0},{"damage_healed":0,"gold_gain":0,"player_choice":"Relic","damage_taken":0,"max_hp_gain":0,"max_hp_loss":0,"event_name":"Wheel of Change","floor":19,"gold_loss":0}],"is_beta":false,"boss_relics":[{"not_picked":["Runic Dome","SacredBark"],"picked":"SlaversCollar"}],"items_purged_floors":[],"is_endless":false,"potions_floor_spawned":[1,7],"killed_by":"theJungle:2_Phrogs","ascension_level":0}}