{"host":"oy4pyvr762z5n0bb","time":1609827799,"event":{"mods":["AchievementEnabler","BaseMod","Colored Map","Colored Powertips","Googly Eyes","Key Reminder","Minty Spire (QoL Compilation)","Quick Restart","Relic Sorter","StSLib","SuperFastMode","Unceasing Turn Reminder","slay the spire mod where everything is the same but ironclad has a cowboy hat"],"gold_per_floor":[117,49,124,137,137,137,166,166,220,220,289,324,374,390,390,390,390],"floor_reached":16,"playtime":183,"items_purged":[],"score":180,"play_id":"ed126f89-4a9f-419a-b736-2785f8f3534b","local_time":"20210104222319","is_ascension_mode":true,"campfire_choices":[{"data":"Noxious Fumes","floor":6,"key":"SMITH"},{"data":"Deadly Poison","floor":8,"key":"SMITH"},{"data":"Deadly Poison","floor":10,"key":"SMITH"},{"data":"Catalyst","floor":15,"key":"SMITH"}],"circlet_count":0,"master_deck":["Strike_G","Strike_G","Strike_G","Strike_G","Strike_G","Defend_G","Defend_G","Defend_G","Defend_G","Defend_G","Survivor","Neutralize","Deadly Poison+1","Noxious Fumes+1","Dagger Spray","Deadly Poison+1","Noxious Fumes","Catalyst+1"],"relics":["Ring of the Snake","NeowsBlessing","SsserpentHead","Lantern","Nunchaku","Anchor"],"acts_visited":["Exordium"],"potions_floor_usage":[],"damage_taken":[{"damage":0,"enemies":"2 Louse","floor":1,"turns":1},{"damage":0,"enemies":"Small Slimes","floor":4,"turns":1},{"damage":0,"enemies":"3 Sentries","floor":7,"turns":1},{"damage":0,"enemies":"Cultist","floor":11,"turns":3},{"damage":7,"enemies":"Lagavulin","floor":12,"turns":6},{"damage":4,"enemies":"Blue Slaver","floor":14,"turns":3},{"damage":44,"enemies":"Slime Boss","floor":16,"turns":4}],"seed_played":"3697941660988621092","potions_obtained":[{"floor":4,"key":"Swift Potion"},{"floor":11,"key":"Dexterity Potion"},{"floor":13,"key":"BlessingOfTheForge"},{"floor":13,"key":"SteroidPotion"}],"is_trial":false,"path_per_floor":["M","$","?","M","?","R","E","R","T","R","M","E","?","M","R","B"],"character_chosen":"THE_SILENT","items_purchased":["Noxious Fumes"],"campfire_rested":0,"item_purchase_floors":[2],"current_hp_per_floor":[63,63,52,52,52,52,52,52,52,52,52,45,45,41,41,0,0],"gold":390,"neow_bonus":"THREE_ENEMY_KILL","is_daily":false,"chose_seed":false,"campfire_upgraded":4,"win_rate":0.0,"timestamp":1609827799,"path_taken":["M","$","?","M","?","R","E","R","T","R","?","E","?","M","R","BOSS"],"items_purchased_type":["Card"],"build_version":"2020-12-22","purchased_purges":0,"victory":false,"max_hp_per_floor":[70,70,70,70,70,70,70,70,70,70,70,70,70,70,70,70,70],"card_choices":[{"not_picked":["Outmaneuver","Infinite Blades"],"picked":"Deadly Poison","floor":1},{"not_picked":["Tactician","Underhanded Strike"],"picked":"Dagger Spray","floor":4},{"not_picked":["Adrenaline","Backflip"],"picked":"Deadly Poison","floor":7},{"not_picked":["All Out Attack","Prepared"],"picked":"Noxious Fumes","floor":11},{"not_picked":["Endless Agony","Choke","Storm of Steel"],"picked":"SKIP","floor":12},{"not_picked":["PiercingWail","Bane"],"picked":"Catalyst","floor":14}],"player_experience":633725,"relics_obtained":[{"floor":7,"key":"Lantern"},{"floor":9,"key":"Nunchaku"},{"floor":12,"key":"Anchor"}],"event_choices":[{"damage_healed":0,"gold_gain":75,"player_choice":"Gather Gold","damage_taken":11,"max_hp_gain":0,"max_hp_loss":0,"event_name":"World of Goop","floor":3,"gold_loss":0},{"damage_healed":0,"gold_gain":0,"player_choice":"Trade","damage_taken":0,"relics_obtained":["SsserpentHead"],"max_hp_gain":0,"max_hp_loss":0,"event_name":"FaceTrader","floor":5,"gold_loss":0},{"damage_healed":0,"gold_gain":0,"player_choice":"Got Potions","damage_taken":0,"max_hp_gain":0,"max_hp_loss":0,"event_name":"Lab","floor":13,"gold_loss":0}],"is_beta":false,"boss_relics":[],"items_purged_floors":[],"is_endless":false,"potions_floor_spawned":[4,11,14],"killed_by":"Slime Boss","ascension_level":7}}