{"host":"61ejhfsushs0xmcl","time":1609846975,"event":{"mods":["ATMod(阿瑾Mod)","Act Like it!","BaseMod","Colored Map","Gensokyo","Gold Saver","Koishi","Minty Spire (QoL Compilation)","MostiFishMod","Pale of the Ancients","Reimu（博丽灵梦）","Spicy Shops","StSLib","TestMod","Waifu the Spire","【遗物卡牌】REMEMod","篝火指南"],"gold_per_floor":[2144,1661,1672,1512,1512,1512,1512,1437,1437,1466,1466,1466,719,785,257,722,722,754,1110,1296,1496,895,1531,1531,1788,1815,1854,1879,2321,2674,3024,2244,2351,2351,3134,3134,3160,3160,3602,3999,3999,4038,4038,3350,3379,2838,2218,2829,2100,3185,3227,3296,3696,2631,2047,2852,2437,1647,1647,1793],"floor_reached":61,"playtime":2813,"items_purged":["Koishi:BasicStrike","Koishi:BasicStrike","Koishi:BasicStrike","Gensokyo:AllTheWorldsEvil","Koishi:BasicDefend","Koishi:BasicDefend","Koishi:BasicDefend","Koishi:Provoke+1","AT_EmpoweredMortalDraw+1","Koishi:HauntingSlash+1","Koishi:LastRemote+1","Koishi:IdleWhim","Koishi:SuperEgo","Koishi:SubconsciousSweep","Koishi:MassHysteria"],"score":1969,"play_id":"3e1da96a-c490-45d0-b479-3782d2648034","local_time":"20210105194255","is_ascension_mode":true,"campfire_choices":[{"data":"AT_EmpoweredMortalDraw","floor":6.0,"key":"SMITH"},{"data":"Koishi:HeartAttack","floor":11.0,"key":"SMITH"},{"data":"Koishi:ReleaseOfTheId","floor":24.0,"key":"SMITH"},{"floor":41,"key":"RECALL"}],"circlet_count":0,"master_deck":["Koishi:HeartAttack+1","Koishi:HeartAttack","Koishi:ReleaseOfTheId+1","Koishi:Heartbroken","Koishi:HeartAttack","Koishi:RorschachInDanmaku+1","Koishi:Whimsy+1","Koishi:ReflexRadar","Koishi:SprinkleStarAndHeart","Koishi:ReleaseOfTheId+1","Koishi:FreudianInstinct","Koishi:ReflexRadar+1","Koishi:IdleWhim+1","Koishi:FreudianInstinct","Koishi:HeartAttack","Koishi:ReleaseOfTheId+1"],"relics":["Koishi:ImaginaryFriend","testmod-TestBox","AT_ATBox","REME_ComplimentaryCards","testmod-EqualTreatment","Technique","SynthV:TestCard","Chemical X","REME_CardOfGreed","Enchiridion","Gensokyo:OccultBall","REME_ArchaeologicalTools","AT_RabadonDeathcap","REME_LimitBreaker","Mastiff:ReiMu","Oddly Smooth Stone","Meat on the Bone","Orrery","DianDianMeat","REME_DemonsWealth","Koishi:BloodstainedWhiteRose","Lee\u0027s Waffle","AT_BladeRuinedKing","AT_SpeedBoots","Gremlin Horn","AT_SeraphEmbrace","AT_ImmortalShieldbow","Blue Candle","AT_Kusabimaru","DianPoetry","AT_ChloranthyRing","Lantern","ClockworkSouvenir","testmod-IncinerationGenerator","Gensokyo:TheCrow","Eternal Feather","Dream Catcher","Kunai","AT_GuinsooRageblade","Mummified Hand","Anchor","OriginationStaff","TentaclePot:ReiMu","InkBottle","Membership Card","Koishi:TeethAndClaws","Centennial Puzzle","AT_MibuBalloonWealth","Boot","Medical Kit","Nunchaku","testmod-OneHitWonder","OrangePellets","testmod-Hope","paleoftheancients:Timepiece","paleoftheancients:KeyRelic","Bronze Scales","Pen Nib","Vajra","DollysMirror","Bottled Lightning","MetatronsCube","BrkXgEgg","AT_RedNoBalance","Happy Flower","StrikeDummy","paleoftheancients:SoulOfTheShrineMaiden","Sundial","Dodecahedron","Strawberry","Bottled Flame","AT_ForceNature","Mercury Hourglass","AT_SilvercatRing","Dead Branch"],"acts_visited":["Exordium","Gensokyo:Gensokyo","Gensokyo:Gensokyoer","Gensokyo:Gensokyoest"],"potions_floor_usage":[40,60,60],"damage_taken":[{"damage":0.0,"enemies":"Gensokyo:Python","floor":1.0,"turns":3.0},{"damage":11.0,"enemies":"Gensokyo:2_Kodama","floor":3.0,"turns":3.0},{"damage":22.0,"enemies":"Gensokyo:Aya","floor":10.0,"turns":4.0},{"damage":0.0,"enemies":"Gensokyo:3_Fairies","floor":14.0,"turns":2.0},{"damage":13.0,"enemies":"Gensokyo:Yukari","floor":16.0,"turns":11.0},{"damage":0.0,"enemies":"Gensokyo:2_Gloops","floor":18.0,"turns":2.0},{"damage":33.0,"enemies":"Gensokyo:Chomper","floor":19.0,"turns":2.0},{"damage":37.0,"enemies":"Gensokyo:Wraith","floor":20.0,"turns":2.0},{"damage":59.0,"enemies":"Gensokyo:Koishi","floor":23.0,"turns":2.0},{"damage":36.0,"enemies":"Gensokyo:Reisen","floor":25.0,"turns":3.0},{"damage":0.0,"enemies":"Gensokyo:Koishi","floor":27.0,"turns":2.0},{"damage":0.0,"enemies":"Gensokyo:Mirror_and_Dog","floor":28.0,"turns":2.0},{"damage":30.0,"enemies":"Gensokyo:Reisen","floor":29.0,"turns":5.0},{"damage":25.0,"enemies":"Gensokyo:Reisen","floor":30.0,"turns":2.0},{"damage":33.0,"enemies":"Gensokyo:Slime_Group","floor":31.0,"turns":2.0},{"damage":2.0,"enemies":"Gensokyo:Eternal_Rivals","floor":33.0,"turns":3.0},{"damage":59,"enemies":"Gensokyo:3_Bats","floor":35,"turns":1},{"damage":0,"enemies":"Gensokyo:3_Boulders","floor":37,"turns":2},{"damage":43,"enemies":"Gensokyo:AtlasGolem","floor":39,"turns":2},{"damage":64,"enemies":"Gensokyo:Marisa","floor":40,"turns":2},{"damage":0,"enemies":"Gensokyo:Kasen","floor":42,"turns":2},{"damage":20,"enemies":"Gensokyo:Marisa","floor":45,"turns":2},{"damage":44,"enemies":"Gensokyo:Rafflesia","floor":48,"turns":2},{"damage":96,"enemies":"Gensokyo:Yuyuko","floor":50,"turns":2},{"damage":0,"enemies":"Gensokyo:Yuyuko","floor":51,"turns":2},{"damage":0,"enemies":"Gensokyo:Yuyuko","floor":52,"turns":1},{"damage":55,"enemies":"Gensokyo:Yuyuko","floor":56,"turns":4},{"damage":0,"enemies":"paleoftheancients:N","floor":60,"turns":2}],"seed_played":"4899002497630146338","potions_obtained":[{"floor":3.0,"key":"FairyPotion"},{"floor":14.0,"key":"LiquidBronze"},{"floor":19.0,"key":"FearPotion"},{"floor":25.0,"key":"Fire Potion"},{"floor":29.0,"key":"Swift Potion"},{"floor":40,"key":"DuplicationPotion"}],"is_trial":false,"path_per_floor":["M","COS","M","?","?","R","?","$","T","E","R","?","$","M","R","B",null,"M","M","M","?","$","E","R","E","T","E","M","E","?","M","R","B",null,"M","?","M","?","M","E","R","E","T","$","E","$","R","M","R","B","M","M","?","$","R","M","R","$","?","B",null],"character_chosen":"KOISHI","items_purchased":["AT_RabadonDeathcap","REME_LimitBreaker","Mastiff:ReiMu","Oddly Smooth Stone","Meat on the Bone","Orrery","Koishi:BloodstainedWhiteRose","Lee\u0027s Waffle","AT_BladeRuinedKing","AT_ChloranthyRing","Lantern","ClockworkSouvenir","Koishi:FreudianInstinct","Mummified Hand","Anchor","DuplicationPotion","TentaclePot:ReiMu","InkBottle","Membership Card","Koishi:TeethAndClaws","Centennial Puzzle","AT_MibuBalloonWealth","Boot","Medical Kit","Nunchaku","testmod-OneHitWonder","OrangePellets","testmod-Hope","Koishi:HeartAttack","Koishi:MassHysteria","Pen Nib","Vajra","DollysMirror","Bottled Lightning","MetatronsCube","BrkXgEgg","AT_SilverBalance","Happy Flower","StrikeDummy","Sundial","Dodecahedron","Strawberry","Bottled Flame","AT_ForceNature","Mercury Hourglass","AT_SilvercatRing","Dead Branch"],"campfire_rested":0,"item_purchase_floors":[13,13,13,13,15,15,22,22,22,32,32,32,32,44,44,44,46,46,47,47,47,47,47,49,49,49,49,49,49,49,54,54,54,54,54,55,55,55,55,57,57,57,58,58,58,58,58],"current_hp_per_floor":[44,44,37,37,37,37,37,37,37,17,17,23,23,23,23,39,67,67,34,34,37,79,41,41,20,20,40,61,50,67,54,63,64,118,72,72,86,86,72,55,67,82,82,82,77,77,89,87,128,202,202,202,202,218,218,174,190,190,190,192],"gold":1793,"neow_bonus":"REMOVE_TWO","is_daily":false,"chose_seed":false,"campfire_upgraded":3,"win_rate":0.0,"timestamp":1609846975,"path_taken":["M","COS","M","?","?","R","?","?","T","E","R","?","$","M","R","BOSS","M","M","M","?","$","E","R","E","T","E","M","E","?","M","R","BOSS","M","?","M","?","M","E","R","E","T","$","E","?","R","M","R","BOSS","M","M","?","$","R","M","R","$","?","BOSS"],"items_purchased_type":["Relic","Relic","Relic","Relic","Relic","Relic","Relic","Relic","Relic","Relic","Relic","Relic","Card","Relic","Relic","Potion","Relic","Relic","Relic","Relic","Relic","Relic","Relic","Relic","Relic","Relic","Relic","Relic","Card","Card","Relic","Relic","Relic","Relic","Relic","Relic","Relic","Relic","Relic","Relic","Relic","Relic","Relic","Relic","Relic","Relic","Relic"],"build_version":"2020-12-22","purchased_purges":15,"victory":true,"max_hp_per_floor":[60,60,60,60,60,60,60,60,60,60,60,66,66,66,66,67,67,67,67,69,72,79,83,83,83,83,88,94,94,101,109,118,118,118,128,128,139,139,151,164,164,164,164,164,164,164,164,164,193,202,202,202,202,218,218,218,225,225,225,225],"card_choices":[{"not_picked":["Koishi:BramblyRoseGarden","Koishi:RacingHeart"],"picked":"Koishi:SubconsciousSweep","floor":1.0},{"not_picked":["Koishi:RacingHeart","Koishi:BloodcurdlingScream","Koishi:CatchAndRose","Koishi:SpiritedAway"],"picked":"Koishi:HeartAttack","floor":3.0},{"not_picked":["Koishi:JumpScare","Koishi:Prune","Koishi:DreadfulBlow","Koishi:TremblingHands"],"picked":"Koishi:IdleWhim","floor":5.0},{"not_picked":["Koishi:DreadfulBlow","Koishi:PhantomBarrier","Koishi:SubconsciousSweep","Koishi:ReflexRadar"],"picked":"Koishi:HeartAttack","floor":5.0},{"not_picked":["Koishi:ApparitionsStalkTheNight","Koishi:PhantomBarrier","Koishi:Possession","Koishi:IdleWhim","Koishi:UnseenTerror"],"picked":"SKIP","floor":10.0},{"not_picked":["Koishi:MindStellarRelief","Koishi:RuptureMind","Koishi:HeartStoppingHorror","Koishi:TerrifyingSpectre"],"picked":"Koishi:SuperEgo","floor":14.0},{"not_picked":["Koishi:DNAsFlaw+1","Koishi:BramblyRoseGarden+1","Koishi:EmbersOfLove+1","Koishi:PhantomStrike+1","Koishi:FleetingPhantom+1"],"picked":"SKIP","floor":14.0},{"not_picked":["Koishi:ParalyzingFear","Koishi:CatchAndRose","Koishi:HeartfeltFancy","Koishi:FormlessExistence","Koishi:FourthEye"],"picked":"SKIP","floor":14.0},{"not_picked":["Koishi:FidgetySnatcher","Koishi:Bloodlust","Koishi:BramblyRoseGarden","Koishi:DanmakuParanoia"],"picked":"Koishi:ReleaseOfTheId","floor":15.0},{"not_picked":["Koishi:RollingInRichesHeart","Koishi:GrowingPain","Koishi:ConditionedTeleport","Koishi:PerfectMindControl"],"picked":"Koishi:Heartbroken","floor":16.0},{"not_picked":["Koishi:BloodcurdlingScream","Koishi:UnconsciousUprising","Koishi:ReflexRadar","Koishi:DreadfulBlow","Koishi:SprinkleStarAndHeart","Gensokyo:ImpossibleRequest"],"picked":"SKIP","floor":18.0},{"not_picked":["Koishi:ApparitionsStalkTheNight","Koishi:UnansweredLove","Koishi:PhantomStrike","Koishi:StingingMind+1","Koishi:FleetingPhantom+1","Parasite"],"picked":"SKIP","floor":19.0},{"not_picked":["Koishi:Jaunt+1","Koishi:LastRemote","Koishi:TremblingHands","Koishi:JumpScare","Normality"],"picked":"Koishi:HeartAttack","floor":20.0},{"not_picked":["Koishi:UnconsciousUprising","Koishi:DreadfulBlow+1","Koishi:Jaunt+1","Koishi:GeneticsOfTheUnconscious+1","Pain"],"picked":"Koishi:RorschachInDanmaku+1","floor":23.0},{"not_picked":["Koishi:StrangeCloudFist","Koishi:GhostParty","Koishi:StingingMind","Koishi:FleetingPhantom","Koishi:RuptureMind","Regret"],"picked":"SKIP","floor":25.0},{"not_picked":["Koishi:FleetingPhantom","Koishi:ReleaseOfTheId+1","Koishi:FreudianInstinct","Koishi:Possession","Gensokyo:ImpossibleRequest"],"picked":"Koishi:Whimsy+1","floor":27.0},{"not_picked":["Koishi:TremblingHands+1","Koishi:StingingMind","Koishi:BloodcurdlingScream+1","Koishi:FourthEye+1","Clumsy"],"picked":"Koishi:ReflexRadar","floor":28.0},{"not_picked":["Koishi:HeartStoppingHorror","Koishi:ApparitionsStalkTheNight","Koishi:UnconsciousUrges+1","Koishi:SubterraneanRose","Koishi:PredatoryInstincts","Clumsy"],"picked":"SKIP","floor":29.0},{"not_picked":["Koishi:Vanish","Koishi:TremblingHands+1","Koishi:UnconsciousUprising","Koishi:UnansweredLove","Regret"],"picked":"Koishi:SprinkleStarAndHeart","floor":30.0},{"not_picked":["Koishi:StingingMind","Koishi:GhostParty","Koishi:BloodcurdlingScream","Koishi:PhantomBarrier+1","Pain"],"picked":"Koishi:ReleaseOfTheId","floor":31.0},{"not_picked":["Koishi:ParalyzingFear","Koishi:PhantomStrike+1","Koishi:MindNumbingTerror","Koishi:SubterraneanRose+1","Injury"],"picked":"Koishi:LastRemote+1","floor":35},{"not_picked":["Koishi:StingingMind+1","Koishi:EmbryosDream","Koishi:SubconsciousSweep+1","Koishi:Bloodlust+1","Normality"],"picked":"Koishi:ReflexRadar+1","floor":37},{"not_picked":["Koishi:MindNumbingTerror+1","Koishi:SprinkleStarAndHeart","Koishi:DreadfulBlow","Koishi:HeartfeltFancy+1","Decay"],"picked":"Koishi:IdleWhim+1","floor":39},{"not_picked":["Koishi:ParalyzingFear+1","Koishi:BloodcurdlingScream","Koishi:SuperEgo","Koishi:GhostParty","Gensokyo:AllTheWorldsEvil"],"picked":"Koishi:FreudianInstinct","floor":40},{"not_picked":["Koishi:Jaunt+1","Koishi:Untouchable","Koishi:MindNumbingTerror","Koishi:PhilosophyOfTheDespised+1","Koishi:SprinkleStarAndHeart+1","Clumsy"],"picked":"SKIP","floor":42},{"not_picked":["Koishi:PhantomStrike+1","Koishi:RacingHeart","Koishi:SprinkleStarAndHeart+1","Koishi:EmbryosDream","Koishi:Prune+1","Gensokyo:ImpossibleRequest"],"picked":"SKIP","floor":45},{"not_picked":["Koishi:PredatoryInstincts","Koishi:JumpScare","Koishi:FidgetySnatcher+1","Koishi:TremblingHands","Koishi:Bloodlust+1","Shame"],"picked":"SKIP","floor":48},{"not_picked":["Koishi:FourthEye","Koishi:YoukaiPolygraph+1","Koishi:PhantomBarrier+1","Koishi:ParalyzingFear","Koishi:Jaunt","Clumsy"],"picked":"SKIP","floor":51},{"not_picked":["Koishi:TremblingHands","Koishi:SubconsciousSweep+1","Koishi:GeneticsOfTheUnconscious+1","Koishi:LastRemote","Koishi:BramblyRoseGarden+1","Poor:ReiMu"],"picked":"SKIP","floor":52},{"not_picked":["Koishi:BloodcurdlingScream+1","Koishi:SprinkleStarAndHeart+1","Koishi:UnansweredLove","Koishi:MindNumbingTerror","Koishi:SubterraneanRose","Gensokyo:AllTheWorldsEvil"],"picked":"SKIP","floor":56}],"player_experience":807032,"relics_obtained":[{"floor":1.0,"key":"SynthV:TestCard"},{"floor":10.0,"key":"Gensokyo:OccultBall"},{"floor":10.0,"key":"REME_ArchaeologicalTools"},{"floor":16.0,"key":"Gensokyo:OccultBall"},{"floor":20.0,"key":"Gensokyo:OccultBall"},{"floor":23.0,"key":"AT_SpeedBoots"},{"floor":25.0,"key":"Gremlin Horn"},{"floor":26.0,"key":"AT_ArchangelStaff"},{"floor":27.0,"key":"AT_ImmortalShieldbow"},{"floor":29.0,"key":"Blue Candle"},{"floor":30.0,"key":"AT_Kusabimaru"},{"floor":30.0,"key":"DianPoetry"},{"floor":33.0,"key":"Gensokyo:OccultBall"},{"floor":40,"key":"Dream Catcher"},{"floor":42,"key":"Kunai"},{"floor":43,"key":"AT_GuinsooRageblade"},{"floor":45,"key":"OriginationStaff"},{"floor":56,"key":"Gensokyo:OccultBall"},{"floor":56,"key":"paleoftheancients:SoulOfTheShrineMaiden"}],"event_choices":[{"damage_healed":0,"gold_gain":0,"player_choice":"Swap Relic","damage_taken":0,"relics_obtained":["DaveBox"],"max_hp_gain":0,"max_hp_loss":0,"event_name":"给自己的盒子","floor":38,"relics_lost":["DaveBox"],"gold_loss":0},{"damage_healed":0,"gold_gain":400,"player_choice":"Sell","damage_taken":0,"max_hp_gain":0,"max_hp_loss":0,"event_name":"恩洛斯的盘子","floor":53,"relics_lost":["DaveBox"],"gold_loss":0}],"is_beta":false,"boss_relics":[{"not_picked":["testmod-BloodSacrificeSpiritualization","Ectoplasm"],"picked":"REME_DemonsWealth"},{"not_picked":["testmod-KeyOfTheVoid","Runic Dome"],"picked":"testmod-IncinerationGenerator"}],"items_purged_floors":[8,13,15,22,32,44,46,47,49,49,54,54,55,57,58],"is_endless":false,"potions_floor_spawned":[3,14,19,25,29,30,31,39,40,42,45,56],"ascension_level":1}}