{"host":"u7y9frlpoazak2mn","time":1609823735,"event":{"mods":["2.2 Compatiblity","AchievementEnabler","Aspiration","BaseMod","Better Match","Better Note","Better Sensory Stone","Better Skull","Colored Powertips","Conspire","Downfall","Energized Spire","GifTheSpireLib","Hermit","Highlight Path","Hubris","Marisa????????","Marked Mod","Mimic Mod","Minty Spire (QoL Compilation)","Permanent Neow","Rare Cards Sparkle","Relic Sorter","Remilia??????","Replay The Spire","Shade Mod","Somnambulant","Spikes Relics","StSLib","Stuff the Spire","The Administrix","The Alterego","The Blue Laboratory","The Construct","The Cursed","The Forsaken","The Hayseed","The Hierophant","The Judge","The Marked","The Runesmith","The Senshi","The Servant 0.9.4","TheBandit","TheVacant","Transform Curses","Unceasing Turn Reminder","Waifu the Spire","everything is the same but u backflip on backflip","slay the spire mod where everything is the same but ironclad has a cowboy hat"],"gold_per_floor":[115,134,57,72,85,111,123,148,173,173,173,173,173],"floor_reached":12,"playtime":627,"items_purged":[],"score":90,"play_id":"029765e3-5fae-4070-9b2b-90f8f93ffc15","local_time":"20210105001535","is_ascension_mode":false,"campfire_choices":[],"circlet_count":0,"master_deck":["theMarked:Strike","theMarked:Strike","theMarked:Strike","theMarked:Strike","theMarked:Strike","theMarked:Defend","theMarked:Defend","theMarked:Defend","theMarked:Defend","theMarked:SoldierOfQuellstein","theMarked:UnarmedFury","theMarked:ShockingTouch","theMarked:MysticalArsenal","theMarked:MysticalArsenal","theMarked:ChainLightning","theMarked:Electrify","theMarked:GodGivenPower","theMarked:SuspiciousRaven","theMarked:EmpowerWeapon"],"relics":["theMarked:ArtifactOfAir","hubris:Icosahedron","Runesmith:AutoHammer","Nunchaku","MealTicket","hubris:Towel"],"acts_visited":["Exordium"],"potions_floor_usage":[4,8,12],"damage_taken":[{"damage":1,"enemies":"Cultist","floor":1,"turns":3},{"damage":11,"enemies":"Jaw Worm","floor":2,"turns":2},{"damage":0,"enemies":"Small Slimes","floor":4,"turns":3},{"damage":12,"enemies":"Blue Slaver","floor":5,"turns":2},{"damage":21,"enemies":"Gremlin Nob","floor":6,"turns":3},{"damage":8,"enemies":"Large Slime","floor":7,"turns":4},{"damage":17,"enemies":"3 Sentries","floor":8,"turns":5},{"damage":18,"enemies":"Lagavulin","floor":12,"turns":2}],"seed_played":"-6183500493110068011","potions_obtained":[{"floor":2,"key":"blueLaboratory:BottleOfRum"},{"floor":4,"key":"Regen Potion"},{"floor":8,"key":"blueLaboratory:RememoryPotion"}],"is_trial":false,"path_per_floor":["M","M","$","M","M","E","M","E","T","?","?","E"],"character_chosen":"THE_DEFAULT","items_purchased":["theMarked:MysticalArsenal"],"campfire_rested":0,"item_purchase_floors":[3],"current_hp_per_floor":[69,58,58,58,46,25,17,12,12,12,12,0,0],"gold":173,"neow_bonus":"ONE_RANDOM_RARE_CARD","is_daily":false,"chose_seed":false,"campfire_upgraded":0,"win_rate":0.0,"timestamp":1609823735,"path_taken":["M","M","$","M","M","E","?","E","T","?","?","E"],"items_purchased_type":["Card"],"build_version":"2020-12-22","purchased_purges":0,"victory":false,"max_hp_per_floor":[70,70,70,70,70,70,70,70,70,70,70,70,70],"card_choices":[{"not_picked":["theMarked:Frustration","theMarked:Parkour"],"picked":"theMarked:ShockingTouch","floor":1},{"not_picked":["theMarked:Indomitable","theMarked:HeritageOfTheMarked"],"picked":"theMarked:MysticalArsenal","floor":2},{"not_picked":["theMarked:WardOff","theMarked:Overthink"],"picked":"theMarked:ChainLightning","floor":4},{"not_picked":["theMarked:EnhanceMovement","theMarked:ElementalBlade"],"picked":"theMarked:Electrify","floor":5},{"not_picked":["theMarked:KeepCalmAndFightOn","theMarked:ChainLightning"],"picked":"theMarked:GodGivenPower","floor":6},{"not_picked":["theMarked:Generate","theMarked:KeepCalmAndFightOn"],"picked":"theMarked:SuspiciousRaven","floor":7},{"not_picked":["theMarked:Parkour","theMarked:WastefulDefense"],"picked":"theMarked:EmpowerWeapon","floor":8}],"player_experience":318915,"relics_obtained":[{"floor":6,"key":"Runesmith:AutoHammer"},{"floor":8,"key":"Nunchaku"},{"floor":9,"key":"MealTicket"}],"event_choices":[],"is_beta":false,"boss_relics":[],"items_purged_floors":[],"is_endless":false,"potions_floor_spawned":[2,4,8],"killed_by":"Lagavulin","ascension_level":0}}