{"host":"aaqofma31c3gm2hj","time":1609841121,"event":{"mods":["BaseMod","Minty Spire (QoL Compilation)","Replay The Spire","Spicy Shops","StSLib"],"gold_per_floor":[117,192,192,390,409,409,434,453,477,503,296,76,92,103,103,181,181,200,200,75,75,89,119,129,162,232,244,244,263,273,298,298,377,377,397,397,445,445,445,476,476,505,551,585,607,631,643,705,717,717],"floor_reached":49,"playtime":1723,"items_purged":["Defend_P","Defend_P","Defend_P"],"score":1811,"play_id":"957c0351-9e70-4c12-8826-fab9b0c827f0","local_time":"20210105180521","is_ascension_mode":true,"campfire_choices":[{"data":"Eruption","floor":6.0,"key":"SMITH"},{"data":"ForeignInfluence","floor":15.0,"key":"SMITH"},{"data":"Adaptation","floor":32.0,"key":"SMITH"},{"floor":41.0,"key":"RECALL"},{"data":"Replay:AtTheReady","floor":47.0,"key":"SMITH"}],"circlet_count":0,"master_deck":["AscendersBane","Strike_P+1","Eruption+1","Vigilance","ForeignInfluence+1","Steam","CutThroughFate+1","Scrawl+1","Master of Strategy+1","Master of Strategy+1","Secret Weapon+1","WheelKick+1","FearNoEvil+1","Vault+1","AbeCurse","Replay:AtTheReady+1","DevaForm+1","Vault+1","Adaptation+1","Purity+1","TalkToTheHand+1","Omniscience+1","ReplayTheSpireMod:Splinters","Decay","Pain","ReplayTheSpireMod:Faulty Equipment","CommonCold"],"relics":["PureWater","NeowsBlessing","ReplayTheSpireMod:TigerMarble","Boot","Golden Egg","ReplayTheSpireMod:ShopPack","BargainBundle","Abe\u0027s Treasure","Bag of Marbles","ReplayFunnel","Bottled Lightning","Juzu Bracelet","Philosopher\u0027s Stone","ReplayTheSpireMod:Ninjato","Du-Vu Doll","Whetstone","Smiling Mask","MawBank","Ring of Greed","Replay:Bandana","Blue Doll"],"acts_visited":["Exordium","TheCity","TheBeyond"],"potions_floor_usage":[],"damage_taken":[{"damage":0.0,"enemies":"Small Slimes","floor":1.0,"turns":1.0},{"damage":0.0,"enemies":"2 Louse","floor":5.0,"turns":1.0},{"damage":0.0,"enemies":"Gremlin Nob","floor":7.0,"turns":1.0},{"damage":0.0,"enemies":"Cultist","floor":8.0,"turns":2.0},{"damage":21.0,"enemies":"3 Sentries","floor":10.0,"turns":5.0},{"damage":0.0,"enemies":"Exordium Thugs","floor":13.0,"turns":2.0},{"damage":0.0,"enemies":"Blue Slaver","floor":14.0,"turns":1.0},{"damage":21.0,"enemies":"The Guardian","floor":16.0,"turns":5.0},{"damage":0.0,"enemies":"Shell Parasite","floor":18.0,"turns":2.0},{"damage":2.0,"enemies":"3 Byrds","floor":22.0,"turns":3.0},{"damage":0.0,"enemies":"Slavers","floor":23.0,"turns":1.0},{"damage":0.0,"enemies":"Shelled Parasite and Fungi","floor":24.0,"turns":2.0},{"damage":0.0,"enemies":"Gremlin Leader","floor":25.0,"turns":4.0},{"damage":0.0,"enemies":"Snake Plant","floor":27.0,"turns":3.0},{"damage":0.0,"enemies":"Cultist and Chosen","floor":29.0,"turns":1.0},{"damage":0.0,"enemies":"3 Cultists","floor":30.0,"turns":2.0},{"damage":0.0,"enemies":"Replay:Snechameleon","floor":31.0,"turns":2.0},{"damage":0.0,"enemies":"Pondfish","floor":33.0,"turns":4.0},{"damage":0.0,"enemies":"Orb Walker","floor":35.0,"turns":1.0},{"damage":0.0,"enemies":"2 Orb Walkers","floor":37.0,"turns":3.0},{"damage":0.0,"enemies":"R_Hoarder","floor":40.0,"turns":2.0},{"damage":0.0,"enemies":"Giant Head","floor":42.0,"turns":3.0},{"damage":0.0,"enemies":"Reptomancer","floor":44.0,"turns":1.0},{"damage":0.0,"enemies":"3 Darklings","floor":45.0,"turns":3.0},{"damage":0.0,"enemies":"Jaw Worm Horde","floor":46.0,"turns":3.0}],"seed_played":"8190279828172682463","potions_obtained":[{"floor":5.0,"key":"Adrenaline Potion"},{"floor":7.0,"key":"Elixir"},{"floor":10.0,"key":"Adrenaline Potion"},{"floor":23.0,"key":"BottledMiracle"},{"floor":46.0,"key":"Milkshake"}],"is_trial":false,"path_per_floor":["M","?","?","?","M","R","E","M","T","E","$","$","M","M","R","B",null,"M","?","$","?","M","E","M","E","T","M","?","M","M","E","R","B",null,"M","T","?","?","?","E","R","E","T","E","M","M","R","?","R"],"character_chosen":"WATCHER","items_purchased":["ReplayTheSpireMod:ShopPack","BargainBundle","WheelKick"],"campfire_rested":0,"item_purchase_floors":[11,12,12],"current_hp_per_floor":[61,50,50,50,50,50,50,50,50,29,29,29,29,29,29,8,53,53,53,53,53,51,51,51,51,51,51,51,51,51,51,51,51,64,64,64,64,64,59,59,59,59,59,59,59,59,59,59,59,59],"gold":717,"neow_bonus":"THREE_ENEMY_KILL","is_daily":false,"chose_seed":false,"campfire_upgraded":4,"win_rate":0.0,"timestamp":1609841121,"path_taken":["M","?","?","?","?","R","E","M","T","E","?","$","M","M","R","BOSS","M","?","$","?","M","E","M","E","T","M","?","M","M","E","R","BOSS","M","?","?","?","?","E","R","E","T","E","M","M","R","?","R"],"items_purchased_type":["Relic","Relic","Card"],"build_version":"2020-12-22","purchased_purges":3,"victory":false,"max_hp_per_floor":[68,68,68,68,68,68,68,68,68,68,68,68,68,68,68,68,68,68,68,68,68,68,68,68,68,68,68,68,68,68,68,68,68,68,68,68,68,68,68,68,68,68,68,68,68,68,68,68,68,68],"card_choices":[{"not_picked":["CrushJoints","Perseverance","PathToVictory"],"picked":"SKIP","floor":1.0},{"not_picked":["Prostrate","Consecrate"],"picked":"CutThroughFate","floor":5.0},{"not_picked":["Consecrate","Perseverance","Replay:Anticipation"],"picked":"SKIP","floor":7.0},{"not_picked":["CrushJoints","WreathOfFlame","Replay:ManipulateFuture"],"picked":"SKIP","floor":8.0},{"not_picked":["Consecrate","CutThroughFate"],"picked":"Scrawl","floor":10.0},{"not_picked":["Magnetism","Panache"],"picked":"Master of Strategy","floor":11.0},{"not_picked":["ReplayTheSpireMod:Uncanny Aura","Bandage Up"],"picked":"Master of Strategy","floor":11.0},{"not_picked":["ReplayTheSpireMod:Brewmster","Transmutation"],"picked":"Secret Weapon","floor":11.0},{"not_picked":["Replay:Anticipation","Judgement","Crescendo"],"picked":"SKIP","floor":13.0},{"not_picked":["ForeignInfluence","Halt"],"picked":"FearNoEvil","floor":14.0},{"not_picked":["Omniscience","Blasphemy"],"picked":"Vault","floor":16.0},{"not_picked":["Halt","FlurryOfBlows","Collect"],"picked":"SKIP","floor":18.0},{"not_picked":["PathToVictory","Weave","Replay:BluntJabs+1"],"picked":"SKIP","floor":22.0},{"not_picked":["EmptyBody","PathToVictory","FlyingSleeves"],"picked":"SKIP","floor":23.0},{"not_picked":["CrushJoints","Replay:Battleflow","FlurryOfBlows"],"picked":"SKIP","floor":24.0},{"not_picked":["Weave","Replay:BluntJabs","MentalFortress+1"],"picked":"SKIP","floor":25.0},{"not_picked":["Crescendo","BowlingBash","MentalFortress"],"picked":"SKIP","floor":27.0},{"not_picked":["Evaluate","PathToVictory"],"picked":"Adaptation","floor":29.0},{"not_picked":["Evaluate","Consecrate","Collect"],"picked":"SKIP","floor":30.0},{"not_picked":["ForeignInfluence","FlurryOfBlows","Wireheading"],"picked":"SKIP","floor":31.0},{"not_picked":["MentalFortress+1","JustLucky","Replay:DivineShield"],"picked":"SKIP","floor":35.0},{"not_picked":["Discovery","Swift Strike"],"picked":"Purity","floor":39.0},{"not_picked":["Vengeance+1","FlyingSleeves+1","Study"],"picked":"SKIP","floor":40.0},{"not_picked":["Replay:AtTheReady","EmptyFist"],"picked":"TalkToTheHand+1","floor":42.0},{"not_picked":["Meditate","Conclude+1"],"picked":"Omniscience","floor":44.0},{"not_picked":["CutThroughFate+1","CrushJoints","FollowUp"],"picked":"SKIP","floor":45.0},{"not_picked":["ThirdEye","ClearTheMind+1","Crescendo"],"picked":"SKIP","floor":46.0}],"player_experience":555465,"relics_obtained":[{"floor":7.0,"key":"ReplayTheSpireMod:TigerMarble"},{"floor":9.0,"key":"Boot"},{"floor":10.0,"key":"Golden Egg"},{"floor":23.0,"key":"Bag of Marbles"},{"floor":25.0,"key":"ReplayFunnel"},{"floor":26.0,"key":"Bottled Lightning"},{"floor":31.0,"key":"Juzu Bracelet"},{"floor":36.0,"key":"ReplayTheSpireMod:Ninjato"},{"floor":37.0,"key":"Du-Vu Doll"},{"floor":40.0,"key":"Whetstone"},{"floor":42.0,"key":"Smiling Mask"},{"floor":44.0,"key":"MawBank"},{"floor":48.0,"key":"Ring of Greed"},{"floor":48.0,"key":"Replay:Bandana"},{"floor":48.0,"key":"Blue Doll"}],"event_choices":[{"damage_healed":0.0,"max_hp_gain":0.0,"max_hp_loss":0.0,"gold_gain":75.0,"event_name":"World of Goop","player_choice":"Gather Gold","floor":2.0,"gold_loss":0.0,"damage_taken":11.0},{"damage_healed":0.0,"max_hp_gain":0.0,"max_hp_loss":0.0,"gold_gain":0.0,"cards_transformed":["Strike_P","Strike_P"],"event_name":"Drug Dealer","player_choice":"Became Test Subject","floor":19.0,"gold_loss":0.0,"damage_taken":0.0,"cards_obtained":["Replay:AtTheReady","DevaForm"]},{"damage_healed":0.0,"max_hp_gain":0.0,"max_hp_loss":0.0,"gold_gain":0.0,"event_name":"Duplicator","player_choice":"Copied","floor":28.0,"gold_loss":0.0,"damage_taken":0.0,"cards_obtained":["Vault"]},{"damage_healed":0.0,"max_hp_gain":0.0,"max_hp_loss":0.0,"gold_gain":0.0,"event_name":"Mysterious Sphere","player_choice":"Fight","floor":37.0,"gold_loss":0.0,"damage_taken":0.0},{"damage_healed":0.0,"max_hp_gain":0.0,"max_hp_loss":0.0,"gold_gain":0.0,"event_name":"Match and Keep!","player_choice":"0 cards matched","floor":38.0,"gold_loss":0.0,"damage_taken":0.0,"cards_obtained":[]},{"damage_healed":0.0,"max_hp_gain":0.0,"max_hp_loss":0.0,"gold_gain":0.0,"event_name":"SensoryStone","player_choice":"Memory 2","floor":39.0,"gold_loss":0.0,"damage_taken":5.0}],"is_beta":false,"boss_relics":[{"not_picked":["Black Star","Empty Cage"],"picked":"Abe\u0027s Treasure"},{"not_picked":["Ring of Chaos","Velvet Choker"],"picked":"Philosopher\u0027s Stone"}],"items_purged_floors":[11,12,20],"is_endless":false,"potions_floor_spawned":[5,7,10,23,24,25,29,31,35,46],"ascension_level":20}}