{"host":"h0xw20cia6ppa69g","time":1609851715,"event":{"mods":["AchievementEnabler","BaseMod","Colored Map","Filter the Spire","Googly Eyes","Minty Spire (QoL Compilation)","Relic Stats","StSLib","The Awakened One except there are too many feathers","everything is the same but u backflip on backflip"],"gold_per_floor":[119,119,135,148,98,125,125,141,165,177,205,226,49,68,68,172,172,186,198,113,141,166,200,44,44,67,92,107,207,218,228,228,324,324,341,341,364,586,601,618,652,662,688,706,731,186,186,203,203,203,203,203,54,83,83],"floor_reached":56,"playtime":4600,"items_purged":["Ball Lightning"],"score":1439,"play_id":"901420a9-486e-49b7-8934-8a44b40aec0d","local_time":"20210105070155","is_ascension_mode":true,"campfire_choices":[{"data":"Reprogram","floor":7.0,"key":"SMITH"},{"data":"Barrage","floor":15.0,"key":"SMITH"},{"data":"Hologram","floor":25,"key":"SMITH"},{"data":"Chill","floor":32,"key":"SMITH"},{"floor":47,"key":"RECALL"},{"data":"Fasting2","floor":49,"key":"SMITH"},{"data":"Reinforced Body","floor":52,"key":"SMITH"}],"circlet_count":0,"master_deck":["Dualcast","Hologram+1","Go for the Eyes","Glacier","Auto Shields","Reprogram+1","Reinforced Body+1","Streamline","Coolheaded","Skim","Chill+1","Genetic Algorithm","Leap","Sweeping Beam","Cold Snap","Conserve Battery","Barrage+1","Reaper","Dodge and Roll+1","ThirdEye","Dagger Spray","Barrage","Panacea+1","SpiritShield+1","Recycle+1","Prepared+1","PiercingWail+1","Outmaneuver+1","Fasting2+1","Secret Technique+1","Hologram+1","Blur+1","Body Slam"],"relics":["Pandora\u0027s Box","Boot","Potion Belt","Tiny Chest","Odd Mushroom","PrismaticShard","Coffee Dripper","Bronze Scales","Red Mask","Bird Faced Urn","ClockworkSouvenir","Blood Vial","Strawberry","Calipers","Toxic Egg 2","Runic Pyramid","Art of War","Singing Bowl","Toy Ornithopter","Question Card","TheAbacus","Pocketwatch","Runic Capacitor","Lantern"],"acts_visited":["Exordium","TheCity","TheBeyond","TheEnding"],"potions_floor_usage":[21,40,55,55,55,55],"damage_taken":[{"damage":0.0,"enemies":"Small Slimes","floor":1.0,"turns":4.0},{"damage":0.0,"enemies":"2 Louse","floor":3.0,"turns":2.0},{"damage":0.0,"enemies":"Jaw Worm","floor":4.0,"turns":4.0},{"damage":1.0,"enemies":"Lagavulin","floor":6.0,"turns":7.0},{"damage":2.0,"enemies":"Blue Slaver","floor":8.0,"turns":6.0},{"damage":0.0,"enemies":"Large Slime","floor":10.0,"turns":6.0},{"damage":17.0,"enemies":"3 Sentries","floor":11.0,"turns":12.0},{"damage":2.0,"enemies":"The Mushroom Lair","floor":12.0,"turns":6.0},{"damage":0.0,"enemies":"Exordium Wildlife","floor":14.0,"turns":5.0},{"damage":19.0,"enemies":"Hexaghost","floor":16.0,"turns":13.0},{"damage":0.0,"enemies":"3 Byrds","floor":18.0,"turns":4.0},{"damage":12.0,"enemies":"2 Thieves","floor":19.0,"turns":4.0},{"damage":3,"enemies":"Masked Bandits","floor":21,"turns":5},{"damage":3,"enemies":"Book of Stabbing","floor":23,"turns":8},{"damage":9,"enemies":"Gremlin Leader","floor":27,"turns":9},{"damage":0,"enemies":"Centurion and Healer","floor":28,"turns":9},{"damage":7,"enemies":"Colosseum Slavers","floor":29,"turns":6},{"damage":9,"enemies":"Colosseum Nobs","floor":29,"turns":4},{"damage":3,"enemies":"Snake Plant","floor":30,"turns":4},{"damage":0,"enemies":"Cultist and Chosen","floor":31,"turns":6},{"damage":33,"enemies":"Automaton","floor":33,"turns":16},{"damage":3,"enemies":"Orb Walker","floor":35,"turns":5},{"damage":0,"enemies":"3 Shapes","floor":39,"turns":3},{"damage":0,"enemies":"Maw","floor":40,"turns":11},{"damage":11,"enemies":"Reptomancer","floor":41,"turns":10},{"damage":5,"enemies":"Transient","floor":42,"turns":5},{"damage":0,"enemies":"Writhing Mass","floor":44,"turns":10},{"damage":0,"enemies":"Giant Head","floor":45,"turns":11},{"damage":0,"enemies":"Jaw Worm Horde","floor":48,"turns":5},{"damage":0,"enemies":"Time Eater","floor":50,"turns":21},{"damage":0,"enemies":"Shield and Spear","floor":54,"turns":11},{"damage":0,"enemies":"The Heart","floor":55,"turns":15}],"seed_played":"-3348443264442929277","potions_obtained":[{"floor":1.0,"key":"DuplicationPotion"},{"floor":6.0,"key":"Block Potion"},{"floor":11.0,"key":"Dexterity Potion"},{"floor":14.0,"key":"FearPotion"},{"floor":16.0,"key":"DuplicationPotion"},{"floor":18.0,"key":"Regen Potion"},{"floor":21,"key":"Ancient Potion"},{"floor":29,"key":"Swift Potion"},{"floor":31,"key":"PowerPotion"},{"floor":44,"key":"Ancient Potion"}],"is_trial":false,"path_per_floor":["M","?","M","M","?","E","R","M","T","M","E","?","$","M","R","B",null,"M","M","?","?","T","E","$","R","T","E","M","?","M","M","R","B",null,"M","?","T","?","M","M","E","M","T","M","E","$","R","M","R","B",null,"R","$","E","B",null],"character_chosen":"DEFECT","items_purchased":["PrismaticShard","Conserve Battery","ClockworkSouvenir","Hologram+1","TheAbacus","Pocketwatch","Runic Capacitor"],"campfire_rested":0,"item_purchase_floors":[13,13,24,46,46,46,53],"current_hp_per_floor":[75,75,75,75,75,74,74,72,72,72,55,53,53,53,53,34,75,75,63,63,60,60,57,57,57,57,81,82,72,71,73,73,56,82,82,82,82,82,82,82,82,79,79,81,84,84,84,84,84,84,84,84,84,84,84],"gold":83,"neow_bonus":"BOSS_RELIC","is_daily":false,"chose_seed":false,"campfire_upgraded":6,"win_rate":0.0,"timestamp":1609851715,"path_taken":["M","?","M","M","?","E","R","M","T","M","E","?","$","M","R","BOSS","M","M","?","?","?","E","$","R","T","E","M","?","?","M","R","BOSS","M","?","?","?","?","M","E","M","T","M","E","$","R","M","R","BOSS","R","$","E","BOSS"],"items_purchased_type":["Relic","Card","Relic","Card","Relic","Relic","Relic"],"build_version":"2020-12-22","purchased_purges":1,"victory":true,"max_hp_per_floor":[75,75,75,75,75,75,75,75,75,75,75,75,75,75,75,75,75,75,75,75,75,75,75,75,75,75,82,82,82,82,82,82,82,82,82,82,82,82,82,82,82,84,84,84,84,84,84,84,84,84,84,84,84,84,84],"relic_stats":{"Singing Bowl":2,"counters":[32,247],"Boot":[131],"Question Card":2,"Blood Vial":15,"TheAbacus":[60],"Bronze Scales":[742],"Bird Faced Urn":[1],"Pandora\u0027s Box":["Hologram","Go for the Eyes","Ball Lightning","Glacier","Auto Shields","Reprogram","Reinforced Body","Streamline"],"Tiny Chest":2,"Art of War":[23],"obtain_stats":[{"Lantern":54,"Calipers":29,"Singing Bowl":41,"Runic Capacitor":53,"Boot":6,"PrismaticShard":13,"ClockworkSouvenir":24,"Blood Vial":26,"TheAbacus":46,"Strawberry":27,"Tiny Chest":11,"Red Mask":21,"Toxic Egg 2":29,"Cracked Core":0,"Runic Pyramid":34,"Potion Belt":9,"Odd Mushroom":12,"Question Card":45,"Bronze Scales":20,"Bird Faced Urn":23,"Pandora\u0027s Box":0,"Coffee Dripper":17,"Art of War":37,"Toy Ornithopter":43,"Pocketwatch":46},{"Lantern":31,"Calipers":18,"Singing Bowl":25,"Runic Capacitor":30,"Boot":4,"PrismaticShard":8,"ClockworkSouvenir":14,"Blood Vial":14,"TheAbacus":28,"Strawberry":15,"Tiny Chest":7,"Red Mask":13,"Toxic Egg 2":18,"Cracked Core":0,"Runic Pyramid":21,"Potion Belt":5,"Odd Mushroom":8,"Question Card":28,"Bronze Scales":12,"Bird Faced Urn":14,"Pandora\u0027s Box":0,"Coffee Dripper":10,"Art of War":22,"Toy Ornithopter":26,"Pocketwatch":28},{"Lantern":232,"Calipers":114,"Singing Bowl":169,"Runic Capacitor":221,"Boot":17,"PrismaticShard":47,"ClockworkSouvenir":86,"Blood Vial":86,"TheAbacus":195,"Strawberry":95,"Tiny Chest":41,"Red Mask":78,"Toxic Egg 2":114,"Cracked Core":0,"Runic Pyramid":140,"Potion Belt":23,"Odd Mushroom":47,"Question Card":195,"Bronze Scales":73,"Bird Faced Urn":86,"Pandora\u0027s Box":0,"Coffee Dripper":65,"Art of War":145,"Toy Ornithopter":174,"Pocketwatch":195}],"Toy Ornithopter":0,"Pocketwatch":[1]},"card_choices":[{"not_picked":["Blizzard","Stack"],"picked":"Coolheaded","floor":1.0},{"not_picked":["Consume","Compile Driver"],"picked":"Skim","floor":3.0},{"not_picked":["Auto Shields","Steam Power"],"picked":"Chill","floor":4.0},{"not_picked":["Redo","Reprogram"],"picked":"Genetic Algorithm","floor":6.0},{"not_picked":["Stack","Chill"],"picked":"Leap","floor":8.0},{"not_picked":["Coolheaded","Seek"],"picked":"Sweeping Beam","floor":10.0},{"not_picked":["Ball Lightning","Heatsinks"],"picked":"Cold Snap","floor":11.0},{"not_picked":["Heavy Blade","The Bomb"],"picked":"Barrage","floor":14.0},{"not_picked":["Glass Knife","Establishment"],"picked":"Reaper","floor":16.0},{"not_picked":["Streamline","Anger"],"picked":"Dodge and Roll+1","floor":18.0},{"not_picked":["FlurryOfBlows","EmptyFist","Consecrate"],"picked":"SKIP","floor":19.0},{"not_picked":["Die Die Die","Stack+1"],"picked":"ThirdEye","floor":21},{"not_picked":["Swift Strike+1","Consecrate+1"],"picked":"Dagger Spray","floor":23},{"not_picked":["EmptyFist+1","Cleave+1","A Thousand Cuts"],"picked":"SKIP","floor":27},{"not_picked":["Outmaneuver","Conserve Battery","SashWhip"],"picked":"SKIP","floor":28},{"not_picked":["Perfected Strike","Prepared+1"],"picked":"Barrage","floor":29},{"not_picked":["Cold Snap","Crippling Poison+1"],"picked":"Panacea+1","floor":30},{"not_picked":["Coolheaded+1","PathToVictory+1"],"picked":"FlyingSleeves","floor":31},{"not_picked":["Double Tap+1","Wraith Form v2"],"picked":"SpiritShield+1","floor":33},{"not_picked":["EmptyMind+1","Spot Weakness+1"],"picked":"Recycle+1","floor":35},{"not_picked":["Slice+1","Steam+1"],"picked":"Prepared+1","floor":39},{"not_picked":["Iron Wave","Underhanded Strike+1"],"picked":"PiercingWail+1","floor":40},{"not_picked":["Sanctity+1","LessonLearned"],"picked":"Outmaneuver+1","floor":41},{"not_picked":["Hello World","Compile Driver+1","Forethought+1"],"picked":"Singing Bowl","floor":42},{"not_picked":["JustLucky","Acrobatics+1"],"picked":"Fasting2","floor":44},{"not_picked":["Rupture","Slice"],"picked":"Secret Technique+1","floor":45},{"not_picked":["Weave","Finesse+1","Prostrate+1"],"picked":"Blur+1","floor":48},{"not_picked":["Coolheaded+1","ClearTheMind+1","Swift Strike"],"picked":"Body Slam","floor":54}],"player_experience":3630260,"relics_obtained":[{"floor":6.0,"key":"Boot"},{"floor":9.0,"key":"Potion Belt"},{"floor":11.0,"key":"Tiny Chest"},{"floor":12.0,"key":"Odd Mushroom"},{"floor":21,"key":"Red Mask"},{"floor":23,"key":"Bird Faced Urn"},{"floor":26,"key":"Blood Vial"},{"floor":27,"key":"Strawberry"},{"floor":29,"key":"Calipers"},{"floor":29,"key":"Toxic Egg 2"},{"floor":37,"key":"Art of War"},{"floor":41,"key":"Singing Bowl"},{"floor":43,"key":"Toy Ornithopter"},{"floor":45,"key":"Question Card"},{"floor":54,"key":"Lantern"}],"event_choices":[{"damage_healed":0.0,"max_hp_gain":0.0,"max_hp_loss":0.0,"gold_gain":0.0,"event_name":"Liars Game","player_choice":"Ignored","floor":2.0,"gold_loss":0.0,"damage_taken":0.0},{"cards_removed":["Zap"],"damage_healed":0.0,"max_hp_gain":0.0,"max_hp_loss":0.0,"gold_gain":0.0,"event_name":"The Cleric","player_choice":"Card Removal","floor":5.0,"gold_loss":50.0,"damage_taken":0.0},{"damage_healed":0.0,"max_hp_gain":0.0,"max_hp_loss":0.0,"gold_gain":0.0,"event_name":"Mushrooms","player_choice":"Fought Mushrooms","floor":12.0,"gold_loss":0.0,"damage_taken":0.0},{"damage_healed":0.0,"max_hp_gain":0.0,"max_hp_loss":0.0,"gold_gain":0.0,"event_name":"Addict","player_choice":"Obtained Relic","floor":20.0,"gold_loss":85.0,"damage_taken":0.0,"relics_obtained":["Bronze Scales"]},{"damage_healed":0,"gold_gain":0,"player_choice":"Fought Bandits","damage_taken":0,"max_hp_gain":0,"max_hp_loss":0,"event_name":"Masked Bandits","floor":21,"gold_loss":0},{"damage_healed":0,"gold_gain":0,"player_choice":"Fight","damage_taken":0,"max_hp_gain":0,"max_hp_loss":0,"event_name":"Colosseum","floor":29,"gold_loss":0},{"damage_healed":0,"gold_gain":0,"player_choice":"Fought Nobs","damage_taken":0,"max_hp_gain":0,"max_hp_loss":0,"event_name":"Colosseum","floor":29,"gold_loss":0},{"cards_removed":["FlyingSleeves"],"damage_healed":0,"gold_gain":0,"player_choice":"Removed Attack","damage_taken":0,"max_hp_gain":0,"max_hp_loss":0,"event_name":"Falling","floor":36,"gold_loss":0},{"damage_healed":0,"gold_gain":222,"player_choice":"Wore Mask","damage_taken":0,"max_hp_gain":0,"max_hp_loss":0,"event_name":"Tomb of Lord Red Mask","floor":38,"gold_loss":0}],"is_beta":false,"boss_relics":[{"not_picked":["SlaversCollar","Black Star"],"picked":"Coffee Dripper"},{"not_picked":["Tiny House","Cursed Key"],"picked":"Runic Pyramid"}],"items_purged_floors":[46],"is_endless":false,"potions_floor_spawned":[1,6,11,14,16,18,21,29,29,31,44,48],"ascension_level":1}}