{"host":"k4t1rqzyfa1bjnq8","time":1609888858,"event":{"mods":["BaseMod","Colored Powertips","Downfall","Minty Spire (QoL Compilation)","StSLib","The Cursed","The Jungle","The Servant 0.9.4"],"gold_per_floor":[115,132,152,152,178,211,222,255,255,255,270,301,312,17,17,121,121,133,146,157,157,167,167,199,199,250,277,294,294,294],"floor_reached":29,"playtime":3474,"items_purged":[],"score":301,"play_id":"e22fcd1e-dece-41c3-991b-b46dc83ea728","local_time":"20210106012058","is_ascension_mode":true,"campfire_choices":[{"floor":15,"key":"REST"},{"floor":23,"key":"RECALL"},{"floor":25,"key":"REST"}],"circlet_count":0,"master_deck":["TheCursedMod:Strike_TheCursed","TheCursedMod:Strike_TheCursed","TheCursedMod:Strike_TheCursed","TheCursedMod:Strike_TheCursed","TheCursedMod:Defend_TheCursed","TheCursedMod:Defend_TheCursed","TheCursedMod:Defend_TheCursed","TheCursedMod:Defend_TheCursed","TheCursedMod:CursedWand","TheCursedMod:CleanUpWorkshop","TheCursedMod:Dregs","TheCursedMod:CursedSpellbook","TheCursedMod:CursedBlade","TheCursedMod:CircleOfCorruption","TheCursedMod:Grudge","TheCursedMod:EmpowerCircles","TheCursedMod:DemonSword","TheCursedMod:FleshFromBone","TheCursedMod:SpreadPlague","TheCursedMod:DoubleShield","TheCursedMod:CircleOfAbyss","TheCursedMod:WearCloak","TheCursedMod:Torture+1","TheCursedMod:ReleasedStrength","TheCursedMod:RapidMovement","TheCursedMod:CircleOfFocus","TheCursedMod:CircleOfBlood","TheCursedMod:SpitefulStrike+1"],"relics":["TheCursedMod:BlackMagic101","Vajra","Lantern","White Beast Statue","Bottled Lightning","StoneCalendar","CultistMask","Strawberry","Turnip","SacredBark","Singing Bowl","Torii","Boot","Eternal Feather"],"acts_visited":["Exordium","TheCity"],"potions_floor_usage":[12,13,16,18,18,20,22,24,27,27,28,28,29],"damage_taken":[{"damage":0,"enemies":"Jaw Worm","floor":1,"turns":4},{"damage":0,"enemies":"Small Slimes","floor":2,"turns":3},{"damage":1,"enemies":"Cultist","floor":3,"turns":3},{"damage":6,"enemies":"3 Sentries","floor":6,"turns":5},{"damage":3,"enemies":"Lots of Slimes","floor":7,"turns":3},{"damage":13,"enemies":"Lagavulin","floor":8,"turns":6},{"damage":0,"enemies":"Looter","floor":11,"turns":2},{"damage":1,"enemies":"3 Sentries","floor":12,"turns":6},{"damage":0,"enemies":"3 Louse","floor":13,"turns":3},{"damage":21,"enemies":"The Guardian","floor":16,"turns":10},{"damage":2,"enemies":"2 Thieves","floor":18,"turns":3},{"damage":0,"enemies":"Shell Parasite","floor":19,"turns":7},{"damage":14,"enemies":"Snake Plant","floor":20,"turns":3},{"damage":18,"enemies":"Centurion and Healer","floor":22,"turns":7},{"damage":9,"enemies":"Book of Stabbing","floor":24,"turns":4},{"damage":22,"enemies":"Gremlin Leader","floor":27,"turns":7},{"damage":29,"enemies":"Cultist and Chosen","floor":28,"turns":7},{"damage":44,"enemies":"Book of Stabbing","floor":29,"turns":6}],"seed_played":"1289533852888771180","potions_obtained":[{"floor":6,"key":"Fire Potion"},{"floor":7,"key":"Guardian:BlockOnCardUsePotion"},{"floor":8,"key":"SneckoOil"},{"floor":11,"key":"champ:CounterPotion"},{"floor":12,"key":"DuplicationPotion"},{"floor":13,"key":"DistilledChaos"},{"floor":16,"key":"PowerPotion"},{"floor":18,"key":"Weak Potion"},{"floor":19,"key":"champ:CounterPotion"},{"floor":20,"key":"Regen Potion"},{"floor":22,"key":"AttackPotion"},{"floor":24,"key":"EntropicBrew"},{"floor":27,"key":"SpeedPotion"},{"floor":28,"key":"DuplicationPotion"}],"is_trial":false,"path_per_floor":["M","M","M","?","T","E","M","E","T","?","M","E","M","$","R","B",null,"M","M","M","?","M","R","E","R","T","E","M","E"],"character_chosen":"THE_CURSED","items_purchased":["Turnip"],"campfire_rested":2,"item_purchase_floors":[14],"current_hp_per_floor":[75,75,74,62,62,56,53,40,40,40,40,46,46,46,70,49,82,80,80,66,66,75,75,66,82,82,60,33,0,0],"gold":294,"neow_bonus":"RANDOM_COMMON_RELIC","is_daily":false,"chose_seed":false,"campfire_upgraded":0,"win_rate":0.0,"timestamp":1609888858,"path_taken":["M","M","M","?","?","E","M","E","T","?","M","E","M","$","R","BOSS","M","M","M","?","M","R","E","R","T","E","M","E"],"items_purchased_type":["Relic"],"build_version":"2020-12-22","purchased_purges":0,"victory":false,"max_hp_per_floor":[75,75,75,75,75,75,75,75,75,75,75,82,82,82,82,82,82,82,82,82,82,82,82,82,82,82,82,82,82,82],"card_choices":[{"not_picked":["TheCursedMod:CursedShiv","TheCursedMod:SurpriseAttack"],"picked":"TheCursedMod:CursedSpellbook","floor":1},{"not_picked":["TheCursedMod:RavingStaff","TheCursedMod:CursedAmulet"],"picked":"TheCursedMod:CursedBlade","floor":2},{"not_picked":["TheCursedMod:AshesToAshes","TheCursedMod:CursedMace"],"picked":"TheCursedMod:CircleOfCorruption","floor":3},{"not_picked":["TheCursedMod:HellsGateOpen","TheCursedMod:ReleasedStrength"],"picked":"TheCursedMod:Grudge","floor":6},{"not_picked":["TheCursedMod:Evocation","TheCursedMod:Torture"],"picked":"TheCursedMod:EmpowerCircles","floor":7},{"not_picked":["TheCursedMod:CursedShiv","TheCursedMod:Wield"],"picked":"TheCursedMod:DemonSword","floor":8},{"not_picked":["TheCursedMod:Stigma","TheCursedMod:RavingStaff"],"picked":"TheCursedMod:FleshFromBone","floor":11},{"not_picked":["TheCursedMod:CursedBlade","TheCursedMod:CircleOfAmplification"],"picked":"TheCursedMod:SpreadPlague","floor":12},{"not_picked":["TheCursedMod:SpitefulPray","TheCursedMod:CircleOfWindfury"],"picked":"TheCursedMod:DoubleShield","floor":13},{"not_picked":["TheCursedMod:ManaCirculation","TheCursedMod:DarkBarrier"],"picked":"TheCursedMod:CircleOfAbyss","floor":16},{"not_picked":["TheCursedMod:FuryStrike+1","TheCursedMod:CursedBlade+1"],"picked":"TheCursedMod:WearCloak","floor":18},{"not_picked":["TheCursedMod:Wield","TheCursedMod:CircleOfFlame"],"picked":"TheCursedMod:Torture+1","floor":19},{"not_picked":["TheCursedMod:CursedShiv","TheCursedMod:Obscuration"],"picked":"TheCursedMod:ReleasedStrength","floor":20},{"not_picked":["TheCursedMod:TacticalStrike","TheCursedMod:AshesToAshes"],"picked":"TheCursedMod:RapidMovement","floor":22},{"not_picked":["TheCursedMod:WearCloak","TheCursedMod:CursedBlade"],"picked":"TheCursedMod:CircleOfFocus","floor":24},{"not_picked":["TheCursedMod:ShockAndAwe","TheCursedMod:RapidMovement"],"picked":"TheCursedMod:CircleOfBlood","floor":27},{"not_picked":["TheCursedMod:CursedAmulet","TheCursedMod:VitalStrike"],"picked":"TheCursedMod:SpitefulStrike+1","floor":28}],"player_experience":1080719,"relics_obtained":[{"floor":6,"key":"White Beast Statue"},{"floor":8,"key":"Bottled Lightning"},{"floor":9,"key":"StoneCalendar"},{"floor":12,"key":"Strawberry"},{"floor":24,"key":"Torii"},{"floor":26,"key":"Boot"},{"floor":27,"key":"Eternal Feather"}],"event_choices":[{"damage_healed":0,"gold_gain":0,"player_choice":"Success","damage_taken":12,"relics_obtained":["Lantern"],"max_hp_gain":0,"max_hp_loss":0,"event_name":"Scrap Ooze","floor":4,"gold_loss":0},{"damage_healed":0,"gold_gain":0,"player_choice":"Trade","damage_taken":0,"relics_obtained":["CultistMask"],"max_hp_gain":0,"max_hp_loss":0,"event_name":"FaceTrader","floor":10,"gold_loss":0},{"damage_healed":0,"gold_gain":0,"player_choice":"Gave Potion","damage_taken":0,"relics_obtained":["Singing Bowl"],"max_hp_gain":0,"max_hp_loss":0,"event_name":"WeMeetAgain","floor":21,"gold_loss":0}],"is_beta":false,"boss_relics":[{"not_picked":["Empty Cage","Black Star"],"picked":"SacredBark"}],"items_purged_floors":[],"is_endless":false,"potions_floor_spawned":[6,7,8,11,12,13,16,18,19,20,22,24,27,28],"killed_by":"Book of Stabbing","ascension_level":1}}