{"host":"hg4d4z00zcdsq8kr","time":1609856867,"event":{"mods":["BaseMod","Downfall","Hubris","Infinite Spire","Minty Spire (QoL Compilation)","Replay The Spire","StSLib","The Bug Knight","The Cursed"],"gold_per_floor":[218,218,242,242,253,279,299,9,9,9,28,46,46,66,66,161,161,179,191,191,208,208,233,233,251,326,326,326,342,355,355,355,457,457,473,30,71,71,71,71,71,86,86,113,113,113,125,143,143,143,143],"floor_reached":50,"playtime":3458,"items_purged":["Strike_G","Defend_G","Crippling Poison"],"score":542,"play_id":"5d1226ea-8def-4bfc-8bca-57a9966a2fa4","local_time":"20210105172747","is_ascension_mode":false,"campfire_choices":[{"floor":10,"key":"REST"},{"floor":13,"key":"REST"},{"floor":15,"key":"REST"},{"floor":24,"key":"REST"},{"floor":27,"key":"REST"},{"floor":32,"key":"REST"},{"floor":40,"key":"REST"},{"floor":46,"key":"REST"},{"floor":49,"key":"REST"}],"circlet_count":0,"master_deck":["Strike_G","Strike_G","Strike_G","Strike_G","Defend_G","Defend_G","Defend_G","Survivor","Neutralize","Acrobatics","Deflect","Dagger Spray","Underhanded Strike","Footwork","Reflex","Prepared","After Image","PiercingWail","Die Die Die","Footwork","hubris:SlightOfHand","Blur","infinitespire:Starlight","infinitespire:FutureSight","Leg Sweep+1","Poisoned Stab","infinitespire:Neurotoxin","Blur","Noxious Fumes","Burst","Catalyst+1","ReplayTheSpireMod:Chaos Vortex","Quick Slash+1","Underhanded Strike","Dash+1","Hidden Blade"],"relics":["Ring of the Snake","Potion Belt","GremlinMask","Ginger","hubris:DeckOfHolding","HoveringKite","TwistedFunnel","Chameleon Ring","Singing Bowl","Enchiridion","Ring of Fury","ReplayTheSpireMod:Ring of Collecting","WristBlade","TwistedFunnel","Prayer Wheel","ReplayTheSpireMod:Ring of Challenge","Snack Pack","Strawberry","Ring of Misfortune","infinitespire:Bottled Soul"],"acts_visited":["Exordium","TheCity","TheBeyond"],"potions_floor_usage":[6,7,16,21,33,42,42,42,44,44,47,50],"damage_taken":[{"damage":1,"enemies":"2 Louse","floor":1,"turns":3},{"damage":2,"enemies":"Jaw Worm","floor":5,"turns":6},{"damage":43,"enemies":"Lagavulin","floor":6,"turns":11},{"damage":1,"enemies":"Cultist","floor":7,"turns":3},{"damage":0,"enemies":"Gremlin Gang","floor":11,"turns":9},{"damage":2,"enemies":"Blue Slaver","floor":12,"turns":5},{"damage":5,"enemies":"3 Louse","floor":14,"turns":4},{"damage":35,"enemies":"The Guardian","floor":16,"turns":23},{"damage":14,"enemies":"Chosen","floor":18,"turns":9},{"damage":13,"enemies":"Shell Parasite","floor":19,"turns":13},{"damage":24,"enemies":"Snake Plant","floor":21,"turns":6},{"damage":20,"enemies":"Nightmare","floor":23,"turns":23},{"damage":3,"enemies":"Cultist and Chosen","floor":25,"turns":8},{"damage":22,"enemies":"Snecko","floor":29,"turns":8},{"damage":6,"enemies":"Sentry and Sphere","floor":30,"turns":11},{"damage":52,"enemies":"hubris:MusketHawk","floor":33,"turns":12},{"damage":9,"enemies":"3 Shapes","floor":35,"turns":6},{"damage":10,"enemies":"3 Darklings","floor":42,"turns":4},{"damage":43,"enemies":"Nemesis","floor":44,"turns":5},{"damage":48,"enemies":"Spire Growth","floor":47,"turns":4},{"damage":4,"enemies":"4 Shapes","floor":48,"turns":4},{"damage":77,"enemies":"Donu and Deca","floor":50,"turns":6}],"seed_played":"-284288432685300195","potions_obtained":[{"floor":5,"key":"ColorlessPotion"},{"floor":6,"key":"SteroidPotion"},{"floor":14,"key":"Adrenaline Potion"},{"floor":19,"key":"AttackPotion"},{"floor":30,"key":"SteroidPotion"},{"floor":35,"key":"EntropicBrew"},{"floor":42,"key":"Elixir"},{"floor":48,"key":"Strength Potion"}],"is_trial":false,"path_per_floor":["M","?","T","?","M","E","M","$","T","R","M","M","R","M","R","B",null,"M","M","?","M","AVR","NM","R","M","T","R","?","M","M","?","R","B",null,"M","$","?","?","?","R","$","M","T","E","T","R","M","M","R","B"],"character_chosen":"THE_SILENT","items_purchased":["Footwork","Reflex","Crippling Poison","Noxious Fumes","Burst","TwistedFunnel"],"campfire_rested":9,"item_purchase_floors":[8,8,8,36,36,36],"current_hp_per_floor":[69,74,74,74,72,29,28,28,28,50,50,48,70,65,75,40,75,61,48,48,24,24,14,36,43,43,65,49,39,45,45,68,26,79,78,78,59,40,40,63,63,53,53,27,27,52,18,24,51,0,0],"gold":143,"neow_bonus":"HUNDRED_GOLD","is_daily":false,"chose_seed":false,"campfire_upgraded":0,"win_rate":0.0,"timestamp":1609856867,"path_taken":["M","?","?","?","M","E","M","$","T","R","M","M","R","M","R","BOSS","M","M","?","M","AVR","NM","R","?","T","R","?","M","M","?","R","BOSS","M","$","?","?","?","R","?","M","T","E","?","R","M","?","R","BOSS"],"items_purchased_type":["Card","Card","Card","Card","Card","Relic"],"build_version":"2020-12-22","purchased_purges":3,"victory":false,"max_hp_per_floor":[70,75,75,75,75,75,75,75,75,75,75,75,75,75,75,75,75,75,75,75,75,75,75,75,75,75,75,75,77,79,79,79,79,79,79,79,79,79,79,79,79,79,79,86,86,86,90,92,92,92,92],"card_choices":[{"not_picked":["Sucker Punch","hubris:Counter"],"picked":"Acrobatics","floor":1},{"not_picked":["Acrobatics","Draining Mist"],"picked":"Deflect","floor":5},{"not_picked":["Outmaneuver","Poisoned Stab"],"picked":"Dagger Spray","floor":6},{"not_picked":["Wraith Form v2","Blade Dance"],"picked":"Underhanded Strike","floor":7},{"not_picked":["Slice","ReplayTheSpireMod:Tripwire"],"picked":"Prepared","floor":11},{"not_picked":["Caltrops","Underhanded Strike"],"picked":"After Image","floor":12},{"not_picked":["Bane","hubris:Sniper"],"picked":"PiercingWail","floor":14},{"not_picked":["ReplayTheSpireMod:From All Sides","ReplayTheSpireMod:Necrosis"],"picked":"Die Die Die","floor":16},{"not_picked":["Dodge and Roll","Skewer+1"],"picked":"Footwork","floor":18},{"not_picked":["Prepared+1","Acrobatics"],"picked":"hubris:SlightOfHand","floor":19},{"not_picked":["Wraith Form v2","Eviscerate"],"picked":"Blur","floor":21},{"not_picked":["Endless Agony","Quick Slash"],"picked":"Leg Sweep+1","floor":23},{"not_picked":["Accuracy","Riddle With Holes"],"picked":"Poisoned Stab","floor":25},{"not_picked":["ReplayTheSpireMod:Tripwire","PiercingWail","Flechettes"],"picked":"Singing Bowl","floor":29},{"not_picked":["PiercingWail","Masterful Stab","Acrobatics"],"picked":"Singing Bowl","floor":30},{"not_picked":["Wraith Form v2","Poison Darts"],"picked":"infinitespire:Neurotoxin","floor":33},{"not_picked":["Toxin Wave","Backflip+1"],"picked":"Blur","floor":35},{"not_picked":["ReplayTheSpireMod:Tripwire+1","Quick Slash"],"picked":"Catalyst+1","floor":37},{"not_picked":["ReplayTheSpireMod:Echoes of Time","ReplayTheSpireMod:Book of Names"],"picked":"ReplayTheSpireMod:Chaos Vortex","floor":38},{"not_picked":["Acrobatics","Heel Hook"],"picked":"Quick Slash+1","floor":42},{"not_picked":["Slice+1","Blade Dance+1"],"picked":"Underhanded Strike","floor":42},{"not_picked":["Dodge and Roll+1","Slice+1"],"picked":"Dash+1","floor":44},{"not_picked":["hubris:Counter","Hidden Blade+1","Phantasmal Killer"],"picked":"Singing Bowl","floor":47},{"not_picked":["Acrobatics","Bane","Crippling Poison"],"picked":"Singing Bowl","floor":47},{"not_picked":["Distraction","Flying Knee","Quick Slash+1"],"picked":"Singing Bowl","floor":48},{"not_picked":["Sucker Punch","Predator+1"],"picked":"Hidden Blade","floor":48}],"player_experience":682736,"relics_obtained":[{"floor":3,"key":"Potion Belt"},{"floor":6,"key":"Ginger"},{"floor":9,"key":"hubris:DeckOfHolding"},{"floor":23,"key":"Chameleon Ring"},{"floor":26,"key":"Singing Bowl"},{"floor":28,"key":"Enchiridion"},{"floor":31,"key":"Ring of Fury"},{"floor":31,"key":"ReplayTheSpireMod:Ring of Collecting"},{"floor":37,"key":"Prayer Wheel"},{"floor":43,"key":"ReplayTheSpireMod:Ring of Challenge"},{"floor":43,"key":"Snack Pack"},{"floor":44,"key":"Strawberry"},{"floor":45,"key":"Ring of Misfortune"},{"floor":45,"key":"infinitespire:Bottled Soul"}],"event_choices":[{"damage_healed":0,"gold_gain":0,"player_choice":"Donut","damage_taken":0,"max_hp_gain":5,"max_hp_loss":0,"event_name":"Big Fish","floor":2,"gold_loss":0},{"damage_healed":0,"gold_gain":0,"player_choice":"Trade","damage_taken":0,"relics_obtained":["GremlinMask"],"max_hp_gain":0,"max_hp_loss":0,"event_name":"FaceTrader","floor":4,"gold_loss":0},{"cards_removed":["Defend_G"],"damage_healed":0,"gold_gain":0,"player_choice":"Purged","damage_taken":0,"max_hp_gain":0,"max_hp_loss":0,"event_name":"Purifier","floor":20,"gold_loss":0},{"damage_healed":0,"gold_gain":0,"player_choice":"Obtained Book","damage_taken":16,"max_hp_gain":0,"max_hp_loss":0,"event_name":"Cursed Tome","floor":28,"gold_loss":0}],"is_beta":false,"boss_relics":[{"not_picked":["hubris:HollowSoul","ReplayTheSpireMod:DimensionalGlitch"],"picked":"HoveringKite"},{"not_picked":["Coffee Dripper","hubris:GrandSneckoEye"],"picked":"WristBlade"}],"items_purged_floors":[8,22,36],"is_endless":true,"potions_floor_spawned":[5,6,14,19,30,35,42,48],"killed_by":"Donu and Deca","ascension_level":0}}