{"host":"2se5dq1do2gp0x9k","time":1609885030,"event":{"mods":["BaseMod","Block Reminder","Colored Map","Colored Powertips","Minty Spire (QoL Compilation)","Relic Stats","StSLib","SuperFastMode","Synergy Search"],"gold_per_floor":[111,122,142,162,162,162,162,162,162,162,188,65,82,98,98,98,98],"floor_reached":16,"playtime":562,"items_purged":["Strike_P"],"score":179,"play_id":"8d72f950-91e1-4a11-88c9-2303e47f0403","local_time":"20210105141710","is_ascension_mode":true,"campfire_choices":[{"floor":6.0,"key":"REST"},{"data":"PathToVictory","floor":8.0,"key":"SMITH"},{"data":"CrushJoints","floor":15,"key":"SMITH"}],"circlet_count":0,"master_deck":["AscendersBane","Strike_P","Strike_P","Defend_P","Defend_P","Defend_P","Eruption","Vigilance","Nirvana","PathToVictory+1","Weave","Nirvana","CrushJoints+1","FollowUp","Conclude","ThirdEye","ThirdEye","FlyingSleeves"],"relics":["PureWater","Mummified Hand","Eternal Feather","Sundial","Unceasing Top"],"acts_visited":["Exordium"],"potions_floor_usage":[11,16],"damage_taken":[{"damage":0.0,"enemies":"Cultist","floor":1.0,"turns":3.0},{"damage":0.0,"enemies":"Jaw Worm","floor":2.0,"turns":3.0},{"damage":0.0,"enemies":"Small Slimes","floor":3.0,"turns":4.0},{"damage":8.0,"enemies":"Red Slaver","floor":4.0,"turns":4.0},{"damage":42,"enemies":"3 Sentries","floor":11,"turns":11},{"damage":0,"enemies":"Large Slime","floor":13,"turns":5},{"damage":11,"enemies":"Lots of Slimes","floor":14,"turns":4},{"damage":16,"enemies":"Hexaghost","floor":16,"turns":2}],"seed_played":"4840748129947083287","potions_obtained":[{"floor":1.0,"key":"Weak Potion"},{"floor":13,"key":"BlessingOfTheForge"},{"floor":14,"key":"EssenceOfSteel"}],"is_trial":false,"path_per_floor":["M","M","M","M","?","R","T","R","T","?","E","$","M","M","R","B"],"character_chosen":"WATCHER","items_purchased":["ThirdEye"],"campfire_rested":1,"item_purchase_floors":[12],"current_hp_per_floor":[43,43,43,35,9,29,29,38,38,60,18,18,18,7,16,0,0],"gold":98,"neow_bonus":"TRANSFORM_TWO_CARDS","is_daily":false,"chose_seed":false,"campfire_upgraded":2,"win_rate":0.0,"timestamp":1609885030,"path_taken":["M","?","M","M","?","R","?","R","T","?","E","$","?","M","R","BOSS"],"items_purchased_type":["Card"],"build_version":"2020-12-22","purchased_purges":1,"victory":false,"max_hp_per_floor":[68,68,68,68,68,68,68,68,68,68,68,68,68,68,68,68,68],"relic_stats":{"counters":[8,36],"Mummified Hand":[6],"Sundial":[2],"Eternal Feather":18,"obtain_stats":[{"Mummified Hand":5,"Sundial":9,"Eternal Feather":7,"PureWater":0,"Unceasing Top":11},{"Mummified Hand":4,"Sundial":4,"Eternal Feather":4,"PureWater":0,"Unceasing Top":5},{"Mummified Hand":14,"Sundial":14,"Eternal Feather":14,"PureWater":0,"Unceasing Top":25}],"Unceasing Top":[4]},"card_choices":[{"not_picked":["FlyingSleeves","JustLucky"],"picked":"Weave","floor":1.0},{"not_picked":["EmptyFist","Consecrate"],"picked":"Nirvana","floor":2.0},{"not_picked":["WaveOfTheHand","Protect"],"picked":"CrushJoints","floor":3.0},{"not_picked":["BattleHymn","Tantrum"],"picked":"FollowUp","floor":4.0},{"not_picked":["FlyingSleeves","Consecrate"],"picked":"Conclude","floor":11},{"not_picked":["Weave","Halt"],"picked":"ThirdEye","floor":13},{"not_picked":["ClearTheMind","Collect"],"picked":"FlyingSleeves","floor":14}],"player_experience":3784372,"relics_obtained":[{"floor":7.0,"key":"Eternal Feather"},{"floor":9.0,"key":"Sundial"},{"floor":11,"key":"Unceasing Top"}],"event_choices":[{"damage_healed":0.0,"max_hp_gain":0.0,"max_hp_loss":0.0,"gold_gain":0.0,"event_name":"Scrap Ooze","player_choice":"Success","floor":5.0,"gold_loss":0.0,"damage_taken":26.0,"relics_obtained":["Mummified Hand"]},{"damage_healed":22.0,"max_hp_gain":0.0,"max_hp_loss":0.0,"gold_gain":0.0,"event_name":"Big Fish","player_choice":"Banana","floor":10.0,"gold_loss":0.0,"damage_taken":0.0}],"is_beta":false,"boss_relics":[],"items_purged_floors":[12],"is_endless":false,"potions_floor_spawned":[1,13,14],"killed_by":"Hexaghost","ascension_level":15}}