{"host":"29nokk5suv5vtcrv","time":1609865866,"event":{"mods":["BaseMod","Minty Spire (QoL Compilation)","Slay-I"],"gold_per_floor":[116,116,132,207,217,217,227,240,240,254,254,254,204,204,204,204,204],"floor_reached":16,"playtime":775,"items_purged":[],"score":133,"play_id":"f7c294ad-0efd-42fe-b5f8-756562e619a7","local_time":"20210105175746","is_ascension_mode":true,"campfire_choices":[{"data":"Body Slam","floor":6,"key":"SMITH"},{"data":"Entrench","floor":11,"key":"SMITH"},{"data":"Cleave","floor":15,"key":"SMITH"}],"circlet_count":0,"master_deck":["Strike_R","Strike_R","Strike_R","Strike_R","Defend_R","Defend_R","Defend_R","Defend_R","Bash","Impervious","Body Slam+1","Cleave+1","Entrench+1"],"relics":["Burning Blood","Meat on the Bone","WingedGreaves"],"acts_visited":["Exordium"],"potions_floor_usage":[16,16],"damage_taken":[{"damage":6,"enemies":"Cultist","floor":1,"turns":4},{"damage":8,"enemies":"2 Louse","floor":3,"turns":5},{"damage":1,"enemies":"Small Slimes","floor":5,"turns":3},{"damage":19,"enemies":"Gremlin Gang","floor":7,"turns":5},{"damage":19,"enemies":"Blue Slaver","floor":8,"turns":5},{"damage":7,"enemies":"Large Slime","floor":10,"turns":6},{"damage":72,"enemies":"The Guardian","floor":16,"turns":11}],"seed_played":"5698761554088144864","potions_obtained":[{"floor":1,"key":"Strength Potion"},{"floor":7,"key":"SkillPotion"},{"floor":8,"key":"SneckoOil"}],"is_trial":false,"path_per_floor":["M","$","M","?","M","R","M","M","T","M","R","?","?","?","R","B"],"character_chosen":"IRONCLAD","items_purchased":[],"campfire_rested":0,"item_purchase_floors":[],"current_hp_per_floor":[72,72,70,59,64,64,51,38,38,49,49,49,49,49,49,0,0],"gold":204,"neow_bonus":"ONE_RANDOM_RARE_CARD","is_daily":false,"chose_seed":false,"campfire_upgraded":3,"win_rate":0.0,"timestamp":1609865866,"path_taken":["M","$","M","?","M","R","M","M","T","M","R","?","?","?","R","BOSS"],"items_purchased_type":[],"build_version":"2020-12-22","purchased_purges":0,"victory":false,"max_hp_per_floor":[80,80,80,80,80,80,80,80,80,80,80,80,80,80,80,80,80],"card_choices":[{"not_picked":["Headbutt","Pommel Strike"],"picked":"Body Slam","floor":1},{"not_picked":["Uppercut","Ghostly Armor"],"picked":"Cleave","floor":3},{"not_picked":["Spot Weakness","Twin Strike","Fire Breathing"],"picked":"SKIP","floor":5},{"not_picked":["Perfected Strike","Evolve","Warcry"],"picked":"SKIP","floor":7},{"not_picked":["Inflame","Exhume","Headbutt"],"picked":"SKIP","floor":8},{"not_picked":["Warcry","Pommel Strike"],"picked":"Entrench","floor":10}],"player_experience":865627,"relics_obtained":[{"floor":9,"key":"Meat on the Bone"}],"event_choices":[{"damage_healed":0,"gold_gain":75,"player_choice":"Gather Gold","damage_taken":11,"max_hp_gain":0,"max_hp_loss":0,"event_name":"World of Goop","floor":4,"gold_loss":0},{"damage_healed":0,"gold_gain":0,"player_choice":"Ignored","damage_taken":0,"max_hp_gain":0,"max_hp_loss":0,"event_name":"Liars Game","floor":12,"gold_loss":0},{"cards_removed":["Strike_R"],"damage_healed":0,"gold_gain":0,"player_choice":"Card Removal","damage_taken":0,"max_hp_gain":0,"max_hp_loss":0,"event_name":"The Cleric","floor":13,"gold_loss":50},{"damage_healed":0,"gold_gain":0,"player_choice":"Gave Potion","damage_taken":0,"relics_obtained":["WingedGreaves"],"max_hp_gain":0,"max_hp_loss":0,"event_name":"WeMeetAgain","floor":14,"gold_loss":0}],"is_beta":false,"boss_relics":[],"items_purged_floors":[],"is_endless":false,"potions_floor_spawned":[1,7,8],"killed_by":"The Guardian","ascension_level":9}}