{"host":"ig7tc0uedzltt2sr","time":1609827222,"event":{"mods":["BaseMod","Better Twitch Integration","Block Reminder","Colored Map","Colored Powertips","Communication Mod","Current Relic Mod","GifTheSpireLib","HexUI Lib","Minty Spire (QoL Compilation)","Quick Restart","Random Character Button","Rare Cards Sparkle","Relic Sorter","Relic Stats","Slay the Relics Exporter","StSLib","SuperFastMode","Synergy Search","Twitch Decklist","Twitch Utils","everything is the same but u backflip on backflip","slay the spire mod where everything is the same but ironclad has a cowboy hat"],"gold_per_floor":[112,128,147,147,167,167,167],"floor_reached":6,"playtime":53,"items_purged":[],"score":38,"play_id":"cd4ffa57-81af-4bf6-8265-66daad7de95b","local_time":"20210104221342","is_ascension_mode":false,"campfire_choices":[],"circlet_count":0,"master_deck":["Strike_R","Strike_R","Strike_R","Strike_R","Strike_R","Defend_R","Defend_R","Defend_R","Defend_R","Bash","Hemokinesis","Metallicize","Infernal Blade"],"relics":["Burning Blood","Ancient Tea Set","Toy Ornithopter"],"acts_visited":["Exordium"],"potions_floor_usage":[],"damage_taken":[{"damage":45,"enemies":"Cultist","floor":1,"turns":9},{"damage":5,"enemies":"Small Slimes","floor":2,"turns":7},{"damage":29,"enemies":"Jaw Worm","floor":3,"turns":6},{"damage":18,"enemies":"Blue Slaver","floor":5,"turns":3},{"damage":20,"enemies":"Lagavulin","floor":6,"turns":2}],"seed_played":"-3006939718606045504","potions_obtained":[{"floor":3,"key":"Strength Potion"}],"is_trial":false,"path_per_floor":["M","M","M","T","M","E"],"character_chosen":"IRONCLAD","items_purchased":[],"campfire_rested":0,"item_purchase_floors":[],"current_hp_per_floor":[41,42,19,19,12,0,0],"gold":167,"neow_bonus":"RANDOM_COMMON_RELIC","is_daily":false,"chose_seed":false,"campfire_upgraded":0,"win_rate":0.0,"timestamp":1609827222,"path_taken":["M","M","M","?","M","E"],"items_purchased_type":[],"build_version":"2020-12-22","purchased_purges":0,"victory":false,"max_hp_per_floor":[80,80,80,80,80,80,80],"relic_stats":{"counters":[5,27],"obtain_stats":[{"Ancient Tea Set":0,"Burning Blood":0,"Toy Ornithopter":4},{"Ancient Tea Set":0,"Burning Blood":0,"Toy Ornithopter":3},{"Ancient Tea Set":0,"Burning Blood":0,"Toy Ornithopter":22}],"Burning Blood":24,"Toy Ornithopter":5},"card_choices":[{"not_picked":["True Grit","Shockwave","Pommel Strike"],"picked":"SKIP","floor":1},{"not_picked":["Spot Weakness","Seeing Red"],"picked":"Hemokinesis","floor":2},{"not_picked":["Heavy Blade","Bloodletting"],"picked":"Metallicize","floor":3},{"not_picked":["Battle Trance","Headbutt"],"picked":"Infernal Blade","floor":5}],"player_experience":1427524,"relics_obtained":[{"floor":4,"key":"Toy Ornithopter"}],"event_choices":[],"is_beta":false,"boss_relics":[],"items_purged_floors":[],"is_endless":false,"potions_floor_spawned":[3],"killed_by":"Lagavulin","ascension_level":0}}