{"host":"kg61lsvem4dxoat8","time":1609865665,"event":{"mods":["BaseMod","Colored Powertips","Minty Spire (QoL Compilation)","Quick Restart","Rare Cards Sparkle","Relic Stats","slay the spire mod where everything is the same but ironclad has a cowboy hat"],"gold_per_floor":[367,387,403,403,328,363,432,34,34,49,49,99,149,166,166,264,264,282,348,398,318,368,368,395,395,404,10,101,250,266,286,286,390,390,409,459,311,322,166,166,166,166],"floor_reached":41,"playtime":1330,"items_purged":["Strike_R","Strike_R"],"score":557,"play_id":"741f9f15-0eba-4795-9e20-e994b6dd0d0a","local_time":"20210106005425","is_ascension_mode":true,"campfire_choices":[{"data":"Immolate","floor":11,"key":"SMITH"},{"floor":15,"key":"REST"},{"data":"Barricade","floor":23,"key":"SMITH"},{"data":"Entrench","floor":25,"key":"SMITH"},{"data":"Flame Barrier","floor":32,"key":"SMITH"},{"floor":40,"key":"REST"}],"circlet_count":0,"master_deck":["Strike_R+1","Strike_R+1","Defend_R+1","Defend_R+1","Defend_R+1","Defend_R+1","Bash+1","Flex+1","Dropkick+1","Twin Strike+1","Immolate+1","Carnage+1","Metallicize+1","Barricade+1","Wild Strike+1","Entrench+1","Flame Barrier+1","Shrug It Off+1","Writhe","Regret","Impervious+1","Feel No Pain+1","Infernal Blade+1","Wild Strike+1"],"relics":["Black Blood","SsserpentHead","Pantograph","Anchor","CaptainsWheel","Ginger","Orichalcum","Cursed Key","Incense Burner","CeramicFish","Torii","Matryoshka","Red Mask","Mark of the Bloom","Oddly Smooth Stone","Bronze Scales"],"acts_visited":["Exordium","TheCity","TheBeyond"],"potions_floor_usage":[6,16,16,24,24,33,33],"damage_taken":[{"damage":7,"enemies":"Jaw Worm","floor":1,"turns":3},{"damage":0,"enemies":"Cultist","floor":2,"turns":3},{"damage":14,"enemies":"2 Louse","floor":3,"turns":3},{"damage":50,"enemies":"3 Sentries","floor":6,"turns":10},{"damage":22,"enemies":"Exordium Thugs","floor":7,"turns":4},{"damage":1,"enemies":"Looter","floor":10,"turns":3},{"damage":1,"enemies":"3 Louse","floor":14,"turns":2},{"damage":36,"enemies":"Hexaghost","floor":16,"turns":9},{"damage":5,"enemies":"Shell Parasite","floor":18,"turns":5},{"damage":10,"enemies":"3 Byrds","floor":19,"turns":4},{"damage":10,"enemies":"Slavers","floor":24,"turns":13},{"damage":19,"enemies":"Masked Bandits","floor":28,"turns":4},{"damage":12,"enemies":"Centurion and Healer","floor":30,"turns":9},{"damage":19,"enemies":"Sentry and Sphere","floor":31,"turns":11},{"damage":5,"enemies":"Collector","floor":33,"turns":11},{"damage":18,"enemies":"3 Shapes","floor":35,"turns":6},{"damage":18,"enemies":"3 Darklings","floor":38,"turns":4},{"damage":34,"enemies":"Nemesis","floor":41,"turns":6}],"seed_played":"5337882088010411839","potions_obtained":[{"floor":3,"key":"Ancient Potion"},{"floor":6,"key":"Fruit Juice"},{"floor":7,"key":"ElixirPotion"},{"floor":10,"key":"Strength Potion"},{"floor":14,"key":"SteroidPotion"},{"floor":18,"key":"HeartOfIron"},{"floor":19,"key":"Block Potion"},{"floor":30,"key":"Energy Potion"},{"floor":38,"key":"Block Potion"}],"is_trial":false,"path_per_floor":["M","M","M","?","$","E","M","$","T","M","R","?","T","M","R","B",null,"M","M","?","$","?","R","E","R","T","$","?","?","M","M","R","B",null,"M","?","$","M","$","R","E"],"character_chosen":"IRONCLAD","items_purchased":["Carnage","Anchor","Metallicize","Flame Barrier","Shrug It Off","CultistPotion","Matryoshka","Impervious","Oddly Smooth Stone","Bronze Scales"],"campfire_rested":2,"item_purchase_floors":[8,8,8,21,21,27,27,27,37,39],"current_hp_per_floor":[71,72,64,64,64,25,9,9,9,14,14,2,2,7,30,25,64,65,61,61,61,61,61,57,57,57,57,44,44,38,25,25,51,71,65,65,65,47,47,47,13,13],"gold":166,"neow_bonus":"TWO_FIFTY_GOLD","is_daily":false,"chose_seed":false,"campfire_upgraded":4,"win_rate":0.0,"timestamp":1609865665,"path_taken":["M","M","M","?","$","E","?","$","T","M","R","?","?","M","R","BOSS","M","?","?","?","?","R","E","R","T","$","?","?","M","M","R","BOSS","M","?","$","M","$","R","E"],"items_purchased_type":["Card","Relic","Card","Card","Card","Potion","Relic","Card","Relic","Relic"],"build_version":"2020-12-22","purchased_purges":2,"victory":false,"max_hp_per_floor":[72,72,72,72,72,77,77,77,77,77,77,77,77,77,77,77,77,77,77,77,77,77,77,77,77,77,77,77,77,77,77,77,77,77,77,77,77,77,77,77,77,77],"relic_stats":{"SsserpentHead":500,"Mark of the Bloom":35,"Torii":9,"counters":[18,109],"Pantograph":50,"CeramicFish":45,"Bronze Scales":[24],"Black Blood":97,"Ginger":[5],"Orichalcum":[60],"Cursed Key":1,"obtain_stats":[{"Mark of the Bloom":36,"Torii":26,"CeramicFish":24,"Black Blood":34,"Oddly Smooth Stone":37,"Incense Burner":22,"Ginger":12,"Orichalcum":13,"Cursed Key":17,"Burning Blood":0,"SsserpentHead":4,"Anchor":8,"CaptainsWheel":9,"Matryoshka":27,"Pantograph":6,"Bronze Scales":39,"Red Mask":28},{"Mark of the Bloom":16,"Torii":11,"CeramicFish":11,"Black Blood":15,"Oddly Smooth Stone":16,"Incense Burner":10,"Ginger":6,"Orichalcum":6,"Cursed Key":8,"Burning Blood":0,"SsserpentHead":3,"Anchor":5,"CaptainsWheel":5,"Matryoshka":11,"Pantograph":4,"Bronze Scales":17,"Red Mask":12},{"Mark of the Bloom":100,"Torii":59,"CeramicFish":59,"Black Blood":94,"Oddly Smooth Stone":100,"Incense Burner":46,"Ginger":26,"Orichalcum":26,"Cursed Key":37,"Burning Blood":0,"SsserpentHead":9,"Anchor":23,"CaptainsWheel":23,"Matryoshka":59,"Pantograph":19,"Bronze Scales":104,"Red Mask":63}]},"card_choices":[{"not_picked":["Clash","Iron Wave"],"picked":"Flex","floor":1},{"not_picked":["Headbutt","Pommel Strike"],"picked":"Dropkick","floor":2},{"not_picked":["Cleave","Flex"],"picked":"Twin Strike","floor":3},{"not_picked":["Clash","Iron Wave"],"picked":"Immolate","floor":6},{"not_picked":["Battle Trance","Hemokinesis","Anger"],"picked":"SKIP","floor":7},{"not_picked":["Pommel Strike","Wild Strike","Clash"],"picked":"SKIP","floor":10},{"not_picked":["Sword Boomerang","Body Slam","Havoc"],"picked":"SKIP","floor":14},{"not_picked":["Offering","Demon Form"],"picked":"Barricade","floor":16},{"not_picked":["Warcry","Sever Soul"],"picked":"Wild Strike+1","floor":18},{"not_picked":["Spot Weakness+1","Twin Strike+1"],"picked":"Entrench","floor":19},{"not_picked":["Reckless Charge","Pommel Strike","Warcry+1"],"picked":"SKIP","floor":24},{"not_picked":["Perfected Strike+1","Havoc"],"picked":"Feel No Pain","floor":28},{"not_picked":["Heavy Blade+1","Headbutt","Wild Strike"],"picked":"SKIP","floor":30},{"not_picked":["Sword Boomerang","Disarm"],"picked":"Infernal Blade","floor":31},{"not_picked":["Pommel Strike","Entrench"],"picked":"Wild Strike+1","floor":35},{"not_picked":["Iron Wave+1","Sentinel","Headbutt+1"],"picked":"SKIP","floor":38}],"player_experience":1303433,"relics_obtained":[{"floor":6,"key":"Pantograph"},{"floor":9,"key":"CaptainsWheel"},{"floor":13,"key":"Orichalcum"},{"floor":24,"key":"CeramicFish"},{"floor":26,"key":"Torii"},{"floor":28,"key":"Red Mask"}],"event_choices":[{"damage_healed":0,"gold_gain":0,"player_choice":"Trade","damage_taken":0,"relics_obtained":["SsserpentHead"],"max_hp_gain":0,"max_hp_loss":0,"event_name":"FaceTrader","floor":4,"gold_loss":0},{"damage_healed":0,"gold_gain":0,"player_choice":"Success","damage_taken":12,"relics_obtained":["Ginger"],"max_hp_gain":0,"max_hp_loss":0,"event_name":"Scrap Ooze","floor":12,"gold_loss":0},{"cards_removed":["Strike_R"],"damage_healed":0,"gold_gain":0,"player_choice":"Offered Basic","damage_taken":0,"max_hp_gain":0,"max_hp_loss":0,"event_name":"Bonfire Elementals","floor":20,"gold_loss":0},{"damage_healed":0,"gold_gain":0,"player_choice":"Opened","damage_taken":0,"relics_obtained":["Incense Burner"],"max_hp_gain":0,"max_hp_loss":0,"event_name":"The Mausoleum","floor":22,"gold_loss":0,"cards_obtained":["Writhe"]},{"damage_healed":0,"gold_gain":0,"player_choice":"Fought Bandits","damage_taken":0,"max_hp_gain":0,"max_hp_loss":0,"event_name":"Masked Bandits","floor":28,"gold_loss":0},{"damage_healed":0,"gold_gain":99,"player_choice":"Stole From Cult","damage_taken":0,"max_hp_gain":0,"max_hp_loss":0,"event_name":"Nest","floor":29,"gold_loss":0},{"damage_healed":0,"gold_gain":0,"player_choice":"Upgrade","damage_taken":0,"relics_obtained":["Mark of the Bloom"],"max_hp_gain":0,"max_hp_loss":0,"event_name":"MindBloom","floor":36,"gold_loss":0,"cards_upgraded":["Strike_R","Strike_R","Defend_R","Defend_R","Defend_R","Defend_R","Bash","Flex","Dropkick","Twin Strike","Carnage","Metallicize","Shrug It Off","Impervious","Feel No Pain","Infernal Blade"]}],"is_beta":false,"boss_relics":[{"not_picked":["Pandora\u0027s Box","Runic Pyramid"],"picked":"Cursed Key"},{"not_picked":["Sozu","Runic Cube"],"picked":"Black Blood"}],"items_purged_floors":[5,8],"is_endless":false,"potions_floor_spawned":[3,6,7,10,14,18,19,30,38],"killed_by":"Nemesis","ascension_level":6}}