{"host":"8m3txu8mcyu46pv6","time":1609852112,"event":{"mods":["ATMod(阿瑾Mod)","BaseMod","Minty Spire (QoL Compilation)","StSLib","【功能Mod】Neow奖励","没有小屋子和绿帽子啦"],"gold_per_floor":[111,128,128,143,155,180,180,209,209,209,219,250,250,283,283,357,357,372,390,390,400,417,417,442,452,452,468,496,496,525,538,538,613,613,626,626,637,400,400,400,429,447,474,503,503,514,527,539,539,539,539,539,70,98,98],"floor_reached":56,"playtime":2580,"items_purged":["Strike_R","Writhe"],"score":3343,"play_id":"4cdaa2ae-3553-423c-b52f-910271afb6ae","local_time":"20210105210832","is_ascension_mode":true,"campfire_choices":[{"data":"AT_EmpoweredMortalDraw","floor":7.0,"key":"SMITH"},{"data":"AT_BodySlamDance","floor":15.0,"key":"SMITH"},{"data":"Offering","floor":23.0,"key":"SMITH"},{"data":"Seeing Red","floor":29.0,"key":"SMITH"},{"floor":32.0,"key":"RECALL"},{"data":"Juggernaut","floor":40.0,"key":"SMITH"},{"data":"Second Wind","floor":45.0,"key":"SMITH"},{"data":"Entrench","floor":49.0,"key":"SMITH"},{"data":"Ghostly Armor","floor":52.0,"key":"SMITH"}],"circlet_count":0,"master_deck":["AscendersBane","Strike_R","Strike_R","Strike_R","Strike_R","Defend_R","Defend_R","Defend_R","Defend_R","Bash","AT_EmpoweredMortalDraw+1","AT_FamilyPortrait+1","AT_BodySlamDance+1","Ghostly Armor+1","Bloodletting","Offering+1","AT_ShrugMaster+1","Double Tap+1","Seeing Red+1","Battle Trance+1","Second Wind+1","Barricade+1","Juggernaut+1","AT_BodySlamDance+1","Entrench+1","Shockwave"],"relics":["AT_ATBox","AT_MortalBlade","AT_BellDemon","Meat on the Bone","Mummified Hand","Juzu Bracelet","Blood Vial","Kunai","Oddly Smooth Stone","Ice Cream","AT_BladeRuinedKing","Mark of Pain","Ornamental Fan","AT_Kusabimaru","AT_RabadonDeathcap","Bird Faced Urn","AT_RedTearstoneRing","Charon\u0027s Ashes","Toy Ornithopter","AT_SilvercatRing","AT_RedNoBalance","AT_EbonyIvory","Cursed Key","Question Card","Spirit Poop","Singing Bowl","ClockworkSouvenir","Lantern","Ancient Tea Set","AT_PhaseBoots","Nunchaku","AT_TimeSand","InkBottle","Toolbox","Bronze Scales","Bag of Marbles"],"acts_visited":["Exordium","TheCity","TheBeyond","TheEnding"],"potions_floor_usage":[55,55],"damage_taken":[{"damage":11.0,"enemies":"2 Louse","floor":1.0,"turns":2.0},{"damage":0.0,"enemies":"Cultist","floor":2.0,"turns":2.0},{"damage":0.0,"enemies":"Small Slimes","floor":4.0,"turns":2.0},{"damage":12.0,"enemies":"Looter","floor":5.0,"turns":2.0},{"damage":10.0,"enemies":"Gremlin Nob","floor":6.0,"turns":3.0},{"damage":0.0,"enemies":"Lagavulin","floor":8.0,"turns":3.0},{"damage":0.0,"enemies":"Lots of Slimes","floor":11.0,"turns":2.0},{"damage":2.0,"enemies":"3 Sentries","floor":12.0,"turns":2.0},{"damage":3.0,"enemies":"Lagavulin","floor":14.0,"turns":3.0},{"damage":3.0,"enemies":"Slime Boss","floor":16.0,"turns":4.0},{"damage":0.0,"enemies":"Chosen","floor":18.0,"turns":2.0},{"damage":11.0,"enemies":"Shell Parasite","floor":19.0,"turns":2.0},{"damage":15.0,"enemies":"Centurion and Healer","floor":21.0,"turns":2.0},{"damage":6.0,"enemies":"3 Cultists","floor":22.0,"turns":1.0},{"damage":14.0,"enemies":"Book of Stabbing","floor":24.0,"turns":2.0},{"damage":0.0,"enemies":"Snake Plant","floor":25.0,"turns":1.0},{"damage":1.0,"enemies":"Snecko","floor":27.0,"turns":2.0},{"damage":7.0,"enemies":"Gremlin Leader","floor":28.0,"turns":2.0},{"damage":3.0,"enemies":"Book of Stabbing","floor":30.0,"turns":3.0},{"damage":6.0,"enemies":"Sentry and Sphere","floor":31.0,"turns":2.0},{"damage":0.0,"enemies":"Collector","floor":33.0,"turns":4.0},{"damage":1.0,"enemies":"3 Shapes","floor":35.0,"turns":2.0},{"damage":0.0,"enemies":"Orb Walker","floor":37.0,"turns":2.0},{"damage":0.0,"enemies":"Giant Head","floor":41.0,"turns":2.0},{"damage":7.0,"enemies":"3 Darklings","floor":42.0,"turns":4.0},{"damage":21.0,"enemies":"Nemesis","floor":44.0,"turns":2.0},{"damage":0.0,"enemies":"Jaw Worm Horde","floor":46.0,"turns":2.0},{"damage":6.0,"enemies":"Transient","floor":47.0,"turns":6.0},{"damage":0.0,"enemies":"Maw","floor":48.0,"turns":2.0},{"damage":19.0,"enemies":"Awakened One","floor":50.0,"turns":4.0},{"damage":10,"enemies":"Shield and Spear","floor":54,"turns":2},{"damage":41,"enemies":"The Heart","floor":55,"turns":4}],"seed_played":"3905072936571529384","potions_obtained":[{"floor":1.0,"key":"CultistPotion"},{"floor":5.0,"key":"GamblersBrew"},{"floor":11.0,"key":"ColorlessPotion"},{"floor":12.0,"key":"ColorlessPotion"},{"floor":16.0,"key":"AttackPotion"},{"floor":19.0,"key":"Swift Potion"},{"floor":21.0,"key":"Weak Potion"},{"floor":24.0,"key":"AttackPotion"},{"floor":25.0,"key":"SteroidPotion"},{"floor":44.0,"key":"FearPotion"}],"is_trial":false,"path_per_floor":["M","M","?","M","M","E","R","E","T","?","M","E","?","E","R","B",null,"M","M","T","M","M","R","E","M","T","M","E","R","E","M","R","B",null,"M","?","M","$","?","R","E","M","T","E","R","M","M","M","R","B",null,"R","$","E","B",null],"character_chosen":"IRONCLAD","items_purchased":["ClockworkSouvenir","Toolbox","Bronze Scales","Shockwave"],"campfire_rested":0,"item_purchase_floors":[38,53,53,53],"current_hp_per_floor":[57,57,57,57,45,47,47,47,47,47,49,49,49,48,48,47,68,70,61,61,48,44,44,46,48,48,51,48,48,49,47,47,43,67,40,40,46,46,46,46,54,57,57,49,49,59,61,65,65,54,77,77,77,77,54],"gold":98,"neow_bonus":"BOSS_RELIC","is_daily":false,"chose_seed":false,"campfire_upgraded":8,"win_rate":0.0,"timestamp":1609852112,"path_taken":["M","M","?","M","M","E","R","E","T","?","M","E","?","E","R","BOSS","M","M","?","M","M","R","E","M","T","M","E","R","E","M","R","BOSS","M","?","M","$","?","R","E","M","T","E","R","M","M","M","R","BOSS","R","$","E","BOSS"],"items_purchased_type":["Relic","Relic","Relic","Card"],"build_version":"2020-12-22","purchased_purges":2,"victory":true,"max_hp_per_floor":[75,75,75,75,75,75,75,75,75,75,75,75,75,75,75,75,75,75,75,75,75,75,75,75,75,75,75,75,75,75,75,75,75,75,75,75,77,77,77,77,79,81,81,83,83,85,85,85,85,85,85,85,85,87,87],"card_choices":[{"not_picked":["Heavy Blade","Dropkick"],"picked":"AT_BodySlamDance","floor":1.0},{"not_picked":["Hemokinesis","Combust","Sword Boomerang"],"picked":"SKIP","floor":2.0},{"not_picked":["Armaments","Headbutt"],"picked":"Ghostly Armor","floor":4.0},{"not_picked":["AT_BodySlamDance","Perfected Strike","Reckless Charge"],"picked":"SKIP","floor":5.0},{"not_picked":["Twin Strike","Blood for Blood"],"picked":"Bloodletting","floor":6.0},{"not_picked":["Clash","AT_DrawKnifeCut"],"picked":"Offering","floor":8.0},{"not_picked":["Armaments","Pommel Strike","Sword Boomerang"],"picked":"SKIP","floor":11.0},{"not_picked":["Carnage","Twin Strike"],"picked":"AT_ShrugMaster","floor":12.0},{"not_picked":["Flex","Immolate","Flame Barrier"],"picked":"SKIP","floor":14.0},{"not_picked":["Berserk","Immolate"],"picked":"Double Tap","floor":16.0},{"not_picked":["Infernal Blade","Headbutt","Rage"],"picked":"SKIP","floor":18.0},{"not_picked":["Fire Breathing","Rampage","AT_DrawKnifeCut+1"],"picked":"SKIP","floor":19.0},{"not_picked":["Thunderclap","Cleave","Reckless Charge"],"picked":"SKIP","floor":21.0},{"not_picked":["Thunderclap","Flame Barrier","Wild Strike"],"picked":"SKIP","floor":22.0},{"not_picked":["Havoc","Flex","Rupture"],"picked":"SKIP","floor":24.0},{"not_picked":["Armaments","Pummel"],"picked":"Seeing Red","floor":25.0},{"not_picked":["Anger","Spot Weakness"],"picked":"Battle Trance","floor":27.0},{"not_picked":["Fiend Fire","Havoc"],"picked":"Second Wind","floor":28.0},{"not_picked":["Berserk","Cleave","Havoc+1"],"picked":"SKIP","floor":30.0},{"not_picked":["Seeing Red","Anger","Warcry+1"],"picked":"SKIP","floor":31.0},{"not_picked":["Exhume","Impervious"],"picked":"Barricade","floor":33.0},{"not_picked":["AT_IchimonjiDouble","Havoc","Shrug It Off+1"],"picked":"SKIP","floor":35.0},{"not_picked":["Twin Strike","Sword Boomerang","AT_DrawKnifeCut+1","Double Tap"],"picked":"Singing Bowl","floor":37.0},{"not_picked":["Headbutt","True Grit","Ghostly Armor","Anger"],"picked":"Singing Bowl","floor":41.0},{"not_picked":["Fire Breathing","Pommel Strike","Armaments","Clothesline"],"picked":"Singing Bowl","floor":42.0},{"not_picked":["Immolate","Clothesline+1","Havoc","Perfected Strike"],"picked":"Singing Bowl","floor":44.0},{"not_picked":["Dark Embrace","Whirlwind","Feel No Pain","True Grit+1"],"picked":"Singing Bowl","floor":46.0},{"not_picked":["Twin Strike","Anger","Warcry+1"],"picked":"AT_BodySlamDance+1","floor":47.0},{"not_picked":["Iron Wave","Hemokinesis","AT_IchimonjiDouble"],"picked":"Entrench","floor":48.0},{"not_picked":["Wild Strike","Burning Pact","Pummel+1","Clash"],"picked":"Singing Bowl","floor":54}],"player_experience":71801,"relics_obtained":[{"floor":4.0,"key":"Meat on the Bone"},{"floor":5.0,"key":"Mummified Hand"},{"floor":6.0,"key":"Juzu Bracelet"},{"floor":8.0,"key":"Blood Vial"},{"floor":9.0,"key":"Kunai"},{"floor":12.0,"key":"Oddly Smooth Stone"},{"floor":14.0,"key":"Ice Cream"},{"floor":14.0,"key":"AT_BladeRuinedKing"},{"floor":19.0,"key":"Ornamental Fan"},{"floor":20.0,"key":"AT_Kusabimaru"},{"floor":21.0,"key":"AT_RabadonDeathcap"},{"floor":22.0,"key":"Bird Faced Urn"},{"floor":24.0,"key":"AT_RedTearstoneRing"},{"floor":25.0,"key":"Charon\u0027s Ashes"},{"floor":27.0,"key":"Toy Ornithopter"},{"floor":28.0,"key":"AT_SilvercatRing"},{"floor":30.0,"key":"AT_SilverBalance"},{"floor":31.0,"key":"AT_EbonyIvory"},{"floor":35.0,"key":"Question Card"},{"floor":37.0,"key":"Singing Bowl"},{"floor":41.0,"key":"Lantern"},{"floor":43.0,"key":"Ancient Tea Set"},{"floor":44.0,"key":"AT_SpeedBoots"},{"floor":46.0,"key":"Nunchaku"},{"floor":47.0,"key":"AT_TimeSand"},{"floor":48.0,"key":"InkBottle"},{"floor":54,"key":"Bag of Marbles"}],"event_choices":[{"damage_healed":0.0,"max_hp_gain":0.0,"max_hp_loss":0.0,"gold_gain":0.0,"event_name":"Big Fish","player_choice":"Box","floor":3.0,"gold_loss":0.0,"damage_taken":0.0,"relics_obtained":["AT_BellDemon"],"cards_obtained":["Regret"]},{"damage_healed":0.0,"max_hp_gain":0.0,"max_hp_loss":0.0,"gold_gain":0.0,"event_name":"Upgrade Shrine","player_choice":"Upgraded","floor":10.0,"gold_loss":0.0,"damage_taken":0.0,"cards_upgraded":["AT_FamilyPortrait"]},{"damage_healed":0.0,"max_hp_gain":0.0,"max_hp_loss":0.0,"gold_gain":0.0,"event_name":"Upgrade Shrine","player_choice":"Upgraded","floor":13.0,"gold_loss":0.0,"damage_taken":0.0,"cards_upgraded":["AT_ShrugMaster"]},{"cards_removed":["Regret"],"damage_healed":0.0,"max_hp_gain":0.0,"max_hp_loss":0.0,"gold_gain":0.0,"event_name":"Bonfire Elementals","player_choice":"Offered Curse","floor":36.0,"gold_loss":0.0,"damage_taken":0.0,"relics_obtained":["Spirit Poop"]},{"damage_healed":0.0,"max_hp_gain":0.0,"max_hp_loss":0.0,"gold_gain":0.0,"event_name":"Match and Keep!","player_choice":"1 cards matched","floor":39.0,"gold_loss":0.0,"damage_taken":0.0,"cards_obtained":["Juggernaut"]}],"is_beta":false,"boss_relics":[{"not_picked":["Tiny House","Velvet Choker"],"picked":"Mark of Pain"},{"not_picked":["Busted Crown","Sozu"],"picked":"Cursed Key"}],"items_purged_floors":[38,53],"is_endless":false,"potions_floor_spawned":[1,5,11,12,16,19,21,24,25,35,41,44,46],"ascension_level":18}}