{"host":"o5opvvfuagqozb96","time":1609817620,"event":{"mods":["A Magickal Journey","AchievementEnabler","Bard","BaseMod","Colored Map","Colored Powertips","DeckTracker","Downfall","Infinite Spire","Marisa????????","Minty Spire (QoL Compilation)","Quick Restart","Replay The Spire","StSLib","The Bug Knight","The Cursed","The Disciple","The Gatherer","The Hierophant","The Jungle","The Mystic","The Saiyan","The Senshi","The Servant 0.9.4","The Wild Card"],"gold_per_floor":[109,122,140,158,171,171,171,199,199,234,234,234,248,39,39,141,141,155,175,90,104,122,147,147,176,176,176,192,192,207,224,224,336,436,483,532,580,580,634,700,700,750,799,799,881,881,963,591,591,591],"floor_reached":51,"playtime":7897,"items_purged":[],"score":1062,"play_id":"26976f7c-63d4-4e40-8fe7-b913b9ae28ba","local_time":"20210104193340","is_ascension_mode":true,"campfire_choices":[{"floor":7.0,"key":"REST"},{"data":"MysteriousBeam","floor":11.0,"key":"SMITH"},{"floor":15.0,"key":"REST"},{"data":"DC","floor":24.0,"key":"SMITH"},{"floor":29,"key":"REST"},{"floor":32,"key":"REST"},{"floor":41,"key":"REST"},{"floor":46,"key":"REST"}],"circlet_count":0,"master_deck":["Strike_MRS","Strike_MRS","Strike_MRS","Strike_MRS","Defend_MRS+1","Defend_MRS","Defend_MRS","Defend_MRS","MasterSpark+1","UpSweep","ShootingEcho+1","PropBag","EnergyFlow","MysteriousBeam+1","PowerUp","EventHorizon","NonDirectionalLaser","MagicAbsorber","RefractionSpark","RefractionSpark","CasketOfStar","Occultation","GravityBeat+1","DC+1","MachineGunSpark+1","SuperPerseids+1","OpenUniverse","OortCloud+1","WitchLeyline","FinalSpark","Acceleration+1","SporeBomb+1","IllusionStar+1","StarBarrage+1","DarkMatter+1","PowerUp","MilkyWay","MachineGunSpark+1","EnergyRecoil","BlazeAway"],"relics":["MiniHakkero","ReplayTheSpireMod:Ninjato","Mango","Matryoshka","StoneCalendar","HandDrill","ExperimentalFamiliar","Torii","Boot","Omamori","Lantern","Nloth\u0027s Gift","infinitespire:EvilPickle","Replay:Wanted Poster","PreservedInsect","infinitespire:Joker Card","HollowMod:PaleOreRelic","Toy Ornithopter","Ring of Fury","ReplayTheSpireMod:Ring of Exchange","Quantum Egg","TungstenRod","Ornamental Fan"],"acts_visited":["Exordium","TheCity","TheBeyond"],"potions_floor_usage":[33,33,42,50],"damage_taken":[{"damage":1.0,"enemies":"Cultist","floor":1.0,"turns":3.0},{"damage":5.0,"enemies":"Small Slimes","floor":2.0,"turns":3.0},{"damage":6.0,"enemies":"Jaw Worm","floor":3.0,"turns":3.0},{"damage":0.0,"enemies":"Large Slime","floor":4.0,"turns":6.0},{"damage":14.0,"enemies":"Exordium Wildlife","floor":5.0,"turns":2.0},{"damage":6.0,"enemies":"Replay:BlueRogue","floor":8.0,"turns":5.0},{"damage":7.0,"enemies":"HollowMod:MossKnight","floor":10.0,"turns":6.0},{"damage":0.0,"enemies":"2 Fungi Beasts","floor":13.0,"turns":2.0},{"damage":43.0,"enemies":"Hexaghost","floor":16.0,"turns":5.0},{"damage":7.0,"enemies":"Shell Parasite","floor":18.0,"turns":3.0},{"damage":0.0,"enemies":"Spheric Guardian","floor":19.0,"turns":3.0},{"damage":24.0,"enemies":"Snecko","floor":21.0,"turns":4.0},{"damage":0.0,"enemies":"Snake Plant","floor":22.0,"turns":2.0},{"damage":14.0,"enemies":"Book of Stabbing","floor":23.0,"turns":4.0},{"damage":21.0,"enemies":"Slavers","floor":25.0,"turns":3.0},{"damage":2,"enemies":"Chosen and Byrds","floor":28,"turns":2},{"damage":15,"enemies":"Shelled Parasite and Fungi","floor":30,"turns":3},{"damage":15,"enemies":"Snake Plant","floor":31,"turns":2},{"damage":5,"enemies":"Pondfish","floor":33,"turns":10},{"damage":0,"enemies":"Orb Walker","floor":35,"turns":2},{"damage":0,"enemies":"3 Darklings","floor":36,"turns":4},{"damage":30,"enemies":"Writhing Mass","floor":37,"turns":3},{"damage":0,"enemies":"Transient","floor":39,"turns":5},{"damage":14,"enemies":"Nemesis","floor":40,"turns":3},{"damage":25,"enemies":"Mind Bloom Boss Battle","floor":42,"turns":3},{"damage":14,"enemies":"Giant Head","floor":45,"turns":5},{"damage":14,"enemies":"R_Hoarder","floor":47,"turns":3},{"damage":28,"enemies":"Awakened One","floor":50,"turns":7}],"seed_played":"-3111057018422365935","potions_obtained":[{"floor":3.0,"key":"GamblersBrew"},{"floor":13.0,"key":"hexamod:EctoCoolerPotion"},{"floor":16.0,"key":"DuplicationPotion"},{"floor":23.0,"key":"Death Potion"},{"floor":25.0,"key":"Swift Potion"},{"floor":28,"key":"Regen Potion"},{"floor":35,"key":"Languid Potion"},{"floor":39,"key":"DistilledChaos"},{"floor":47,"key":"sneckomod:MuddlingPotion"}],"is_trial":false,"path_per_floor":["M","M","M","M","M","?","R","E","T","E","R","?","M","$","R","B",null,"M","M","?","M","M","E","R","E","T","?","M","R","M","M","R","B",null,"M","M","M","?","M","E","R","?","T","?","E","R","E","$","R_BF","B",null],"character_chosen":"MARISA","items_purchased":["RefractionSpark","HandDrill","EnergyRecoil","Ornamental Fan","BlazeAway"],"campfire_rested":6,"item_purchase_floors":[14,14,48,48,48],"current_hp_per_floor":[74,69,63,63,49,34,56,50,64,57,57,45,45,45,71,28,89,82,82,82,58,58,56,56,35,35,35,33,59,44,29,55,65,89,89,89,59,59,59,45,71,46,46,46,32,58,44,44,70,47],"gold":591,"neow_bonus":"UPGRADE_CARD","is_daily":false,"chose_seed":false,"campfire_upgraded":2,"win_rate":0.0,"timestamp":1609817620,"path_taken":["M","M","M","M","M","?","R","E","T","E","R","?","M","$","R","BOSS","M","M","?","M","M","E","R","E","T","?","M","R","M","M","R","BOSS","M","?","M","?","M","E","R","?","T","?","E","R","E","?","R_BF","BOSS"],"items_purchased_type":["Card","Relic","Card","Relic","Card"],"build_version":"2020-12-22","purchased_purges":0,"victory":true,"max_hp_per_floor":[75,75,75,75,75,75,75,75,89,89,89,89,89,89,89,89,89,89,89,89,89,89,89,89,89,89,89,89,89,89,89,89,89,89,89,89,89,89,89,89,89,89,89,89,89,89,89,89,89,89],"card_choices":[{"not_picked":["UnstableBomb","SporeBomb"],"picked":"ShootingEcho","floor":1.0},{"not_picked":["DoubleSpark","IllusionStar"],"picked":"PropBag","floor":2.0},{"not_picked":["AlicesGift","AsteroidBelt"],"picked":"EnergyFlow","floor":3.0},{"not_picked":["6A","PowerUp"],"picked":"MysteriousBeam","floor":4.0},{"not_picked":["BlazingStar","ShootingEcho"],"picked":"PowerUp","floor":5.0},{"not_picked":["GalacticHalo","PropBag"],"picked":"EventHorizon","floor":8.0},{"not_picked":["SporeBomb","ManaConvection"],"picked":"NonDirectionalLaser","floor":10.0},{"not_picked":["PulseMagic","PropBag"],"picked":"MagicAbsorber","floor":13.0},{"not_picked":["BlazingStar","JA"],"picked":"CasketOfStar","floor":16.0},{"not_picked":["FairyDestructionRay","Robbery"],"picked":"Occultation","floor":18.0},{"not_picked":["ChargingUp","Acceleration+1"],"picked":"GravityBeat+1","floor":19.0},{"not_picked":["LuminesStrike","GalacticHalo"],"picked":"DC","floor":21.0},{"not_picked":["IllusionStar","FairyDestructionRay"],"picked":"MachineGunSpark+1","floor":22.0},{"not_picked":["SatelliteIllusion","DC"],"picked":"SuperPerseids","floor":23.0},{"not_picked":["MagicAbsorber","Acceleration"],"picked":"OpenUniverse","floor":25.0},{"not_picked":["SporeBomb","OpenUniverse+1"],"picked":"OortCloud+1","floor":28},{"not_picked":["DragonMeteor+1","6A","FairyDestructionRay"],"picked":"SKIP","floor":30},{"not_picked":["Acceleration+1","StarlightTyphoon"],"picked":"WitchLeyline","floor":31},{"not_picked":["CasketOfStar","JA"],"picked":"FinalSpark","floor":33},{"not_picked":["WitchLeyline+1","WitchOfGreed+1"],"picked":"Acceleration+1","floor":35},{"not_picked":["WitchOfGreed+1","WitchLeyline"],"picked":"SporeBomb+1","floor":36},{"not_picked":["BigCrunch","DragonMeteor"],"picked":"IllusionStar+1","floor":37},{"not_picked":["SporeBomb+1","AbsoluteMagnitude"],"picked":"StarBarrage+1","floor":39},{"not_picked":["RefractionSpark+1","ManaConvection+1"],"picked":"DarkMatter+1","floor":40},{"not_picked":["AsteroidBelt+1","GalacticHalo+1"],"picked":"PowerUp","floor":42},{"not_picked":["LuminesStrike+1","NonDirectionalLaser+1"],"picked":"MilkyWay","floor":45},{"not_picked":["AbsoluteMagnitude","GrandCross+1"],"picked":"MachineGunSpark+1","floor":47}],"player_experience":238526,"relics_obtained":[{"floor":8.0,"key":"ReplayTheSpireMod:Ninjato"},{"floor":9.0,"key":"Mango"},{"floor":10.0,"key":"Matryoshka"},{"floor":23.0,"key":"Boot"},{"floor":25.0,"key":"infinitespire:Eraser"},{"floor":26,"key":"Omamori"},{"floor":26,"key":"Lantern"},{"floor":40,"key":"PreservedInsect"},{"floor":42,"key":"infinitespire:Joker Card"},{"floor":43,"key":"HollowMod:PaleOreRelic"},{"floor":43,"key":"Toy Ornithopter"},{"floor":44,"key":"Ring of Fury"},{"floor":44,"key":"ReplayTheSpireMod:Ring of Exchange"},{"floor":45,"key":"Quantum Egg"},{"floor":47,"key":"TungstenRod"}],"event_choices":[{"damage_healed":0.0,"max_hp_gain":0.0,"max_hp_loss":0.0,"gold_gain":0.0,"event_name":"Shining Light","player_choice":"Entered Light","floor":6.0,"gold_loss":0.0,"damage_taken":15.0,"cards_upgraded":["Defend_MRS","ShootingEcho"]},{"damage_healed":0.0,"max_hp_gain":0.0,"max_hp_loss":0.0,"gold_gain":0.0,"event_name":"Scrap Ooze","player_choice":"Success","floor":12.0,"gold_loss":0.0,"damage_taken":12.0,"relics_obtained":["StoneCalendar"]},{"damage_healed":0.0,"max_hp_gain":0.0,"max_hp_loss":0.0,"gold_gain":0.0,"event_name":"Addict","player_choice":"Obtained Relic","floor":20.0,"gold_loss":85.0,"damage_taken":0.0,"relics_obtained":["Torii"]},{"damage_healed":0,"gold_gain":0,"player_choice":"Traded Relic","damage_taken":0,"relics_obtained":["Nloth\u0027s Gift"],"max_hp_gain":0,"max_hp_loss":0,"event_name":"N\u0027loth","floor":27,"relics_lost":["infinitespire:Eraser"],"gold_loss":0},{"damage_healed":0,"gold_gain":0,"player_choice":"Ignored","damage_taken":0,"max_hp_gain":0,"max_hp_loss":0,"event_name":"Tomb of Lord Red Mask","floor":38,"gold_loss":0},{"damage_healed":0,"gold_gain":0,"player_choice":"Fight","damage_taken":0,"max_hp_gain":0,"max_hp_loss":0,"event_name":"MindBloom","floor":42,"gold_loss":0}],"is_beta":false,"boss_relics":[{"not_picked":["Honey Jar","Runic Pyramid"],"picked":"ExperimentalFamiliar"},{"not_picked":["Busted Crown","Empty Cage"],"picked":"Replay:Wanted Poster"}],"items_purged_floors":[],"is_endless":false,"potions_floor_spawned":[3,13,16,23,25,28,30,31,35,39,40,47],"ascension_level":1}}