{"host":"sdjng9zhqonqi3uc","time":1609825948,"event":{"mods":["2.2 Compatiblity","AchievementEnabler","BaseMod","BetterRewards","Colored Powertips","Hero for Fun","Minty Spire (QoL Compilation)","Shop Mod","StSLib","Td1madao Mod","The Animator","The Cursed","The Servant 0.9.4"],"gold_per_floor":[113,288,238,238,254,254,61,80,80,114,133,208,54,73,73,73,73],"floor_reached":16,"playtime":470,"items_purged":[],"score":110,"play_id":"092f617c-939c-4bf6-b4fc-41ff643c9b70","local_time":"20210105065228","is_ascension_mode":true,"campfire_choices":[{"floor":6,"key":"RECALL"},{"data":"Mayhem","floor":15,"key":"SMITH"}],"circlet_count":0,"master_deck":["Strike_R","Strike_R","Strike_R","Strike_R","Strike_R","Defend_R","Defend_R","Defend_R","Defend_R","Bash","Heavy Blade","Regret","Fire Breathing","Mayhem+1","Entrench","Armaments","Dual Wield","Flex"],"relics":["Burning Blood","NeowsBlessing","Question Card","Dream Catcher","Bronze Scales"],"acts_visited":["Exordium"],"potions_floor_usage":[10,16],"damage_taken":[{"damage":0,"enemies":"Small Slimes","floor":1,"turns":1},{"damage":0,"enemies":"Jaw Worm","floor":5,"turns":1},{"damage":0,"enemies":"2 Louse","floor":8,"turns":1},{"damage":23,"enemies":"Gremlin Nob","floor":10,"turns":5},{"damage":16,"enemies":"Large Slime","floor":11,"turns":7},{"damage":24,"enemies":"Looter","floor":14,"turns":4},{"damage":27,"enemies":"The Guardian","floor":16,"turns":5}],"seed_played":"5656267910311663203","potions_obtained":[{"floor":1,"key":"Weak Potion"},{"floor":11,"key":"DuplicationPotion"}],"is_trial":false,"path_per_floor":["M","?","?","?","M","R","$","M","T","E","M","?","$","M","R","B"],"character_chosen":"IRONCLAD","items_purchased":["Mayhem","Bronze Scales"],"campfire_rested":0,"item_purchase_floors":[7,13],"current_hp_per_floor":[80,80,80,80,80,80,80,80,80,63,53,42,42,24,24,0,0],"gold":73,"neow_bonus":"THREE_ENEMY_KILL","is_daily":false,"chose_seed":false,"campfire_upgraded":1,"win_rate":0.0,"timestamp":1609825948,"path_taken":["M","?","?","?","M","R","$","M","T","E","M","?","?","M","R","BOSS"],"items_purchased_type":["Card","Relic"],"build_version":"2020-12-22","purchased_purges":0,"victory":false,"max_hp_per_floor":[80,80,80,80,80,80,80,80,80,80,80,80,80,80,80,80,80],"card_choices":[{"not_picked":["Bloodletting","True Grit"],"picked":"Heavy Blade","floor":1},{"not_picked":["Havoc","Whirlwind","Shrug It Off"],"picked":"Fire Breathing","floor":5},{"not_picked":["Whirlwind","Thunderclap","Burning Pact"],"picked":"Entrench","floor":8},{"not_picked":["Headbutt","Ghostly Armor","Rage"],"picked":"Armaments","floor":10},{"not_picked":["Sword Boomerang","Impervious","Rage"],"picked":"Dual Wield","floor":11},{"not_picked":["Iron Wave","Hemokinesis","Clash"],"picked":"Flex","floor":14}],"player_experience":268642,"relics_obtained":[{"floor":10,"key":"Dream Catcher"}],"event_choices":[{"damage_healed":0,"gold_gain":175,"player_choice":"AGREE","damage_taken":0,"max_hp_gain":0,"max_hp_loss":0,"event_name":"Liars Game","floor":2,"gold_loss":0,"cards_obtained":["Doubt"]},{"cards_removed":["Doubt"],"damage_healed":0,"gold_gain":0,"player_choice":"Card Removal","damage_taken":0,"max_hp_gain":0,"max_hp_loss":0,"event_name":"The Cleric","floor":3,"gold_loss":50},{"damage_healed":0,"gold_gain":0,"player_choice":"Box","damage_taken":0,"relics_obtained":["Question Card"],"max_hp_gain":0,"max_hp_loss":0,"event_name":"Big Fish","floor":4,"gold_loss":0,"cards_obtained":["Regret"]},{"damage_healed":0,"gold_gain":75,"player_choice":"Gather Gold","damage_taken":11,"max_hp_gain":0,"max_hp_loss":0,"event_name":"World of Goop","floor":12,"gold_loss":0}],"is_beta":false,"boss_relics":[],"items_purged_floors":[],"is_endless":false,"potions_floor_spawned":[1,11],"killed_by":"The Guardian","ascension_level":2}}