{"host":"jqbwv9vyd5ud9wcv","time":1609874069,"event":{"mods":["Arknights The Spire","BaseMod","Bestiary","Card Forge","Hermit","Minty Spire (QoL Compilation)","Relic Stats","StSLib","The Hierophant","The Runesmith","Uncapped"],"gold_per_floor":[109,109,109,123,147,147,76,76,76,100,100,118,136,159,159,288,288,304,317,358,163,163,163,199,214,214,214,214,228,228,248,248,372,372,393,393,668,268,283,318,318,334,334,334,369,125,125,347,347,347],"floor_reached":51,"playtime":2297,"items_purged":[],"score":740,"play_id":"f8229181-1f2e-449b-b079-d255dec0b76a","local_time":"20210105141429","is_ascension_mode":false,"campfire_choices":[{"data":"Compile Driver","floor":6,"key":"SMITH"},{"data":"Storm","floor":8,"key":"SMITH"},{"floor":15,"key":"REST"},{"floor":23,"key":"REST"},{"floor":28,"key":"REST"},{"floor":32,"key":"REST"},{"floor":41,"key":"REST"},{"floor":44,"key":"REST"},{"floor":47,"key":"REST"},{"floor":49,"key":"REST"}],"circlet_count":0,"master_deck":["Strike_B+1","Strike_B+1","Strike_B+1","Defend_B+1","Defend_B+1","Defend_B+1","Defend_B+1","Zap+1","Dualcast+1","Dualcast+1","Heatsinks+1","Compile Driver+1","Storm+1","Creative AI+1","Genetic Algorithm+1","Beam Cell+1","Storm+1","Creative AI+1","Stack+1","Ball Lightning+1","Steam+1","Cold Snap+1","Stack+1","Melter+1","Tempest+1","Conserve Battery+1","Biased Cognition+1","Streamline+1","Doom and Gloom+1","Regret","BootSequence+1","Steam+1","Coolheaded+1","Sweeping Beam+1"],"relics":["Cracked Core","Hammer of Thor","Seething Fire","Anvil of the Gods","NeowsBlessing","Golden Idol","Vajra","Eternal Feather","Busted Crown","Red Mask","Bag of Marbles","Juzu Bracelet","InkBottle","Matryoshka","Sozu","Sling","Kunai","Runesmith:Locket","Lantern","Gremlin Horn","Bag of Preparation","Letter Opener"],"acts_visited":["Exordium","TheCity","TheBeyond"],"potions_floor_usage":[12,22,25,33,35],"damage_taken":[{"damage":0,"enemies":"2 Louse","floor":1,"turns":1},{"damage":0,"enemies":"Jaw Worm","floor":4,"turns":1},{"damage":0,"enemies":"Cultist","floor":10,"turns":1},{"damage":6,"enemies":"2 Fungi Beasts","floor":12,"turns":2},{"damage":20,"enemies":"Looter","floor":13,"turns":3},{"damage":6,"enemies":"Blue Slaver","floor":14,"turns":2},{"damage":39,"enemies":"Hexaghost","floor":16,"turns":8},{"damage":0,"enemies":"Chosen","floor":18,"turns":4},{"damage":6,"enemies":"3 Byrds","floor":19,"turns":4},{"damage":49,"enemies":"Masked Bandits","floor":20,"turns":5},{"damage":0,"enemies":"Centurion and Healer","floor":22,"turns":1},{"damage":49,"enemies":"Slavers","floor":24,"turns":6},{"damage":4,"enemies":"Cultist and Chosen","floor":25,"turns":4},{"damage":1,"enemies":"Shelled Parasite and Fungi","floor":29,"turns":4},{"damage":16,"enemies":"3 Cultists","floor":31,"turns":4},{"damage":20,"enemies":"Champ","floor":33,"turns":8},{"damage":0,"enemies":"Orb Walker","floor":35,"turns":2},{"damage":18,"enemies":"3 Darklings","floor":39,"turns":3},{"damage":36,"enemies":"Nemesis","floor":40,"turns":5},{"damage":17,"enemies":"4 Shapes","floor":42,"turns":4},{"damage":28,"enemies":"Reptomancer","floor":45,"turns":4},{"damage":30,"enemies":"Time Eater","floor":50,"turns":8}],"seed_played":"-4754130482133930533","potions_obtained":[{"floor":1,"key":"AttackPotion"},{"floor":13,"key":"SmokeBomb"},{"floor":24,"key":"LiquidBronze"},{"floor":29,"key":"Energy Potion"},{"floor":31,"key":"FairyPotion"},{"floor":33,"key":"PowerPotion"}],"is_trial":false,"path_per_floor":["M","?","?","M","T","R","$","R","T","M","?","M","M","M","R","B",null,"M","M","?","$","M","R","E","M","T","?","R","M","T","M","R","B",null,"M","?","?","$","M","E","R","M","T","R","E","$","R","?","R","B",null],"character_chosen":"DEFECT","items_purchased":["Storm","Bag of Marbles","Cold Snap","Sling","Kunai","Letter Opener"],"campfire_rested":8,"item_purchase_floors":[7,21,21,38,38,46],"current_hp_per_floor":[75,80,80,80,80,80,80,80,80,80,80,74,54,48,80,41,80,80,74,25,25,25,61,12,8,8,34,73,72,72,56,80,60,80,80,80,80,80,62,26,68,51,51,80,52,52,80,80,80,50],"gold":347,"neow_bonus":"THREE_ENEMY_KILL","is_daily":false,"chose_seed":false,"campfire_upgraded":2,"win_rate":0.0,"timestamp":1609874069,"path_taken":["M","?","?","M","?","R","$","R","T","M","?","?","M","M","R","BOSS","M","M","?","$","M","R","E","M","T","?","R","M","?","M","R","BOSS","M","?","?","?","M","E","R","M","T","R","E","$","R","?","R","BOSS"],"items_purchased_type":["Card","Relic","Card","Relic","Relic","Relic"],"build_version":"2020-12-22","purchased_purges":0,"victory":true,"max_hp_per_floor":[75,80,80,80,80,80,80,80,80,80,80,80,80,80,80,80,80,80,80,80,80,80,80,80,80,80,80,80,80,80,80,80,80,80,80,80,80,80,80,80,80,80,80,80,80,80,80,80,80,80],"relic_stats":{"Sozu":2,"Busted Crown":26,"Gremlin Horn":[3,3],"counters":[22,84],"Golden Idol":158,"Eternal Feather":105,"Juzu Bracelet":1,"Bag of Preparation":[2],"Kunai":[0],"Letter Opener":[15],"obtain_stats":[{"Lantern":43,"NeowsBlessing":0,"Gremlin Horn":43,"Golden Idol":3,"Vajra":5,"Runesmith:Locket":40,"Eternal Feather":9,"Hammer of Thor":0,"Juzu Bracelet":24,"Bag of Preparation":45,"Seething Fire":0,"Letter Opener":46,"Sling":38,"Sozu":34,"Busted Crown":17,"Matryoshka":30,"Anvil of the Gods":0,"Red Mask":20,"Bag of Marbles":21,"Kunai":38,"Cracked Core":0,"InkBottle":26},{"Lantern":20,"NeowsBlessing":0,"Gremlin Horn":20,"Golden Idol":1,"Vajra":2,"Runesmith:Locket":19,"Eternal Feather":2,"Hammer of Thor":0,"Juzu Bracelet":12,"Bag of Preparation":21,"Seething Fire":0,"Letter Opener":21,"Sling":17,"Sozu":16,"Busted Crown":7,"Matryoshka":14,"Anvil of the Gods":0,"Red Mask":10,"Bag of Marbles":10,"Kunai":17,"Cracked Core":0,"InkBottle":13},{"Lantern":72,"NeowsBlessing":0,"Gremlin Horn":72,"Golden Idol":1,"Vajra":2,"Runesmith:Locket":68,"Eternal Feather":2,"Hammer of Thor":0,"Juzu Bracelet":38,"Bag of Preparation":76,"Seething Fire":0,"Letter Opener":76,"Sling":60,"Sozu":58,"Busted Crown":18,"Matryoshka":46,"Anvil of the Gods":0,"Red Mask":31,"Bag of Marbles":31,"Kunai":60,"Cracked Core":0,"InkBottle":42}],"InkBottle":[19]},"card_choices":[{"not_picked":["Consume","Gash"],"picked":"Heatsinks","floor":1},{"not_picked":["Barrage","Steam Power"],"picked":"Compile Driver","floor":4},{"not_picked":["Hologram","Streamline"],"picked":"Creative AI","floor":10},{"not_picked":["Hologram","Stack"],"picked":"Genetic Algorithm","floor":12},{"not_picked":["Barrage","Scrape"],"picked":"Beam Cell","floor":13},{"not_picked":["Stack","Gash"],"picked":"Storm","floor":14},{"not_picked":["Buffer","All For One"],"picked":"Creative AI","floor":16},{"not_picked":[],"picked":"Stack+1","floor":18},{"not_picked":[],"picked":"Ball Lightning","floor":19},{"not_picked":[],"picked":"Steam","floor":20},{"not_picked":[],"picked":"Stack","floor":24},{"not_picked":[],"picked":"Melter","floor":25},{"not_picked":[],"picked":"Tempest+1","floor":29},{"not_picked":[],"picked":"Conserve Battery","floor":31},{"not_picked":[],"picked":"Biased Cognition","floor":33},{"not_picked":[],"picked":"Streamline+1","floor":35},{"not_picked":[],"picked":"BootSequence","floor":39},{"not_picked":[],"picked":"Steam+1","floor":40},{"not_picked":[],"picked":"Coolheaded+1","floor":42},{"not_picked":[],"picked":"Sweeping Beam","floor":45}],"player_experience":17190,"relics_obtained":[{"floor":5,"key":"Vajra"},{"floor":9,"key":"Eternal Feather"},{"floor":20,"key":"Red Mask"},{"floor":24,"key":"Juzu Bracelet"},{"floor":26,"key":"InkBottle"},{"floor":30,"key":"Matryoshka"},{"floor":40,"key":"Runesmith:Locket"},{"floor":43,"key":"Lantern"},{"floor":43,"key":"Gremlin Horn"},{"floor":45,"key":"Bag of Preparation"}],"event_choices":[{"damage_healed":0,"gold_gain":0,"player_choice":"Donut","damage_taken":0,"max_hp_gain":5,"max_hp_loss":0,"event_name":"Big Fish","floor":2,"gold_loss":0},{"damage_healed":0,"gold_gain":0,"player_choice":"Take Wound","damage_taken":0,"relics_obtained":["Golden Idol"],"max_hp_gain":0,"max_hp_loss":0,"event_name":"Golden Idol","floor":3,"gold_loss":0,"cards_obtained":["Injury"]},{"cards_removed":["Injury"],"damage_healed":0,"gold_gain":0,"player_choice":"Removed Curses","damage_taken":0,"max_hp_gain":0,"max_hp_loss":0,"event_name":"Fountain of Cleansing","floor":11,"gold_loss":0},{"damage_healed":0,"gold_gain":0,"player_choice":"Fought Bandits","damage_taken":0,"max_hp_gain":0,"max_hp_loss":0,"event_name":"Masked Bandits","floor":20,"gold_loss":0},{"damage_healed":26,"gold_gain":0,"player_choice":"Heal","damage_taken":0,"max_hp_gain":0,"max_hp_loss":0,"event_name":"The Library","floor":27,"gold_loss":0},{"damage_healed":0,"gold_gain":0,"cards_transformed":["Strike_B"],"player_choice":"Transformed","damage_taken":0,"max_hp_gain":0,"max_hp_loss":0,"event_name":"Transmorgrifier","floor":36,"gold_loss":0,"cards_obtained":["Doom and Gloom"]},{"damage_healed":0,"gold_gain":275,"player_choice":"Desecrate","damage_taken":0,"max_hp_gain":0,"max_hp_loss":0,"event_name":"Golden Shrine","floor":37,"gold_loss":0,"cards_obtained":["Regret"]},{"damage_healed":0,"gold_gain":222,"player_choice":"Wore Mask","damage_taken":0,"max_hp_gain":0,"max_hp_loss":0,"event_name":"Tomb of Lord Red Mask","floor":48,"gold_loss":0}],"is_beta":false,"boss_relics":[{"not_picked":["Fusion Hammer","Philosopher\u0027s Stone"],"picked":"Busted Crown"},{"not_picked":["Empty Cage","Black Star"],"picked":"Sozu"}],"items_purged_floors":[],"is_endless":false,"potions_floor_spawned":[1,13,24,29,31,33,39,42],"ascension_level":0}}