{"host":"kg61lsvem4dxoat8","time":1609864333,"event":{"mods":["BaseMod","Colored Powertips","Minty Spire (QoL Compilation)","Quick Restart","Rare Cards Sparkle","Relic Stats","slay the spire mod where everything is the same but ironclad has a cowboy hat"],"gold_per_floor":[18,28,28,43,56,56,26,26,53,53,71,71,85,101,101,200,200,218,133,36,53,53,53,63,63,112,112,37,48,59,59,59],"floor_reached":31,"playtime":754,"items_purged":["Strike_R"],"score":300,"play_id":"18cbe205-2203-4e3f-a421-6a7a22b2dfbb","local_time":"20210106003213","is_ascension_mode":true,"campfire_choices":[{"floor":6,"key":"DIG"},{"floor":8,"key":"DIG"},{"floor":10,"key":"DIG"},{"floor":12,"key":"DIG"},{"floor":15,"key":"DIG"},{"floor":23,"key":"DIG"},{"floor":27,"key":"DIG"}],"circlet_count":0,"master_deck":["Strike_R","Strike_R","Strike_R","Defend_R","Defend_R","Defend_R","Defend_R","Bash","Cleave","Rage","Flame Barrier","Anger","Battle Trance","Demon Form","Whirlwind+1","Flash of Steel","Metallicize"],"relics":["Burning Blood","Shovel","Pen Nib","Regal Pillow","Omamori","Kunai","Eternal Feather","Bottled Flame","Black Star","Self Forming Clay","Boot","Ancient Tea Set","Red Skull"],"acts_visited":["Exordium","TheCity"],"potions_floor_usage":[16,16,25],"damage_taken":[{"damage":5,"enemies":"Cultist","floor":1,"turns":4},{"damage":0,"enemies":"Small Slimes","floor":2,"turns":3},{"damage":4,"enemies":"2 Louse","floor":4,"turns":4},{"damage":21,"enemies":"Exordium Thugs","floor":5,"turns":6},{"damage":6,"enemies":"Looter","floor":7,"turns":4},{"damage":4,"enemies":"3 Louse","floor":11,"turns":4},{"damage":8,"enemies":"Blue Slaver","floor":13,"turns":4},{"damage":14,"enemies":"Exordium Thugs","floor":14,"turns":4},{"damage":23,"enemies":"Slime Boss","floor":16,"turns":10},{"damage":11,"enemies":"Chosen","floor":18,"turns":5},{"damage":38,"enemies":"2 Thieves","floor":21,"turns":3},{"damage":5,"enemies":"Chosen and Byrds","floor":24,"turns":4},{"damage":0,"enemies":"Snake Plant","floor":25,"turns":2},{"damage":28,"enemies":"Centurion and Healer","floor":29,"turns":6},{"damage":17,"enemies":"Shelled Parasite and Fungi","floor":30,"turns":5},{"damage":21,"enemies":"Snake Plant","floor":31,"turns":3}],"seed_played":"8879117585675072387","potions_obtained":[{"floor":2,"key":"FairyPotion"},{"floor":11,"key":"BlessingOfTheForge"},{"floor":14,"key":"AttackPotion"},{"floor":16,"key":"FearPotion"},{"floor":21,"key":"SmokeBomb"}],"is_trial":false,"path_per_floor":["M","M","?","M","M","R","M","R","T","R","M","R","M","M","R","B",null,"M","?","$","M","?","R","M","M","T","R","$","M","M","M"],"character_chosen":"IRONCLAD","items_purchased":["Flash of Steel"],"campfire_rested":0,"item_purchase_floors":[20],"current_hp_per_floor":[73,79,79,80,65,65,65,65,65,65,67,67,65,57,63,46,72,67,67,67,35,29,38,39,45,45,54,54,32,21,24,24],"gold":59,"neow_bonus":"ONE_RARE_RELIC","is_daily":false,"chose_seed":false,"campfire_upgraded":0,"win_rate":0.0,"timestamp":1609864333,"path_taken":["M","?","?","M","?","R","M","R","T","R","?","R","?","M","R","BOSS","M","?","$","M","?","R","M","M","T","R","$","M","M","M"],"items_purchased_type":["Card"],"build_version":"2020-12-22","purchased_purges":1,"victory":false,"max_hp_per_floor":[80,80,80,80,80,80,80,80,80,80,80,80,80,80,80,80,80,80,80,80,80,80,80,80,80,80,80,80,80,80,80,80],"relic_stats":{"Regal Pillow":0,"Shovel":7,"counters":[16,71],"Self Forming Clay":[45],"Eternal Feather":24,"Pen Nib":[11],"Black Star":0,"Kunai":[21],"Boot":[7],"obtain_stats":[{"Regal Pillow":8,"Self Forming Clay":19,"Eternal Feather":12,"Pen Nib":6,"Omamori":9,"Boot":23,"Ancient Tea Set":26,"Burning Blood":0,"Bottled Flame":15,"Shovel":0,"Black Star":17,"Kunai":10,"Red Skull":27},{"Regal Pillow":5,"Self Forming Clay":10,"Eternal Feather":6,"Pen Nib":4,"Omamori":5,"Boot":11,"Ancient Tea Set":13,"Burning Blood":0,"Bottled Flame":8,"Shovel":0,"Black Star":9,"Kunai":5,"Red Skull":13},{"Regal Pillow":21,"Self Forming Clay":48,"Eternal Feather":25,"Pen Nib":17,"Omamori":21,"Boot":51,"Ancient Tea Set":57,"Burning Blood":0,"Bottled Flame":33,"Shovel":0,"Black Star":43,"Kunai":21,"Red Skull":57}],"Burning Blood":89},"card_choices":[{"not_picked":["Anger","Bloodletting"],"picked":"Cleave","floor":1},{"not_picked":["Clothesline","Sever Soul"],"picked":"Rage","floor":2},{"not_picked":["Body Slam","Second Wind"],"picked":"Flame Barrier","floor":4},{"not_picked":["Heavy Blade","Sword Boomerang","Wild Strike"],"picked":"SKIP","floor":5},{"not_picked":["Sever Soul","Havoc","Heavy Blade"],"picked":"SKIP","floor":7},{"not_picked":["Bloodletting","Flex"],"picked":"Anger","floor":11},{"not_picked":["Twin Strike","Spot Weakness"],"picked":"Battle Trance","floor":13},{"not_picked":["Perfected Strike","Reckless Charge","True Grit"],"picked":"SKIP","floor":14},{"not_picked":["Fiend Fire","Double Tap"],"picked":"Demon Form","floor":16},{"not_picked":["Heavy Blade+1","Burning Pact"],"picked":"Whirlwind+1","floor":18},{"not_picked":["Body Slam","Anger","Warcry+1"],"picked":"SKIP","floor":21},{"not_picked":["Twin Strike","Flex+1"],"picked":"Metallicize","floor":24},{"not_picked":["Flex","Headbutt","Warcry"],"picked":"SKIP","floor":29},{"not_picked":["Sword Boomerang","Flex","Entrench+1"],"picked":"SKIP","floor":30}],"player_experience":1303433,"relics_obtained":[{"floor":6,"key":"Pen Nib"},{"floor":8,"key":"Regal Pillow"},{"floor":9,"key":"Omamori"},{"floor":10,"key":"Kunai"},{"floor":12,"key":"Eternal Feather"},{"floor":15,"key":"Bottled Flame"},{"floor":23,"key":"Boot"},{"floor":26,"key":"Ancient Tea Set"},{"floor":27,"key":"Red Skull"}],"event_choices":[{"cards_removed":["Strike_R"],"damage_healed":0,"gold_gain":0,"player_choice":"Purged","damage_taken":0,"max_hp_gain":0,"max_hp_loss":0,"event_name":"Purifier","floor":3,"gold_loss":0},{"damage_healed":0,"gold_gain":0,"player_choice":"Obtained Relic","damage_taken":0,"relics_obtained":["Self Forming Clay"],"max_hp_gain":0,"max_hp_loss":0,"event_name":"Addict","floor":19,"gold_loss":85},{"damage_healed":0,"gold_gain":0,"player_choice":"","damage_taken":6,"max_hp_gain":0,"max_hp_loss":0,"event_name":"Knowing Skull","floor":22,"potions_obtained":[],"gold_loss":0,"cards_obtained":[]}],"is_beta":false,"boss_relics":[{"not_picked":["Velvet Choker","Runic Pyramid"],"picked":"Black Star"}],"items_purged_floors":[28],"is_endless":false,"potions_floor_spawned":[2,11,14,16,21,24],"killed_by":"Snake Plant","ascension_level":6}}