{"host":"j4g6ia6asvpyu2b0","time":1609852694,"event":{"mods":["BaseMod","Colored Map","Minty Spire (QoL Compilation)","Permanent Neow","Quick Restart","Relic Stats","StSLib","Unceasing Turn Reminder"],"gold_per_floor":[113,388,197,211,226,226,251,251,251,280,295,307,77,92,92,187,187,197,197,214,233,233,258,258,292,292,325,425,460,460,473,473,571,571,590,530,543,554,554,579,579,606,655,673,691,719,216,247,247,247,247,247,29,60,60],"floor_reached":56,"playtime":4123,"items_purged":["Regret","Strike_G","Writhe"],"score":2177,"play_id":"e2547c93-ecd3-4d7f-8be1-4105b3a17a11","local_time":"20210105061814","is_ascension_mode":true,"campfire_choices":[{"data":"Apotheosis","floor":6,"key":"SMITH"},{"data":"Noxious Fumes","floor":8,"key":"SMITH"},{"floor":15,"key":"REST"},{"floor":24,"key":"RECALL"},{"data":"After Image","floor":30,"key":"SMITH"},{"data":"Well Laid Plans","floor":32,"key":"SMITH"},{"data":"After Image","floor":41,"key":"SMITH"},{"data":"Well Laid Plans","floor":49,"key":"SMITH"},{"data":"Ghostly","floor":52,"key":"SMITH"}],"circlet_count":0,"master_deck":["Strike_G","Defend_G","Defend_G","Defend_G","Defend_G","Defend_G","Survivor","Neutralize","Apotheosis+1","Well Laid Plans+1","A Thousand Cuts","Dagger Throw","Crippling Poison","Dagger Spray","Noxious Fumes+1","Catalyst","Predator+1","Bouncing Flask","Quick Slash+1","Venomology","Venomology","Sucker Punch+1","After Image+1","Flying Knee+1","Backflip","Ghostly+1","Ghostly","Ghostly","Ghostly","Ghostly","Backstab+1","Footwork+1","Parasite","After Image+1","Catalyst","Footwork","PiercingWail","Corpse Explosion","Outmaneuver+1","Finisher+1","Well Laid Plans+1","Footwork","Cloak And Dagger","Noxious Fumes+1","PiercingWail+1","Blur+1","Tools of the Trade+1","A Thousand Cuts+1","Accuracy+1","Discovery","Backflip","Cloak And Dagger+1"],"relics":["Ring of the Snake","Molten Egg 2","Smiling Mask","Letter Opener","Oddly Smooth Stone","Cursed Key","Incense Burner","Happy Flower","FossilizedHelix","Vajra","Mango","Meat on the Bone","Pocketwatch","Philosopher\u0027s Stone","Frozen Egg 2","Mercury Hourglass","Blood Vial","Thread and Needle","Dead Branch","Torii"],"acts_visited":["Exordium","TheCity","TheBeyond","TheEnding"],"potions_floor_usage":[7,12,14,18,18,20,21,21,21,25,25,27,27,28,28,28,29,29,33,33,35,38,40,40,40,44,45,45,46,48,48,50,50,54,54,55,55,55,55],"damage_taken":[{"damage":0,"enemies":"Cultist","floor":1,"turns":4},{"damage":0,"enemies":"Small Slimes","floor":4,"turns":3},{"damage":2,"enemies":"Jaw Worm","floor":5,"turns":6},{"damage":9,"enemies":"3 Sentries","floor":7,"turns":7},{"damage":28,"enemies":"Gremlin Nob","floor":10,"turns":4},{"damage":2,"enemies":"Large Slime","floor":11,"turns":5},{"damage":6,"enemies":"3 Louse","floor":12,"turns":2},{"damage":12,"enemies":"Gremlin Gang","floor":14,"turns":2},{"damage":4,"enemies":"Hexaghost","floor":16,"turns":7},{"damage":0,"enemies":"Spheric Guardian","floor":18,"turns":3},{"damage":5,"enemies":"Shell Parasite","floor":20,"turns":4},{"damage":26,"enemies":"Shelled Parasite and Fungi","floor":21,"turns":5},{"damage":1,"enemies":"Book of Stabbing","floor":23,"turns":6},{"damage":0,"enemies":"Gremlin Leader","floor":25,"turns":5},{"damage":0,"enemies":"Slavers","floor":27,"turns":4},{"damage":0,"enemies":"Colosseum Slavers","floor":28,"turns":4},{"damage":1,"enemies":"Colosseum Nobs","floor":28,"turns":6},{"damage":2,"enemies":"Book of Stabbing","floor":29,"turns":5},{"damage":0,"enemies":"Centurion and Healer","floor":31,"turns":5},{"damage":0,"enemies":"Collector","floor":33,"turns":8},{"damage":0,"enemies":"Orb Walker","floor":35,"turns":4},{"damage":0,"enemies":"3 Shapes","floor":37,"turns":5},{"damage":0,"enemies":"Maw","floor":38,"turns":5},{"damage":0,"enemies":"Giant Head","floor":40,"turns":7},{"damage":8,"enemies":"Nemesis","floor":42,"turns":5},{"damage":0,"enemies":"Jaw Worm Horde","floor":44,"turns":3},{"damage":0,"enemies":"3 Darklings","floor":45,"turns":2},{"damage":0,"enemies":"Giant Head","floor":46,"turns":7},{"damage":0,"enemies":"Reptomancer","floor":48,"turns":7},{"damage":0,"enemies":"Time Eater","floor":50,"turns":9},{"damage":0,"enemies":"Shield and Spear","floor":54,"turns":5},{"damage":0,"enemies":"The Heart","floor":55,"turns":8}],"seed_played":"-1561517566667732008","potions_obtained":[{"floor":4,"key":"DistilledChaos"},{"floor":5,"key":"Block Potion"},{"floor":10,"key":"Poison Potion"},{"floor":20,"key":"GamblersBrew"},{"floor":28,"key":"DuplicationPotion"},{"floor":29,"key":"LiquidMemories"},{"floor":44,"key":"EntropicBrew"}],"is_trial":false,"path_per_floor":["M","?","$","M","M","R","E","R","T","E","M","M","$","M","R","B",null,"M","?","M","M","?","E","R","E","T","E","?","E","R","M","R","B",null,"M","?","M","M","?","E","R","E","T","M","M","E","$","E","R","B",null,"R","$","E","B",null],"character_chosen":"THE_SILENT","items_purchased":["A Thousand Cuts","Dagger Throw","Quick Slash+1","Oddly Smooth Stone","Thread and Needle","Tools of the Trade+1","Accuracy+1","Discovery","Backflip"],"campfire_rested":1,"item_purchase_floors":[3,3,13,13,47,47,53,53,53],"current_hp_per_floor":[63,63,63,63,61,61,52,52,52,24,22,16,16,4,22,18,52,52,52,47,33,31,30,30,30,30,30,43,45,45,45,45,45,45,45,45,45,45,45,45,45,37,37,37,37,37,37,39,39,41,44,44,44,45,45],"gold":60,"neow_bonus":"RANDOM_COLORLESS_2","is_daily":false,"chose_seed":false,"campfire_upgraded":7,"win_rate":0.0,"timestamp":1609852694,"path_taken":["M","?","?","M","M","R","E","R","T","E","?","M","$","M","R","BOSS","M","?","M","?","?","E","R","E","T","E","?","E","R","M","R","BOSS","M","?","M","?","?","E","R","E","T","M","M","E","$","E","R","BOSS","R","$","E","BOSS"],"items_purchased_type":["Card","Card","Card","Relic","Relic","Card","Card","Card","Card"],"build_version":"2020-12-22","purchased_purges":3,"victory":true,"max_hp_per_floor":[63,63,63,63,63,63,63,63,63,63,63,63,63,63,63,63,63,63,63,63,63,31,31,31,31,31,31,45,45,45,45,45,45,45,45,45,45,45,45,45,45,45,45,45,45,45,45,45,45,45,45,45,45,45,45],"relic_stats":{"Happy Flower":[33],"Torii":0,"counters":[32,162],"Dead Branch":[46],"Letter Opener":[346],"Smiling Mask":125,"Cursed Key":2,"Mercury Hourglass":[152],"Blood Vial":5,"obtain_stats":[{"Happy Flower":25,"Torii":54,"Dead Branch":48,"Oddly Smooth Stone":13,"Vajra":27,"Mango":28,"Thread and Needle":47,"Incense Burner":23,"Letter Opener":10,"Frozen Egg 2":40,"Smiling Mask":9,"Cursed Key":17,"Mercury Hourglass":42,"Blood Vial":46,"Molten Egg 2":7,"Philosopher\u0027s Stone":34,"FossilizedHelix":26,"Ring of the Snake":0,"Meat on the Bone":28,"Pocketwatch":29},{"Happy Flower":14,"Torii":31,"Dead Branch":29,"Oddly Smooth Stone":7,"Vajra":15,"Mango":17,"Thread and Needle":28,"Incense Burner":13,"Letter Opener":5,"Frozen Egg 2":24,"Smiling Mask":4,"Cursed Key":9,"Mercury Hourglass":25,"Blood Vial":28,"Molten Egg 2":4,"Philosopher\u0027s Stone":20,"FossilizedHelix":14,"Ring of the Snake":0,"Meat on the Bone":17,"Pocketwatch":18},{"Happy Flower":63,"Torii":154,"Dead Branch":140,"Oddly Smooth Stone":31,"Vajra":67,"Mango":77,"Thread and Needle":133,"Incense Burner":58,"Letter Opener":24,"Frozen Egg 2":116,"Smiling Mask":20,"Cursed Key":40,"Mercury Hourglass":121,"Blood Vial":133,"Molten Egg 2":20,"Philosopher\u0027s Stone":95,"FossilizedHelix":63,"Ring of the Snake":0,"Meat on the Bone":77,"Pocketwatch":82}],"Ring of the Snake":[64],"Meat on the Bone":0,"Pocketwatch":[24]},"card_choices":[{"not_picked":["Thinking Ahead","Secret Technique"],"picked":"Apotheosis","floor":0.0},{"not_picked":["Prepared","Poisoned Stab"],"picked":"Well Laid Plans","floor":1},{"not_picked":["Distraction","Caltrops"],"picked":"Crippling Poison","floor":4},{"not_picked":["Slice","Heel Hook"],"picked":"Dagger Spray","floor":5},{"not_picked":["Flying Knee+1","All Out Attack+1"],"picked":"Noxious Fumes","floor":7},{"not_picked":["Deadly Poison","Footwork"],"picked":"Catalyst","floor":10},{"not_picked":["Sucker Punch+1","Dodge and Roll"],"picked":"Predator+1","floor":11},{"not_picked":["Sucker Punch+1","Calculated Gamble"],"picked":"Bouncing Flask","floor":12},{"not_picked":["Quick Slash+1","Deadly Poison"],"picked":"Venomology","floor":14},{"not_picked":["Storm of Steel","A Thousand Cuts"],"picked":"Venomology","floor":16},{"not_picked":["Bane+1","Slice+1"],"picked":"Sucker Punch+1","floor":18},{"not_picked":["Prepared","Expertise+1"],"picked":"Flying Knee+1","floor":20},{"not_picked":["Infinite Blades","PiercingWail"],"picked":"Backflip","floor":21},{"not_picked":["Poisoned Stab+1","Masterful Stab+1"],"picked":"Backstab+1","floor":23},{"not_picked":["Prepared","Blade Dance"],"picked":"Footwork+1","floor":25},{"not_picked":["Eviscerate+1","Concentrate"],"picked":"After Image","floor":27},{"not_picked":["Underhanded Strike+1","Flechettes+1"],"picked":"Catalyst","floor":28},{"not_picked":["Cloak And Dagger","Sucker Punch+1"],"picked":"Footwork","floor":29},{"not_picked":["Deadly Poison","Poisoned Stab+1"],"picked":"PiercingWail","floor":31},{"not_picked":["Envenom","Venomology"],"picked":"Corpse Explosion","floor":33},{"not_picked":["Dagger Throw+1","Choke+1"],"picked":"Outmaneuver+1","floor":35},{"not_picked":["Blade Dance+1","Expertise"],"picked":"Footwork","floor":37},{"not_picked":["Endless Agony+1","Underhanded Strike+1"],"picked":"Cloak And Dagger","floor":38},{"not_picked":["Blade Dance","Expertise+1","Dagger Spray+1"],"picked":"SKIP","floor":40},{"not_picked":["Poisoned Stab+1","Unload+1","Eviscerate+1"],"picked":"SKIP","floor":42},{"not_picked":["Acrobatics","Deflect"],"picked":"Noxious Fumes+1","floor":44},{"not_picked":["Underhanded Strike+1","Cloak And Dagger"],"picked":"PiercingWail+1","floor":45},{"not_picked":["Flechettes+1","Terror"],"picked":"Blur+1","floor":46},{"not_picked":["Cloak And Dagger","Blade Dance"],"picked":"A Thousand Cuts+1","floor":48},{"not_picked":["Sucker Punch+1","Tactician"],"picked":"Cloak And Dagger+1","floor":54}],"player_experience":714140,"relics_obtained":[{"floor":7,"key":"Molten Egg 2"},{"floor":9,"key":"Smiling Mask"},{"floor":10,"key":"Letter Opener"},{"floor":23,"key":"Incense Burner"},{"floor":25,"key":"Happy Flower"},{"floor":26,"key":"FossilizedHelix"},{"floor":27,"key":"Vajra"},{"floor":28,"key":"Mango"},{"floor":28,"key":"Meat on the Bone"},{"floor":29,"key":"Pocketwatch"},{"floor":40,"key":"Frozen Egg 2"},{"floor":42,"key":"Mercury Hourglass"},{"floor":46,"key":"Blood Vial"},{"floor":48,"key":"Dead Branch"},{"floor":54,"key":"Torii"}],"event_choices":[{"damage_healed":0,"gold_gain":275,"player_choice":"Desecrate","damage_taken":0,"max_hp_gain":0,"max_hp_loss":0,"event_name":"Golden Shrine","floor":2,"gold_loss":0,"cards_obtained":["Regret"]},{"damage_healed":0,"gold_gain":0,"cards_transformed":["Strike_G"],"player_choice":"Transformed","damage_taken":0,"max_hp_gain":0,"max_hp_loss":0,"event_name":"Transmorgrifier","floor":19,"gold_loss":0,"cards_obtained":["After Image"]},{"damage_healed":0,"gold_gain":0,"player_choice":"Became a Ghost","damage_taken":0,"max_hp_gain":0,"max_hp_loss":32,"event_name":"Ghosts","floor":22,"gold_loss":0,"cards_obtained":["Ghostly","Ghostly","Ghostly","Ghostly","Ghostly"]},{"damage_healed":0,"gold_gain":0,"player_choice":"Fight","damage_taken":0,"max_hp_gain":0,"max_hp_loss":0,"event_name":"Colosseum","floor":28,"gold_loss":0},{"damage_healed":0,"gold_gain":0,"player_choice":"Fought Nobs","damage_taken":0,"max_hp_gain":0,"max_hp_loss":0,"event_name":"Colosseum","floor":28,"gold_loss":0},{"damage_healed":0,"gold_gain":0,"cards_transformed":["Strike_G","Strike_G"],"player_choice":"Transformed Cards","damage_taken":0,"max_hp_gain":0,"max_hp_loss":0,"event_name":"Designer","floor":36,"gold_loss":60,"cards_obtained":["Finisher","Well Laid Plans"]},{"damage_healed":0,"gold_gain":0,"player_choice":"Ignored","damage_taken":0,"max_hp_gain":0,"max_hp_loss":0,"event_name":"Tomb of Lord Red Mask","floor":39,"gold_loss":0}],"is_beta":false,"boss_relics":[{"not_picked":["Runic Pyramid","WristBlade"],"picked":"Cursed Key"},{"not_picked":["Snecko Eye","Empty Cage"],"picked":"Philosopher\u0027s Stone"}],"items_purged_floors":[3,13,47],"is_endless":false,"potions_floor_spawned":[4,5,10,20,25,28,28,29,31,35,38,44,46],"ascension_level":6}}