{"host":"i1h39d0gfh5c6uxl","time":1609863821,"event":{"mods":["AchievementEnabler","BaseMod","Colored Map","Colored Powertips","Highlight Path","Minty Spire (QoL Compilation)"],"gold_per_floor":[113,124,124,38,38,67,67,97,97,97,125,139,109,126,126,200,200,220,37,37,37,57,57,84,100,100,125,139,139,139,151,151,226,226,238,238,257,270,290,290,290],"floor_reached":40,"playtime":3391,"items_purged":["Strike_R"],"score":992,"play_id":"8a5536e2-fa3a-429d-874d-d64941d2c441","local_time":"20210106002341","is_ascension_mode":true,"campfire_choices":[{"data":"Armaments","floor":7.0,"key":"SMITH"},{"floor":10.0,"key":"REST"},{"floor":15.0,"key":"REST"},{"data":"Uppercut","floor":23.0,"key":"SMITH"},{"floor":29.0,"key":"REST"},{"floor":32.0,"key":"REST"}],"circlet_count":0,"master_deck":["AscendersBane","Strike_R","Defend_R","Defend_R","Defend_R","Defend_R","Bash","Cleave","Clothesline","Uppercut+1","Armaments+1","Shrug It Off","Demon Form","Pommel Strike","RitualDagger","Barricade","Fire Breathing+1","Disarm","Flame Barrier","Feel No Pain","Limit Break","Offering","Heavy Blade"],"relics":["Burning Blood","NeowsBlessing","Lantern","Letter Opener","Akabeko","Shuriken","Red Skull","Snecko Eye","Pocketwatch","Gremlin Horn","Sundial","Du-Vu Doll","Sozu"],"acts_visited":["Exordium","TheCity","TheBeyond"],"potions_floor_usage":[],"damage_taken":[{"damage":0.0,"enemies":"Cultist","floor":1.0,"turns":1.0},{"damage":0.0,"enemies":"2 Louse","floor":2.0,"turns":2.0},{"damage":0.0,"enemies":"Gremlin Nob","floor":6.0,"turns":1.0},{"damage":41.0,"enemies":"Lagavulin","floor":8.0,"turns":8.0},{"damage":20.0,"enemies":"3 Sentries","floor":11.0,"turns":8.0},{"damage":4.0,"enemies":"Jaw Worm","floor":12.0,"turns":2.0},{"damage":3.0,"enemies":"Red Slaver","floor":14.0,"turns":4.0},{"damage":53.0,"enemies":"Hexaghost","floor":16.0,"turns":7.0},{"damage":15.0,"enemies":"Shell Parasite","floor":18.0,"turns":3.0},{"damage":0.0,"enemies":"2 Thieves","floor":22.0,"turns":2.0},{"damage":21.0,"enemies":"Book of Stabbing","floor":24.0,"turns":5.0},{"damage":26.0,"enemies":"Shelled Parasite and Fungi","floor":25.0,"turns":3.0},{"damage":0.0,"enemies":"Gremlin Leader","floor":27.0,"turns":2.0},{"damage":12.0,"enemies":"Snake Plant","floor":28.0,"turns":3.0},{"damage":9.0,"enemies":"Centurion and Healer","floor":31.0,"turns":4.0},{"damage":16.0,"enemies":"Automaton","floor":33.0,"turns":6.0},{"damage":14.0,"enemies":"3 Shapes","floor":35.0,"turns":4.0},{"damage":22.0,"enemies":"3 Darklings","floor":37.0,"turns":5.0},{"damage":26.0,"enemies":"4 Shapes","floor":38.0,"turns":4.0},{"damage":28.0,"enemies":"Jaw Worm Horde","floor":39.0,"turns":3.0},{"damage":18,"enemies":"Reptomancer","floor":40,"turns":2}],"seed_played":"1989024699323491606","potions_obtained":[{"floor":13.0,"key":"HeartOfIron"},{"floor":13.0,"key":"Fruit Juice"},{"floor":14.0,"key":"ColorlessPotion"},{"floor":16.0,"key":"Swift Potion"},{"floor":22.0,"key":"PowerPotion"},{"floor":25.0,"key":"AttackPotion"},{"floor":28.0,"key":"DistilledChaos"},{"floor":31.0,"key":"SteroidPotion"}],"is_trial":false,"path_per_floor":["M","M","?","$","?","E","R","E","T","R","E","M","?","M","R","B",null,"M","$","?","T","M","R","E","M","T","E","M","R","?","M","R","B",null,"M","?","M","M","M","E"],"character_chosen":"IRONCLAD","items_purchased":["Uppercut","Fruit Juice"],"campfire_rested":4,"item_purchase_floors":[4,19],"current_hp_per_floor":[74,75,70,70,63,69,69,34,34,56,42,44,49,52,76,29,67,58,63,57,57,63,63,48,28,28,34,28,53,53,50,75,65,80,72,72,56,36,14,0,0],"gold":290,"neow_bonus":"THREE_ENEMY_KILL","is_daily":false,"chose_seed":false,"campfire_upgraded":2,"win_rate":0.0,"timestamp":1609863821,"path_taken":["M","M","?","$","?","E","R","E","T","R","E","M","?","M","R","BOSS","M","$","?","?","?","R","E","M","T","E","M","R","?","?","R","BOSS","M","?","?","M","M","E"],"items_purchased_type":["Card","Potion"],"build_version":"2020-12-22","purchased_purges":1,"victory":false,"max_hp_per_floor":[75,75,75,75,75,75,75,75,75,75,75,75,80,80,80,80,80,80,85,85,85,85,85,85,85,85,85,85,85,85,85,85,85,85,85,85,85,85,85,85,85],"card_choices":[{"not_picked":["Twin Strike","Second Wind"],"picked":"Cleave","floor":1.0},{"not_picked":["True Grit","Rupture"],"picked":"Clothesline","floor":2.0},{"not_picked":["Seeing Red","Headbutt"],"picked":"Armaments","floor":6.0},{"not_picked":["Dark Embrace","Searing Blow"],"picked":"Shrug It Off","floor":8.0},{"not_picked":["Intimidate","Warcry"],"picked":"Demon Form","floor":11.0},{"not_picked":["Thunderclap","Flex"],"picked":"Pommel Strike","floor":12.0},{"not_picked":["Wild Strike","Pommel Strike","Headbutt"],"picked":"SKIP","floor":14.0},{"not_picked":["Dual Wield","Seeing Red","Shrug It Off"],"picked":"SKIP","floor":18.0},{"not_picked":["Feel No Pain","Shrug It Off","Clothesline"],"picked":"SKIP","floor":22.0},{"not_picked":["Second Wind+1","Body Slam"],"picked":"Barricade","floor":24.0},{"not_picked":["Heavy Blade","Sentinel"],"picked":"Fire Breathing+1","floor":25.0},{"not_picked":["Twin Strike","Flex"],"picked":"Disarm","floor":27.0},{"not_picked":["Shrug It Off","Flex"],"picked":"Flame Barrier","floor":28.0},{"not_picked":["Flex","Shrug It Off","Armaments"],"picked":"SKIP","floor":31.0},{"not_picked":["Feed","Offering"],"picked":"Limit Break","floor":33.0},{"not_picked":["Clothesline","Clash","Armaments"],"picked":"SKIP","floor":35.0},{"not_picked":["Cleave","Perfected Strike+1"],"picked":"Heavy Blade","floor":37.0},{"not_picked":["Wild Strike","Shrug It Off","Blood for Blood"],"picked":"SKIP","floor":38.0},{"not_picked":["Sever Soul","Iron Wave","Flex"],"picked":"SKIP","floor":39.0}],"player_experience":1306807,"relics_obtained":[{"floor":6.0,"key":"Letter Opener"},{"floor":8.0,"key":"Akabeko"},{"floor":9.0,"key":"Shuriken"},{"floor":11.0,"key":"Red Skull"},{"floor":21.0,"key":"Pocketwatch"},{"floor":24.0,"key":"Gremlin Horn"},{"floor":26.0,"key":"Sundial"},{"floor":27.0,"key":"Du-Vu Doll"}],"event_choices":[{"damage_healed":0.0,"max_hp_gain":0.0,"max_hp_loss":0.0,"gold_gain":0.0,"event_name":"Scrap Ooze","player_choice":"Success","floor":3.0,"gold_loss":0.0,"damage_taken":5.0,"relics_obtained":["Lantern"]},{"cards_removed":["Strike_R"],"damage_healed":0.0,"max_hp_gain":0.0,"max_hp_loss":0.0,"gold_gain":0.0,"event_name":"Golden Wing","player_choice":"Card Removal","floor":5.0,"gold_loss":0.0,"damage_taken":7.0},{"damage_healed":0.0,"max_hp_gain":0.0,"max_hp_loss":0.0,"gold_gain":0.0,"event_name":"The Woman in Blue","player_choice":"Bought 2 Potions","floor":13.0,"gold_loss":0.0,"damage_taken":0.0},{"damage_healed":0.0,"max_hp_gain":0.0,"max_hp_loss":0.0,"gold_gain":0.0,"event_name":"Nest","player_choice":"Joined the Cult","floor":20.0,"gold_loss":0.0,"damage_taken":6.0,"cards_obtained":["RitualDagger"]},{"damage_healed":0.0,"max_hp_gain":0.0,"max_hp_loss":0.0,"gold_gain":0.0,"cards_transformed":["Strike_R"],"event_name":"Transmorgrifier","player_choice":"Transformed","floor":30.0,"gold_loss":0.0,"damage_taken":0.0,"cards_obtained":["Feel No Pain"]},{"damage_healed":0.0,"max_hp_gain":0.0,"max_hp_loss":0.0,"gold_gain":0.0,"cards_transformed":["Strike_R"],"event_name":"Transmorgrifier","player_choice":"Transformed","floor":36.0,"gold_loss":0.0,"damage_taken":0.0,"cards_obtained":["Offering"]}],"is_beta":false,"boss_relics":[{"not_picked":["Busted Crown","Runic Pyramid"],"picked":"Snecko Eye"},{"not_picked":["Runic Dome","SlaversCollar"],"picked":"Sozu"}],"items_purged_floors":[19],"is_endless":false,"potions_floor_spawned":[14,16,22,25,28,31,39],"killed_by":"Reptomancer","ascension_level":20}}