{"host":"1fn5ivlym87f4xjq","time":1609861893,"event":{"mods":["BaseMod","BetterRewards","Colored Powertips","Minty Spire (QoL Compilation)","Shop Mod","StSLib","The Animator","The Exalted","The Forsaken","The Hierophant"],"gold_per_floor":[118,129,129,94,94,119,119,148,148,167,202,202,219,235,235,333,333,303,322,322,337,337,337,337],"floor_reached":23,"playtime":1389,"items_purged":[],"score":274,"play_id":"8e4a232e-7b08-4a36-b43b-f1f115f2b812","local_time":"20210105165133","is_ascension_mode":true,"campfire_choices":[{"data":"Bromod:PointStrike","floor":7,"key":"SMITH"},{"data":"Bromod:Provoked","floor":12,"key":"SMITH"},{"data":"Bromod:RadialBlind","floor":15,"key":"SMITH"}],"circlet_count":0,"master_deck":["Bromod:Strike_Bro","Bromod:Strike_Bro+1","Bromod:Defend_Bro","Bromod:Defend_Bro+1","Bromod:Defend_Bro","Bromod:SlashDash+1","Bromod:SlashDash","Bromod:SlashDash","Bromod:PointStrike+1","Bromod:Provoked+1","Bromod:HornetStrike","Bromod:ContagiousSpread","Bromod:Vitality","Bromod:BodyCount","Bromod:BulletJump","Bromod:RadialBlind+1","Bromod:Continuity","Bromod:Vitality+1","Bromod:ContagiousSpread+1","Bromod:SteelFiber"],"relics":["Bromod:Ordis","Bromod:AscarisDevice","Mummified Hand","Akabeko","Toy Ornithopter","Bromod:ArcaneBarrier","Bromod:BleedingDragonKey","Bromod:DecayingDragonKey","Bromod:ExtinguishedDragonKey","Bromod:HobbledDragonKey"],"acts_visited":["Exordium","TheCity"],"potions_floor_usage":[11,11,14,16,18],"damage_taken":[{"damage":5,"enemies":"2 Louse","floor":1,"turns":3},{"damage":0,"enemies":"Small Slimes","floor":2,"turns":3},{"damage":23,"enemies":"Lagavulin","floor":6,"turns":5},{"damage":28,"enemies":"Gremlin Nob","floor":8,"turns":4},{"damage":0,"enemies":"Cultist","floor":10,"turns":3},{"damage":5,"enemies":"3 Sentries","floor":11,"turns":8},{"damage":0,"enemies":"3 Louse","floor":13,"turns":3},{"damage":17,"enemies":"Gremlin Gang","floor":14,"turns":5},{"damage":0,"enemies":"Slime Boss","floor":16,"turns":15},{"damage":30,"enemies":"2 Thieves","floor":18,"turns":5},{"damage":14,"enemies":"3 Byrds","floor":19,"turns":9},{"damage":10,"enemies":"Snake Plant","floor":21,"turns":10},{"damage":12,"enemies":"Gremlin Leader","floor":23,"turns":1}],"seed_played":"1805539155586849515","potions_obtained":[{"floor":6,"key":"SteroidPotion"},{"floor":10,"key":"SteroidPotion"},{"floor":13,"key":"Ancient Potion"},{"floor":14,"key":"Fire Potion"},{"floor":16,"key":"Bromod:HealthRestore"}],"is_trial":false,"path_per_floor":["M","M","?","?","?","E","R","E","T","M","E","R","M","M","R","B",null,"M","M","?","M","?","E"],"character_chosen":"THE_EXALTED","items_purchased":[],"campfire_rested":0,"item_purchase_floors":[],"current_hp_per_floor":[70,70,55,73,73,50,50,22,22,22,17,17,17,5,5,10,75,58,44,19,9,9,0,0],"gold":337,"neow_bonus":"UPGRADE_CARD","is_daily":false,"chose_seed":false,"campfire_upgraded":3,"win_rate":0.0,"timestamp":1609861893,"path_taken":["M","M","?","?","?","E","R","E","T","M","E","R","M","?","R","BOSS","M","M","?","?","?","E"],"items_purchased_type":[],"build_version":"2020-12-22","purchased_purges":0,"victory":false,"max_hp_per_floor":[75,75,75,75,75,75,75,75,75,75,75,75,75,75,75,75,75,75,75,19,19,19,19,19],"card_choices":[{"not_picked":["Bromod:BulletJump","Bromod:Foundry"],"picked":"Bromod:PointStrike","floor":1},{"not_picked":["Bromod:SteelFiber","Bromod:Rejuvenation"],"picked":"Bromod:Provoked","floor":2},{"not_picked":["Bromod:FastHands","Bromod:PressurePoint"],"picked":"Bromod:HornetStrike","floor":6},{"not_picked":["Bromod:BodyCount","Bromod:Fury"],"picked":"Bromod:ContagiousSpread","floor":8},{"not_picked":["Bromod:NoReturn","Bromod:Foundry"],"picked":"Bromod:Vitality","floor":10},{"not_picked":["Bromod:SlipMagazine","Bromod:Provoked"],"picked":"Bromod:BodyCount","floor":11},{"not_picked":["Bromod:PressurePoint","Bromod:Reflection"],"picked":"Bromod:BulletJump","floor":13},{"not_picked":["Bromod:BloodRush","Bromod:PressurePoint"],"picked":"Bromod:RadialBlind","floor":14},{"not_picked":["Bromod:SplitChamber","Bromod:Intensify"],"picked":"Bromod:Continuity","floor":16},{"not_picked":["Bromod:TargetCracker+1","Bromod:Reflection"],"picked":"Bromod:Vitality+1","floor":18},{"not_picked":["Bromod:Redirection","Bromod:QuickDraw+1"],"picked":"Bromod:ContagiousSpread+1","floor":19},{"not_picked":["Bromod:QuickDraw","Bromod:Foundry"],"picked":"Bromod:SteelFiber","floor":21}],"player_experience":107037,"relics_obtained":[{"floor":6,"key":"Mummified Hand"},{"floor":8,"key":"Akabeko"},{"floor":11,"key":"Toy Ornithopter"}],"event_choices":[{"damage_healed":0,"gold_gain":0,"player_choice":"Entered Light","damage_taken":15,"max_hp_gain":0,"max_hp_loss":0,"event_name":"Shining Light","floor":3,"gold_loss":0,"cards_upgraded":["Bromod:Defend_Bro","Bromod:Strike_Bro"]},{"damage_healed":18,"gold_gain":0,"player_choice":"Healed","damage_taken":0,"max_hp_gain":0,"max_hp_loss":0,"event_name":"The Cleric","floor":4,"gold_loss":35},{"cards_removed":["Bromod:Strike_Bro"],"damage_healed":0,"gold_gain":0,"player_choice":"Purged","damage_taken":0,"max_hp_gain":0,"max_hp_loss":0,"event_name":"Purifier","floor":5,"gold_loss":0},{"cards_removed":["Bromod:Defend_Bro"],"damage_healed":0,"gold_gain":0,"player_choice":"Offered Basic","damage_taken":0,"max_hp_gain":0,"max_hp_loss":0,"event_name":"Bonfire Elementals","floor":22,"gold_loss":0}],"is_beta":false,"boss_relics":[{"not_picked":["Cursed Key","Fusion Hammer"],"picked":"Bromod:ArcaneBarrier"}],"items_purged_floors":[],"is_endless":false,"potions_floor_spawned":[6,10,13,14,16],"killed_by":"Gremlin Leader","ascension_level":1}}