{"host":"j356dfgkwbkgh9zu","time":1609826294,"event":{"mods":["2.2 Compatiblity","ATMod(阿瑾Mod)","Act Like it!","BaseMod","Colored Map","Colored Powertips","Hermit","Lobotomy","Luminous","Minty Spire (QoL Compilation)","Quick Restart","RumiaBox-露米娅的神秘盒子","Shop Mod","Spicy Shops","StSLib","The Marked","The Mystic","【功能Mod】混沌之环修复补丁","篝火指南"],"gold_per_floor":[132,186,186,119,170,170,170,257,308,392,392,446,548,140,140,140,140],"floor_reached":16,"playtime":838,"items_purged":["Parasite"],"score":236,"play_id":"a9bde250-2afa-4c13-b938-aaadb4bcfeab","local_time":"20210105135814","daily_mods":["Vintage","Heirloom","Time Dilation","Flight","DeadlyEvents","Elite Swarm","Midas"],"is_ascension_mode":true,"campfire_choices":[{"floor":6,"key":"REST"},{"floor":7,"key":"REST"},{"floor":11,"key":"REST"},{"floor":15,"key":"REST"}],"circlet_count":0,"master_deck":["AscendersBane","hermit:Strike_Hermit","hermit:Strike_Hermit+1","hermit:Strike_Hermit","hermit:Strike_Hermit","hermit:Defend_Hermit","hermit:Defend_Hermit","hermit:Defend_Hermit","hermit:Defend_Hermit","hermit:Snapshot+1","hermit:Covet","hermit:FatalDesire","hermit:EternalForm","hermit:FinalCanter"],"relics":["hermit:Momento","mysticmod:CrystalBall","AT_ATBox","Bird Faced Urn","Lantern","Du-Vu Doll","AT_ChloranthyRing","Blood Vial","Shuriken","Orichalcum","AT_Manta","MagicDraw2","Darkstone Periapt","Regal Pillow","MagicDraw4"],"acts_visited":["Exordium"],"potions_floor_usage":[10,13],"damage_taken":[{"damage":1,"enemies":"Cultist","floor":1,"turns":3},{"damage":7,"enemies":"Small Slimes","floor":2,"turns":3},{"damage":7,"enemies":"Jaw Worm","floor":5,"turns":2},{"damage":40,"enemies":"3 Sentries","floor":8,"turns":9},{"damage":34,"enemies":"Lagavulin","floor":10,"turns":6},{"damage":0,"enemies":"Large Slime","floor":12,"turns":4},{"damage":28,"enemies":"Gremlin Nob","floor":13,"turns":4},{"damage":56,"enemies":"Hexaghost","floor":16,"turns":9}],"seed_played":"-242811376048797565","potions_obtained":[{"floor":8,"key":"Explosive Potion"},{"floor":10,"key":"Energy Potion"}],"is_trial":true,"path_per_floor":["M","M","?","?","M","R","R","E","T","E","R","M","E","$","R","B"],"character_chosen":"HERMIT","items_purchased":["Regal Pillow","MagicDraw4"],"campfire_rested":4,"item_purchase_floors":[14,14],"current_hp_per_floor":[63,56,35,35,28,49,70,31,31,1,22,28,6,12,49,0,0],"gold":140,"neow_bonus":"","is_daily":false,"chose_seed":false,"campfire_upgraded":0,"win_rate":0.0,"timestamp":1609826294,"path_taken":["M","?","?","?","?","R","R","E","T","E","R","M","?","$","R","BOSS"],"items_purchased_type":["Relic","Relic"],"build_version":"2020-12-22","purchased_purges":1,"victory":false,"max_hp_per_floor":[71,71,71,71,71,71,71,71,71,71,71,71,71,74,74,74,74],"card_choices":[{"not_picked":["hermit:Purgatory","hermit:HeroicBravado"],"picked":"hermit:FatalDesire","floor":8},{"not_picked":["hermit:Dissolve","hermit:BlackWind"],"picked":"hermit:EternalForm","floor":10},{"not_picked":["hermit:Magnum","hermit:EternalForm"],"picked":"hermit:FinalCanter","floor":13}],"player_experience":249585,"relics_obtained":[{"floor":1,"key":"Lantern"},{"floor":2,"key":"Du-Vu Doll"},{"floor":5,"key":"Blood Vial"},{"floor":8,"key":"Shuriken"},{"floor":9,"key":"Orichalcum"},{"floor":10,"key":"AT_Manta"},{"floor":12,"key":"MagicDraw2"},{"floor":13,"key":"Darkstone Periapt"}],"event_choices":[{"damage_healed":0,"gold_gain":0,"player_choice":"Entered Light","damage_taken":21,"max_hp_gain":0,"max_hp_loss":0,"event_name":"Shining Light","floor":3,"gold_loss":0,"cards_upgraded":["hermit:Snapshot","hermit:Strike_Hermit"]},{"damage_healed":0,"gold_gain":0,"player_choice":"Paid Gold","damage_taken":0,"relics_obtained":["AT_ChloranthyRing"],"max_hp_gain":0,"max_hp_loss":0,"event_name":"WeMeetAgain","floor":4,"gold_loss":67}],"is_beta":false,"boss_relics":[],"items_purged_floors":[14],"is_endless":true,"potions_floor_spawned":[8,10],"killed_by":"Hexaghost","ascension_level":20}}