{"host":"sav7uxregyirlf69","time":1609863039,"event":{"mods":["AchievementEnabler","BaseMod","Colored Map","DeckTracker","Keyboard Shortcuts","Minty Spire (QoL Compilation)","READ ME - Guardian Mod","StSLib","SuperFastMode"],"gold_per_floor":[109,109,109,122,47,73,73,73,73,73,89,89,105,137,137,214,214,226,244,258,274,324,356,356,390,390,424,442,11,43,43,43,121,121,131,131,156,173,184,217,217,250,330,350,401,421,449,460,460,460,460,460,460,131,157,157],"floor_reached":57,"playtime":2001,"items_purged":["Strike_G","Dagger Throw","Dagger Spray+1"],"score":3785,"play_id":"7fc97288-aa3b-4c1a-bf16-7db9e51acaf5","local_time":"20210106011039","is_ascension_mode":true,"campfire_choices":[{"floor":8,"key":"REST"},{"floor":12,"key":"RECALL"},{"data":"Dagger Throw","floor":15,"key":"SMITH"},{"data":"After Image","floor":24,"key":"SMITH"},{"data":"Survivor","floor":32,"key":"SMITH"},{"data":"After Image","floor":41,"key":"SMITH"},{"data":"After Image","floor":49,"key":"SMITH"},{"data":"Dagger Spray","floor":53,"key":"SMITH"}],"circlet_count":0,"master_deck":["AscendersBane","Survivor+1","Neutralize+1","Blade Dance+1","After Image","After Image+1","Crippling Poison+1","Tactician+1","Dagger Throw+1","Malaise+1","Distraction+1","Bouncing Flask+1","After Image+1","Terror+1","Outmaneuver+1","Backflip+1","Acrobatics+1","Blade Dance+1","Venomology+1","Tactician+1","Calculated Gamble+1","Backflip+1","Ghostly+1","Ghostly+1","Ghostly+1","After Image+1","Reflex+1","Blur+1","Blade Dance+1","Well Laid Plans+1","PiercingWail+1"],"relics":["Ring of the Snake","NeowsBlessing","Mercury Hourglass","FossilizedHelix","Toxic Egg 2","Strawberry","Ornamental Fan","Pandora\u0027s Box","Juzu Bracelet","InkBottle","Eternal Feather","Centennial Puzzle","Art of War","TwistedFunnel","Shuriken","SlaversCollar","Bird Faced Urn","Snake Skull","Regal Pillow","CaptainsWheel","Frozen Egg 2","Bronze Scales","War Paint"],"acts_visited":["Exordium","TheCity","TheBeyond","TheEnding"],"potions_floor_usage":[14,18,21,23,27,28,30,33,42,50,56,56],"damage_taken":[{"damage":0,"enemies":"Cultist","floor":1,"turns":1},{"damage":0,"enemies":"2 Louse","floor":4,"turns":1},{"damage":0,"enemies":"3 Sentries","floor":6,"turns":1},{"damage":0,"enemies":"Jaw Worm","floor":11,"turns":3},{"damage":0,"enemies":"Blue Slaver","floor":13,"turns":4},{"damage":0,"enemies":"Lagavulin","floor":14,"turns":7},{"damage":16,"enemies":"Hexaghost","floor":16,"turns":14},{"damage":0,"enemies":"Shell Parasite","floor":18,"turns":4},{"damage":0,"enemies":"Chosen","floor":19,"turns":5},{"damage":0,"enemies":"Centurion and Healer","floor":20,"turns":4},{"damage":0,"enemies":"3 Cultists","floor":21,"turns":4},{"damage":0,"enemies":"Gremlin Leader","floor":23,"turns":5},{"damage":0,"enemies":"Slavers","floor":25,"turns":5},{"damage":0,"enemies":"Book of Stabbing","floor":27,"turns":5},{"damage":0,"enemies":"Snake Plant","floor":28,"turns":3},{"damage":0,"enemies":"Gremlin Leader","floor":30,"turns":5},{"damage":0,"enemies":"Automaton","floor":33,"turns":7},{"damage":0,"enemies":"3 Darklings","floor":35,"turns":6},{"damage":0,"enemies":"Mind Bloom Boss Battle","floor":37,"turns":4},{"damage":0,"enemies":"3 Shapes","floor":38,"turns":4},{"damage":0,"enemies":"Spire Growth","floor":39,"turns":5},{"damage":4,"enemies":"Nemesis","floor":40,"turns":5},{"damage":0,"enemies":"Reptomancer","floor":42,"turns":5},{"damage":0,"enemies":"Writhing Mass","floor":44,"turns":6},{"damage":0,"enemies":"2 Orb Walkers","floor":45,"turns":6},{"damage":0,"enemies":"Transient","floor":46,"turns":6},{"damage":0,"enemies":"Nemesis","floor":47,"turns":7},{"damage":0,"enemies":"4 Shapes","floor":48,"turns":3},{"damage":0,"enemies":"Time Eater","floor":50,"turns":12},{"damage":0,"enemies":"Donu and Deca","floor":51,"turns":6},{"damage":0,"enemies":"Shield and Spear","floor":55,"turns":6},{"damage":0,"enemies":"The Heart","floor":56,"turns":7}],"seed_played":"-8059269884545014193","potions_obtained":[{"floor":4,"key":"Fruit Juice"},{"floor":13,"key":"Strength Potion"},{"floor":16,"key":"Weak Potion"},{"floor":18,"key":"AttackPotion"},{"floor":19,"key":"DuplicationPotion"},{"floor":42,"key":"DuplicationPotion"}],"is_trial":false,"path_per_floor":["M","T","?","M","$","E","T","R","T","?","M","R","M","E","R","B",null,"M","M","M","M","?","E","R","E","T","E","M","$","E","?","R","B",null,"M","?","?","M","M","E","R","E","T","M","?","M","E","M","R","B","B",null,"R","$","E","B",null],"character_chosen":"THE_SILENT","items_purchased":["Art of War","TwistedFunnel","Bronze Scales","Well Laid Plans+1"],"campfire_rested":1,"item_purchase_floors":[29,29,54,54],"current_hp_per_floor":[59,59,39,39,39,39,39,58,65,65,65,65,65,65,65,49,67,72,72,72,72,72,72,72,72,72,78,78,78,78,39,39,39,39,39,37,37,37,37,33,37,37,37,37,37,37,37,37,37,37,37,37,37,37,37,37],"gold":157,"neow_bonus":"THREE_ENEMY_KILL","is_daily":false,"chose_seed":false,"campfire_upgraded":6,"win_rate":0.0,"timestamp":1609863039,"path_taken":["M","?","?","M","?","E","?","R","T","?","M","R","?","E","R","BOSS","M","M","M","M","?","E","R","E","T","E","M","$","E","?","R","BOSS","M","?","?","M","M","E","R","E","T","M","?","M","E","M","R","BOSS","BOSS","R","$","E","BOSS"],"items_purchased_type":["Relic","Relic","Relic","Card"],"build_version":"2020-12-22","purchased_purges":3,"victory":true,"max_hp_per_floor":[66,66,66,66,66,66,66,66,73,73,73,73,73,73,73,73,73,78,78,78,78,78,78,78,78,78,78,78,78,78,39,39,39,39,39,37,37,37,37,37,37,37,37,37,37,37,37,37,37,37,37,37,37,37,37,37],"card_choices":[{"not_picked":["Dagger Throw","Choke"],"picked":"Blade Dance","floor":1},{"not_picked":["Slice","Poisoned Stab","Outmaneuver"],"picked":"SKIP","floor":4},{"not_picked":["Riddle With Holes","Backstab"],"picked":"After Image","floor":6},{"not_picked":["Acrobatics+1","Blade Dance+1"],"picked":"Crippling Poison+1","floor":11},{"not_picked":["Skewer","Dagger Spray"],"picked":"Tactician+1","floor":13},{"not_picked":["Endless Agony","Catalyst+1"],"picked":"Dagger Throw","floor":14},{"not_picked":["Glass Knife","Wraith Form v2"],"picked":"Malaise+1","floor":16},{"not_picked":["Caltrops","Deflect+1"],"picked":"Acrobatics+1","floor":18},{"not_picked":["Terror+1","Bane"],"picked":"Blade Dance+1","floor":19},{"not_picked":["Poisoned Stab","Outmaneuver+1"],"picked":"Venomology+1","floor":20},{"not_picked":["Blade Dance+1","Bane"],"picked":"Tactician+1","floor":21},{"not_picked":["Cloak And Dagger+1","Deflect+1"],"picked":"Calculated Gamble+1","floor":23},{"not_picked":["Poisoned Stab","Grand Finale"],"picked":"Backflip+1","floor":25},{"not_picked":["Footwork","Quick Slash","Backflip+1"],"picked":"SKIP","floor":27},{"not_picked":["Outmaneuver+1","Flechettes","Bane"],"picked":"SKIP","floor":28},{"not_picked":["Bane+1","Dagger Throw","Malaise+1"],"picked":"SKIP","floor":30},{"not_picked":["Malaise+1","Tools of the Trade"],"picked":"After Image","floor":33},{"not_picked":["Setup+1","Deadly Poison+1","Bane+1"],"picked":"SKIP","floor":35},{"not_picked":["Infinite Blades","Outmaneuver+1","Dagger Throw"],"picked":"SKIP","floor":38},{"not_picked":["Outmaneuver+1","Predator"],"picked":"Reflex+1","floor":39},{"not_picked":["All Out Attack","Bane+1","Tactician+1"],"picked":"SKIP","floor":40},{"not_picked":["Bane","Envenom"],"picked":"Blur+1","floor":42},{"not_picked":["Underhanded Strike+1","Deflect+1","Sucker Punch"],"picked":"SKIP","floor":44},{"not_picked":["Underhanded Strike+1","Setup+1","Deadly Poison+1"],"picked":"SKIP","floor":46},{"not_picked":["Distraction+1","Quick Slash"],"picked":"Blade Dance+1","floor":47},{"not_picked":["Bouncing Flask+1","Dagger Throw","Poisoned Stab"],"picked":"SKIP","floor":48},{"not_picked":["Poisoned Stab+1","Blade Dance+1"],"picked":"PiercingWail+1","floor":55}],"player_experience":1150633,"relics_obtained":[{"floor":2,"key":"Mercury Hourglass"},{"floor":6,"key":"FossilizedHelix"},{"floor":7,"key":"Toxic Egg 2"},{"floor":9,"key":"Strawberry"},{"floor":14,"key":"Ornamental Fan"},{"floor":23,"key":"Juzu Bracelet"},{"floor":25,"key":"InkBottle"},{"floor":26,"key":"Eternal Feather"},{"floor":27,"key":"Centennial Puzzle"},{"floor":30,"key":"Shuriken"},{"floor":37,"key":"Bird Faced Urn"},{"floor":40,"key":"Snake Skull"},{"floor":42,"key":"Regal Pillow"},{"floor":45,"key":"CaptainsWheel"},{"floor":47,"key":"Frozen Egg 2"},{"floor":55,"key":"War Paint"}],"event_choices":[{"damage_healed":0,"gold_gain":0,"player_choice":"Entered Light","damage_taken":20,"max_hp_gain":0,"max_hp_loss":0,"event_name":"Shining Light","floor":3,"gold_loss":0,"cards_upgraded":["Blade Dance","Neutralize"]},{"damage_healed":0,"gold_gain":0,"cards_transformed":["Strike_G"],"player_choice":"Transformed","damage_taken":0,"max_hp_gain":0,"max_hp_loss":0,"event_name":"Transmorgrifier","floor":10,"gold_loss":0,"cards_obtained":["After Image"]},{"damage_healed":0,"gold_gain":50,"player_choice":"Stole From Cult","damage_taken":0,"max_hp_gain":0,"max_hp_loss":0,"event_name":"Nest","floor":22,"gold_loss":0},{"damage_healed":0,"gold_gain":0,"player_choice":"Became a Ghost","damage_taken":0,"max_hp_gain":0,"max_hp_loss":39,"event_name":"Ghosts","floor":31,"gold_loss":0,"cards_obtained":["Ghostly","Ghostly","Ghostly"]},{"damage_healed":0,"gold_gain":0,"player_choice":"Max HP","damage_taken":0,"max_hp_gain":0,"max_hp_loss":2,"event_name":"Winding Halls","floor":36,"gold_loss":0},{"damage_healed":0,"gold_gain":0,"player_choice":"Fight","damage_taken":0,"max_hp_gain":0,"max_hp_loss":0,"event_name":"MindBloom","floor":37,"gold_loss":0},{"damage_healed":0,"gold_gain":0,"player_choice":"Fight","damage_taken":0,"max_hp_gain":0,"max_hp_loss":0,"event_name":"Mysterious Sphere","floor":45,"gold_loss":0}],"is_beta":false,"boss_relics":[{"not_picked":["WristBlade","Tiny House"],"picked":"Pandora\u0027s Box"},{"not_picked":["Astrolabe","Calling Bell"],"picked":"SlaversCollar"}],"items_purged_floors":[5,29,54],"is_endless":false,"potions_floor_spawned":[4,13,16,18,19,23,27,33,37,39,40,42,44,55],"ascension_level":20}}