{"host":"rz01j32460kf2mtw","time":1609807516,"event":{"mods":["BaseMod","Downfall","Minty Spire (QoL Compilation)","Quick Restart","StSLib"],"gold_per_floor":[99,110,127,127,3,19,19,50,50,65,91,104,122,7,22,125,125,125,400,415,430,31,31,54,54,154,174,174,274,274,341,361,361,361],"floor_reached":33,"playtime":3577,"items_purged":["bronze:Strike","bronze:Defend"],"score":334,"play_id":"75db2302-d62e-453e-a76b-15006f95dca5","local_time":"20210104174516","is_ascension_mode":false,"campfire_choices":[{"data":"bronze:Replicate","floor":1,"key":"SMITH"},{"data":"bronze:Flail","floor":9,"key":"SMITH"},{"data":"bronze:AlphaBuild","floor":18,"key":"SMITH"},{"data":"bronze:Repulsor","floor":23,"key":"SMITH"},{"floor":28,"key":"REST"},{"floor":30,"key":"REST"}],"circlet_count":0,"master_deck":["bronze:Strike","bronze:Strike","bronze:Strike","bronze:Defend","bronze:Defend","bronze:Defend","bronze:Replicate+1","bronze:Goto","bronze:DelayedSlice","bronze:GetLatest+1","bronze:DelayedSlice","bronze:SearingBeam","bronze:BugBarrage","bronze:Flail+1","bronze:Mutator","bronze:FollowUp","bronze:Frontload","bronze:RecursiveStrike","bronze:CloningBeam","bronze:AlphaBuild+1","Regret","bronze:BitShift+1","bronze:Repair","bronze:BugBarrage","bronze:Repulsor+1","bronze:AlphaBuild","bronze:Break"],"relics":["bronze:BronzeCore","Dead Branch","Strawberry","Mango","bronze:MakeshiftBattery","Bottled Flame","bronze:ProtectiveGoggles","Pantograph","TungstenRod","Ornamental Fan","downfall:CloakOfManyFaces","CultistMask","FaceOfCleric","NlothsMask","GremlinMask","SsserpentHead"],"acts_visited":["Exordium","TheCity"],"potions_floor_usage":[5,12,14,15,16,16,29,31,33],"damage_taken":[{"damage":0,"enemies":"Small Slimes","floor":2,"turns":4},{"damage":0,"enemies":"Cultist","floor":3,"turns":2},{"damage":0,"enemies":"downfall:FleeingMerchant","floor":5,"turns":4},{"damage":6,"enemies":"Jaw Worm","floor":6,"turns":3},{"damage":16,"enemies":"Lagavulin","floor":8,"turns":7},{"damage":8,"enemies":"Red Slaver","floor":10,"turns":2},{"damage":0,"enemies":"Gremlin Nob","floor":11,"turns":3},{"damage":0,"enemies":"Large Slime","floor":12,"turns":1},{"damage":0,"enemies":"Blue Slaver","floor":13,"turns":1},{"damage":5,"enemies":"downfall:FleeingMerchant","floor":14,"turns":4},{"damage":0,"enemies":"Lots of Slimes","floor":15,"turns":3},{"damage":49,"enemies":"downfall:Silent","floor":16,"turns":10},{"damage":4,"enemies":"Spheric Guardian","floor":20,"turns":2},{"damage":10,"enemies":"Chosen","floor":21,"turns":3},{"damage":12,"enemies":"downfall:FleeingMerchant","floor":22,"turns":4},{"damage":74,"enemies":"downfall:Defect","floor":26,"turns":10},{"damage":29,"enemies":"Shelled Parasite and Fungi","floor":27,"turns":8},{"damage":2,"enemies":"downfall:FaceTrader","floor":29,"turns":5},{"damage":35,"enemies":"Centurion and Healer","floor":31,"turns":10},{"damage":22,"enemies":"Snecko","floor":32,"turns":7},{"damage":57,"enemies":"downfall:Watcher","floor":33,"turns":10}],"seed_played":"-2840198085272886593","potions_obtained":[{"floor":3,"key":"DistilledChaos"},{"floor":8,"key":"Slimebound:ThreeZeroPotion"},{"floor":10,"key":"Guardian:BlockOnCardUsePotion"},{"floor":11,"key":"sneckomod:MuddlingPotion"},{"floor":13,"key":"Slimebound:ThreeZeroPotion"},{"floor":15,"key":"Regen Potion"},{"floor":27,"key":"SkillPotion"},{"floor":29,"key":"Energy Potion"},{"floor":32,"key":"SpeedPotion"}],"is_trial":false,"path_per_floor":["R","M","M","?","$","M","T","E","R","M","E","M","M","$","M","B",null,"R","?","M","M","$","R","T","?","?","M","R","?","R","M","M","B"],"character_chosen":"THE_AUTOMATON","items_purchased":["bronze:SearingBeam","bronze:Repulsor","Bottled Flame","bronze:AlphaBuild"],"campfire_rested":2,"item_purchase_floors":[5,22,22,22],"current_hp_per_floor":[77,77,77,77,77,71,71,62,62,54,68,68,68,63,63,29,98,98,98,94,84,72,72,72,72,30,8,37,35,64,37,23,0,0],"gold":361,"neow_bonus":"TEN_PERCENT_HP_BONUS","is_daily":false,"chose_seed":false,"campfire_upgraded":4,"win_rate":0.0,"timestamp":1609807516,"path_taken":["R","M","M","?","$","M","T","E","R","M","E","?","M","?","M","BOSS","R","?","?","M","$","R","T","?","?","M","R","?","R","?","M","BOSS"],"items_purchased_type":["Card","Card","Relic","Card"],"build_version":"2020-12-22","purchased_purges":2,"victory":false,"max_hp_per_floor":[77,77,77,77,77,77,77,84,84,84,98,98,98,98,98,98,98,98,98,98,98,98,98,98,98,98,98,98,98,98,99,100,100,100],"card_choices":[{"not_picked":["bronze:OilSpill","bronze:WildBeam"],"picked":"bronze:DelayedSlice","floor":2},{"not_picked":["bronze:Frontload","bronze:Overload"],"picked":"bronze:GetLatest","floor":3},{"not_picked":["bronze:BuggyMess","bronze:Allocate"],"picked":"bronze:DelayedSlice","floor":5},{"not_picked":["bronze:Shield","bronze:DelayedSlice"],"picked":"bronze:BugBarrage","floor":6},{"not_picked":["bronze:ClassDefault","bronze:Shell"],"picked":"bronze:Flail","floor":8},{"not_picked":["bronze:Shield","bronze:BugBarrage"],"picked":"bronze:Mutator","floor":10},{"not_picked":["bronze:ThunderWave","bronze:ForLoop"],"picked":"bronze:FollowUp","floor":11},{"not_picked":["bronze:Shield","bronze:Iterate"],"picked":"bronze:Frontload","floor":12},{"not_picked":["bronze:Fortify","bronze:Frontload"],"picked":"bronze:RecursiveStrike","floor":13},{"not_picked":["bronze:Frontload","bronze:Shield","bronze:Deprecate"],"picked":"SKIP","floor":14},{"not_picked":["bronze:Shield","bronze:ChildClass"],"picked":"bronze:CloningBeam","floor":15},{"not_picked":["bronze:ThunderWave","bronze:CleanCode"],"picked":"bronze:AlphaBuild","floor":16},{"not_picked":["bronze:Safeguard+1","bronze:FineTuning"],"picked":"bronze:BitShift+1","floor":20},{"not_picked":["bronze:Overheat","bronze:Deprecate"],"picked":"bronze:Repair","floor":21},{"not_picked":["bronze:Iterate","bronze:ShipIt"],"picked":"bronze:BugBarrage","floor":22},{"not_picked":["bronze:Turbo+1","bronze:OilSpill","bronze:Overheat"],"picked":"SKIP","floor":27},{"not_picked":["bronze:Turbo","bronze:Branch","bronze:Shield+1"],"picked":"SKIP","floor":31},{"not_picked":["bronze:MaxOutput","bronze:DelayedSlice"],"picked":"bronze:Break","floor":32}],"player_experience":865851,"relics_obtained":[{"floor":7,"key":"Dead Branch"},{"floor":8,"key":"Strawberry"},{"floor":11,"key":"Mango"},{"floor":24,"key":"bronze:ProtectiveGoggles"},{"floor":26,"key":"TungstenRod"},{"floor":26,"key":"Ornamental Fan"},{"floor":29,"key":"downfall:CloakOfManyFaces"}],"event_choices":[],"is_beta":false,"boss_relics":[{"not_picked":["SacredBark","Fusion Hammer"],"picked":"bronze:MakeshiftBattery"}],"items_purged_floors":[5,14],"is_endless":false,"potions_floor_spawned":[3,8,10,11,13,15,27,29,32],"killed_by":"downfall:Watcher","ascension_level":0}}