{"host":"ezkqjaqywejtjag1","time":1609805027,"event":{"mods":["BaseMod","BetterRewards","Colored Map","Infinite Spire","Minty Spire (QoL Compilation)","Replay The Spire","StSLib"],"gold_per_floor":[117,117,129,129,141,141,174,206,281,298,298,337,414,428,428,542,542,569,587,598,14,30,30,54,98,123,123,145,164,184,197,197,312,312,325,325,346,366,377,419,419,441,464,503,527,362,384,404,404,406],"floor_reached":51,"playtime":3150,"items_purged":["Voices"],"score":722,"play_id":"4fa56c72-f1ee-49b3-831b-72c3d69e61c3","local_time":"20210104190347","daily_mods":["Specialized","Vintage","Heirloom"],"is_ascension_mode":false,"campfire_choices":[{"data":"Bash","floor":6,"key":"SMITH"},{"floor":11,"key":"REST"},{"floor":15,"key":"REST"},{"data":"Limit Break","floor":23,"key":"SMITH"},{"floor":32,"key":"REST"},{"floor":41,"key":"REST"},{"data":"Flex","floor":41,"key":"SMITH"},{"floor":49,"key":"REST"},{"data":"Metallicize","floor":49,"key":"SMITH"}],"circlet_count":0,"master_deck":["Strike_R+1","Strike_R+1","Strike_R+1","Defend_R+1","Defend_R+1","Defend_R+1","Defend_R+1","Bash+1","Thunderclap","Thunderclap","Thunderclap","Thunderclap","Thunderclap","Metallicize+1","Clothesline","Limit Break+1","Cleave","Juggernaut","Life Link+1","Life Link+1","Feel No Pain+1","Inflame+1","Metallicize+1","Barricade+1","Feel No Pain+1","Rupture+1","Flex+1","Bludgeon","Heavy Blade","Inflame+1","Parasite"],"relics":["Burning Blood","CaptainsWheel","ReplayTheSpireMod:TigerMarble","Anchor","infinitespire:Midas Blood","Singing Bowl","Replay:WaspNest","Odd Mushroom","Mummified Hand","PreservedInsect","The Courier","CeramicFish","Runic Pyramid","Chameleon Ring","Frozen Egg 2","Blood Vial","Tiny Chest","MealTicket","Happy Flower","Oddly Smooth Stone","Kunai","ReplayTheSpireMod:Lightbulb","Gremlin Food","infinitespire:Magic Flask","Runic Cube","Gremlin Horn","Golden Egg","Pen Nib","Ancient Tea Set","Quantum Egg","Bag of Preparation","King of Hearts","Boot","infinitespire:BottledMercury","ReplayTheSpireMod:CursedCoin","Pet Ghost","InkBottle"],"acts_visited":["Exordium","TheCity","TheBeyond"],"potions_floor_usage":[16,16,16,25,25,33,50,50,50],"damage_taken":[{"damage":3,"enemies":"Small Slimes","floor":1,"turns":3},{"damage":8,"enemies":"infinitespire:Voidling","floor":3,"turns":4},{"damage":0,"enemies":"2 Louse","floor":5,"turns":2},{"damage":25,"enemies":"3 Sentries","floor":7,"turns":7},{"damage":14,"enemies":"The Mushroom Lair","floor":8,"turns":4},{"damage":6,"enemies":"2 Fungi Beasts","floor":10,"turns":1},{"damage":27,"enemies":"Lagavulin","floor":12,"turns":7},{"damage":7,"enemies":"Looter","floor":14,"turns":3},{"damage":22,"enemies":"Fading Forest","floor":16,"turns":11},{"damage":23,"enemies":"Spheric Guardian","floor":18,"turns":6},{"damage":0,"enemies":"Chosen","floor":20,"turns":4},{"damage":18,"enemies":"Snake Plant","floor":22,"turns":3},{"damage":22,"enemies":"Centurion and Healer","floor":24,"turns":4},{"damage":0,"enemies":"Book of Stabbing","floor":25,"turns":4},{"damage":3,"enemies":"3 Cultists","floor":28,"turns":3},{"damage":7,"enemies":"Snecko","floor":29,"turns":5},{"damage":14,"enemies":"Snake Plant","floor":30,"turns":3},{"damage":0,"enemies":"3 Cultists","floor":31,"turns":5},{"damage":7,"enemies":"Collector","floor":33,"turns":8},{"damage":2,"enemies":"Orb Walker","floor":35,"turns":3},{"damage":7,"enemies":"3 Shapes","floor":37,"turns":5},{"damage":15,"enemies":"Spire Growth","floor":38,"turns":5},{"damage":0,"enemies":"Sphere and 2 Shapes","floor":39,"turns":4},{"damage":2,"enemies":"Reptomancer","floor":40,"turns":5},{"damage":20,"enemies":"Transient","floor":42,"turns":5},{"damage":17,"enemies":"R_Hoarder","floor":44,"turns":6},{"damage":30,"enemies":"Maw","floor":45,"turns":6},{"damage":3,"enemies":"Writhing Mass","floor":47,"turns":5},{"damage":0,"enemies":"Jaw Worm Horde","floor":48,"turns":2},{"damage":6,"enemies":"Replay:Hell Engine","floor":50,"turns":7}],"seed_played":"-3817879332699094935","potions_obtained":[{"floor":7,"key":"Regen Potion"},{"floor":8,"key":"Block Potion"},{"floor":12,"key":"Reflective Coating"},{"floor":18,"key":"Explosive Potion"},{"floor":22,"key":"Strength Potion"},{"floor":24,"key":"SkillPotion"},{"floor":29,"key":"GamblersBrew"},{"floor":33,"key":"SteroidPotion"},{"floor":35,"key":"LiquidBronze"},{"floor":40,"key":"Strength Potion"}],"is_trial":true,"path_per_floor":["M","?","M","?","M","R","E","?","T","M","R","E","?","M","R","B",null,"M","?","M","$","M","R","M","E","T","?","M","M","M","M","R","B",null,"M","?","M","M","M","E","R","M","T","E","M","$","M","M","R","B",null],"character_chosen":"IRONCLAD","items_purchased":["Life Link+1","Life Link+1","Blood Vial","Feel No Pain+1","Inflame+1","Metallicize+1","Barricade+1","Feel No Pain+1","Rupture+1","infinitespire:BottledMercury","ReplayTheSpireMod:CursedCoin","Inflame+1"],"campfire_rested":5,"item_purchase_floors":[21,21,21,21,21,21,21,21,21,46,46,46],"current_hp_per_floor":[80,80,80,62,68,68,49,43,43,43,67,46,35,34,58,57,82,65,65,71,71,61,61,47,59,59,59,64,65,59,67,82,81,82,82,82,81,73,81,82,82,68,68,61,39,54,59,67,84,84],"gold":406,"neow_bonus":"","is_daily":false,"chose_seed":false,"campfire_upgraded":4,"win_rate":0.0,"timestamp":1609805027,"path_taken":["M","?","?","?","M","R","E","?","T","M","R","E","?","M","R","BOSS","M","?","M","$","M","R","M","E","T","?","M","M","M","M","R","BOSS","M","?","M","M","M","E","R","M","T","E","M","$","M","M","R","BOSS"],"items_purchased_type":["Card","Card","Relic","Card","Card","Card","Card","Card","Card","Relic","Relic","Card"],"build_version":"2020-12-22","purchased_purges":1,"victory":true,"max_hp_per_floor":[80,80,80,80,80,80,80,82,82,82,82,82,82,82,82,82,82,82,82,82,82,82,82,82,82,82,82,82,82,82,82,82,82,82,82,82,82,82,82,82,82,82,82,84,84,84,84,84,84,84],"card_choices":[{"not_picked":["Pummel","Rupture"],"picked":"Metallicize","floor":7},{"not_picked":["Flame Barrier","Intimidate","Battle Trance"],"picked":"Singing Bowl","floor":8},{"not_picked":["Pummel","True Grit"],"picked":"Clothesline","floor":12},{"not_picked":["Fiend Fire","Replay:Many Hands"],"picked":"Limit Break","floor":16},{"not_picked":["Disarm+1","Defy Death"],"picked":"Flex","floor":25},{"not_picked":["Fiend Fire","Berserk+1"],"picked":"Bludgeon","floor":33},{"not_picked":["Pummel+1","Seeing Red"],"picked":"Heavy Blade","floor":40},{"not_picked":["Replay:Undeath\u0027s Touch","ReplayTheSpireMod:Strike From Hell","Warcry"],"picked":"Singing Bowl","floor":44}],"player_experience":186609,"relics_obtained":[{"floor":1,"key":"ReplayTheSpireMod:TigerMarble"},{"floor":3,"key":"Anchor"},{"floor":5,"key":"Singing Bowl"},{"floor":7,"key":"Replay:WaspNest"},{"floor":8,"key":"Odd Mushroom"},{"floor":9,"key":"Mummified Hand"},{"floor":10,"key":"PreservedInsect"},{"floor":12,"key":"The Courier"},{"floor":14,"key":"CeramicFish"},{"floor":18,"key":"Chameleon Ring"},{"floor":20,"key":"Frozen Egg 2"},{"floor":22,"key":"Tiny Chest"},{"floor":24,"key":"MealTicket"},{"floor":25,"key":"Happy Flower"},{"floor":26,"key":"Oddly Smooth Stone"},{"floor":28,"key":"Kunai"},{"floor":29,"key":"ReplayTheSpireMod:Lightbulb"},{"floor":30,"key":"Gremlin Food"},{"floor":31,"key":"infinitespire:Magic Flask"},{"floor":35,"key":"Gremlin Horn"},{"floor":37,"key":"Golden Egg"},{"floor":38,"key":"Pen Nib"},{"floor":39,"key":"Ancient Tea Set"},{"floor":40,"key":"Quantum Egg"},{"floor":42,"key":"Bag of Preparation"},{"floor":43,"key":"King of Hearts"},{"floor":45,"key":"Boot"},{"floor":47,"key":"Pet Ghost"},{"floor":48,"key":"InkBottle"}],"event_choices":[{"damage_healed":0,"gold_gain":0,"player_choice":"Ignored","damage_taken":0,"max_hp_gain":0,"max_hp_loss":0,"event_name":"NoteForYourself","floor":2,"gold_loss":0},{"damage_healed":0,"gold_gain":0,"player_choice":"Success","damage_taken":18,"relics_obtained":["infinitespire:Midas Blood"],"max_hp_gain":0,"max_hp_loss":0,"event_name":"Scrap Ooze","floor":4,"gold_loss":0},{"damage_healed":0,"gold_gain":0,"player_choice":"Fought Mushrooms","damage_taken":0,"max_hp_gain":0,"max_hp_loss":0,"event_name":"Mushrooms","floor":8,"gold_loss":0},{"damage_healed":0,"gold_gain":75,"player_choice":"Gather Gold","damage_taken":11,"max_hp_gain":0,"max_hp_loss":0,"event_name":"World of Goop","floor":13,"gold_loss":0},{"damage_healed":0,"gold_gain":0,"cards_transformed":["Strike_R","Strike_R"],"player_choice":"Became Test Subject","damage_taken":0,"max_hp_gain":0,"max_hp_loss":0,"event_name":"Drug Dealer","floor":19,"gold_loss":0,"cards_obtained":["Cleave","Juggernaut"]},{"damage_healed":0,"gold_gain":0,"player_choice":"Simplicity","damage_taken":0,"max_hp_gain":0,"max_hp_loss":0,"event_name":"Back to Basics","floor":27,"gold_loss":0,"cards_upgraded":["Strike_R","Strike_R","Strike_R","Defend_R","Defend_R","Defend_R","Defend_R"]},{"damage_healed":0,"gold_gain":0,"player_choice":"Ignored","damage_taken":0,"max_hp_gain":0,"max_hp_loss":0,"event_name":"Tomb of Lord Red Mask","floor":36,"gold_loss":0}],"is_beta":false,"boss_relics":[{"not_picked":["ReplayTheSpireMod:DimensionalGlitch","Electric Blood"],"picked":"Runic Pyramid"},{"not_picked":["Runic Dome","Abe\u0027s Treasure"],"picked":"Runic Cube"}],"items_purged_floors":[46],"is_endless":false,"potions_floor_spawned":[7,8,12,18,22,24,29,33,35,38,40,44,47],"ascension_level":0}}