{"host":"d2y4rmbezebiv8aj","time":1609841543,"event":{"mods":["AchievementEnabler","BaseMod","Bestiary","BetterRewards","Colored Map","Colored Powertips","Custom Start","Highlight Path","Minty Spire (QoL Compilation)","Quick Restart","Rare Cards Sparkle","Relic Sorter","Relic Stats","Shop Mod","Slay-I","StSLib","SuperFastMode"],"gold_per_floor":[116,129,143,159,107,107,135,135,135,135,190,200,231,4,4,109,109,120,120,120,133,149,149,179,189,189,5,32,32,49,60,60,60,60],"floor_reached":33,"playtime":1482,"items_purged":[],"score":396,"play_id":"6830eb5d-9f9e-4b67-b184-ba67c907b964","local_time":"20210105111223","is_ascension_mode":true,"campfire_choices":[{"data":"Sucker Punch","floor":6,"key":"SMITH"},{"data":"Dash","floor":8,"key":"SMITH"},{"floor":10,"key":"REST"},{"data":"Storm of Steel","floor":15,"key":"SMITH"},{"data":"Phantasmal Killer","floor":23,"key":"SMITH"},{"floor":29,"key":"REST"},{"floor":32,"key":"REST"}],"circlet_count":0,"master_deck":["Strike_G","Strike_G","Strike_G","Strike_G","Strike_G","Defend_G","Defend_G","Defend_G","Defend_G","Defend_G","Survivor","Neutralize","Poisoned Stab","Dagger Spray","Endless Agony","PiercingWail","Sucker Punch+1","Blade Dance","Dash+1","Storm of Steel+1","Cloak And Dagger","Phantasmal Killer+1","Caltrops","Quick Slash","Dodge and Roll+1","Crippling Poison","Slice","Distraction+1","Deflect","All Out Attack","Infinite Blades","Malaise","After Image","Sucker Punch","Dash"],"relics":["Ring of the Snake","Tough Bandages","CaptainsWheel","Prayer Wheel","Membership Card","Happy Flower","Cursed Key","Nloth\u0027s Gift","Omamori","Girya","TungstenRod","Paper Crane"],"acts_visited":["Exordium","TheCity"],"potions_floor_usage":[7,13,16,16,22,25,28],"damage_taken":[{"damage":0,"enemies":"Cultist","floor":1,"turns":3},{"damage":0,"enemies":"Small Slimes","floor":2,"turns":2},{"damage":0,"enemies":"2 Louse","floor":3,"turns":2},{"damage":7,"enemies":"Exordium Thugs","floor":4,"turns":4},{"damage":15,"enemies":"Lagavulin","floor":7,"turns":5},{"damage":1,"enemies":"Red Slaver","floor":12,"turns":3},{"damage":8,"enemies":"Gremlin Nob","floor":13,"turns":5},{"damage":52,"enemies":"The Guardian","floor":16,"turns":19},{"damage":0,"enemies":"Spheric Guardian","floor":18,"turns":4},{"damage":1,"enemies":"Chosen","floor":21,"turns":5},{"damage":3,"enemies":"3 Cultists","floor":22,"turns":4},{"damage":14,"enemies":"Slavers","floor":24,"turns":6},{"damage":6,"enemies":"Cultist and Chosen","floor":25,"turns":6},{"damage":18,"enemies":"Gremlin Leader","floor":28,"turns":8},{"damage":0,"enemies":"Snake Plant","floor":30,"turns":5},{"damage":32,"enemies":"3 Cultists","floor":31,"turns":7},{"damage":57,"enemies":"Champ","floor":33,"turns":16}],"seed_played":"-7167848961258551759","potions_obtained":[{"floor":4,"key":"Strength Potion"},{"floor":7,"key":"Explosive Potion"},{"floor":12,"key":"EssenceOfSteel"},{"floor":13,"key":"Block Potion"},{"floor":21,"key":"Strength Potion"},{"floor":24,"key":"DuplicationPotion"},{"floor":25,"key":"Poison Potion"}],"is_trial":false,"path_per_floor":["M","M","M","M","$","R","E","R","T","R","?","M","E","$","R","B",null,"M","?","$","M","M","R","E","M","T","$","E","R","M","M","R","B"],"character_chosen":"THE_SILENT","items_purchased":["Blade Dance","Membership Card","Happy Flower","Infinite Blades","TungstenRod"],"campfire_rested":3,"item_purchase_floors":[5,14,14,27,27],"current_hp_per_floor":[70,70,70,63,63,63,48,48,48,69,69,68,60,60,60,8,55,55,55,55,54,51,51,37,31,31,31,13,34,34,2,23,0,0],"gold":60,"neow_bonus":"","is_daily":false,"chose_seed":false,"campfire_upgraded":4,"win_rate":0.0,"timestamp":1609841543,"path_taken":["M","M","M","M","$","R","E","R","T","R","?","M","E","$","R","BOSS","M","?","$","M","M","R","E","M","T","$","E","R","?","M","R","BOSS"],"items_purchased_type":["Card","Relic","Relic","Card","Relic"],"build_version":"2020-12-22","purchased_purges":0,"victory":false,"max_hp_per_floor":[70,70,70,70,70,70,70,70,70,70,70,70,70,70,70,70,70,70,70,70,70,70,70,70,70,70,70,70,70,70,70,70,70,70],"relic_stats":{"Tough Bandages":[114],"Happy Flower":[26],"counters":[72,368],"Prayer Wheel":6,"Nloth\u0027s Gift":2,"Cursed Key":1,"obtain_stats":[{"Darkstone Periapt":23,"Spirit Poop":3,"Bag of Preparation":2,"Cursed Key":17,"Smiling Mask":6,"Blood Vial":27,"Nunchaku":0,"Centennial Puzzle":3,"Dream Catcher":14,"Tough Bandages":0,"WristBlade":17,"Mummified Hand":27,"Strawberry":6,"MealTicket":9,"Tiny Chest":7,"Prayer Wheel":13,"Ring of the Snake":0,"Girya":26,"Happy Flower":14,"Golden Idol":2,"Oddly Smooth Stone":9,"Pen Nib":25,"Omamori":19,"Letter Opener":8,"Orichalcum":14,"Paper Crane":9,"MawBank":9,"Mercury Hourglass":6,"Bottled Flame":25,"CaptainsWheel":9,"Ornamental Fan":6,"Bird Faced Urn":7,"Molten Egg 2":10,"Nloth\u0027s Gift":19,"Membership Card":14,"TungstenRod":27},{"Darkstone Periapt":21,"Spirit Poop":41,"Bag of Preparation":1,"Cursed Key":17,"Smiling Mask":43,"Blood Vial":37,"Nunchaku":0,"Centennial Puzzle":1,"Dream Catcher":16,"Tough Bandages":55,"WristBlade":32,"Mummified Hand":22,"Strawberry":52,"MealTicket":5,"Tiny Chest":13,"Prayer Wheel":62,"Ring of the Snake":0,"Girya":68,"Happy Flower":62,"Golden Idol":41,"Oddly Smooth Stone":13,"Pen Nib":22,"Omamori":18,"Letter Opener":53,"Orichalcum":8,"Paper Crane":27,"MawBank":53,"Mercury Hourglass":26,"Bottled Flame":37,"CaptainsWheel":60,"Ornamental Fan":4,"Bird Faced Urn":60,"Molten Egg 2":53,"Nloth\u0027s Gift":64,"Membership Card":62,"TungstenRod":68},{"Darkstone Periapt":115,"Spirit Poop":199,"Bag of Preparation":8,"Cursed Key":94,"Smiling Mask":212,"Blood Vial":185,"Nunchaku":0,"Centennial Puzzle":8,"Dream Catcher":84,"Tough Bandages":264,"WristBlade":166,"Mummified Hand":124,"Strawberry":254,"MealTicket":35,"Tiny Chest":74,"Prayer Wheel":288,"Ring of the Snake":0,"Girya":332,"Happy Flower":288,"Golden Idol":199,"Oddly Smooth Stone":74,"Pen Nib":124,"Omamori":97,"Letter Opener":258,"Orichalcum":49,"Paper Crane":146,"MawBank":258,"Mercury Hourglass":143,"Bottled Flame":185,"CaptainsWheel":280,"Ornamental Fan":32,"Bird Faced Urn":280,"Molten Egg 2":258,"Nloth\u0027s Gift":311,"Membership Card":288,"TungstenRod":332}],"TungstenRod":14,"Ring of the Snake":[144]},"card_choices":[{"not_picked":["Poisoned Stab","Deadly Poison"],"picked":"Dagger Spray","floor":1},{"not_picked":["Underhanded Strike","Tactician"],"picked":"Endless Agony","floor":2},{"not_picked":["Acrobatics","Outmaneuver"],"picked":"PiercingWail","floor":3},{"not_picked":["Tactician","Acrobatics"],"picked":"Sucker Punch","floor":4},{"not_picked":["Heel Hook","Bane"],"picked":"Dash","floor":7},{"not_picked":["Well Laid Plans","Blade Dance"],"picked":"Storm of Steel","floor":12},{"not_picked":["Blade Dance","Choke"],"picked":"Cloak And Dagger","floor":13},{"not_picked":["Glass Knife","Bullet Time"],"picked":"Phantasmal Killer","floor":16},{"not_picked":["Dagger Spray","Dagger Throw"],"picked":"Caltrops","floor":18},{"not_picked":["Dagger Spray","Expertise"],"picked":"Quick Slash","floor":18},{"not_picked":["Blur","Dagger Throw"],"picked":"Dodge and Roll+1","floor":21},{"not_picked":["Deadly Poison","Escape Plan"],"picked":"Crippling Poison","floor":21},{"not_picked":["Escape Plan","Reflex+1"],"picked":"Slice","floor":22},{"not_picked":["Doppelganger","Deadly Poison","Blade Dance"],"picked":"SKIP","floor":22},{"not_picked":["Reflex","Endless Agony"],"picked":"Distraction+1","floor":24},{"not_picked":["Prepared","Dagger Throw"],"picked":"Deflect","floor":25},{"not_picked":["Heel Hook+1","Skewer"],"picked":"All Out Attack","floor":25},{"not_picked":["Catalyst","Skewer"],"picked":"Malaise","floor":28},{"not_picked":["Acrobatics+1","PiercingWail"],"picked":"After Image","floor":30},{"not_picked":["Flying Knee","Dagger Throw"],"picked":"Sucker Punch","floor":30},{"not_picked":["Blade Dance","Masterful Stab+1"],"picked":"Dash","floor":31},{"not_picked":["Reflex","Tactician","Flying Knee+1"],"picked":"SKIP","floor":31}],"player_experience":345770,"relics_obtained":[{"floor":7,"key":"Bird Faced Urn"},{"floor":9,"key":"CaptainsWheel"},{"floor":13,"key":"Prayer Wheel"},{"floor":24,"key":"Omamori"},{"floor":26,"key":"Girya"},{"floor":28,"key":"Paper Crane"}],"event_choices":[{"damage_healed":0,"gold_gain":55,"player_choice":"Gained Gold","damage_taken":0,"max_hp_gain":0,"max_hp_loss":0,"event_name":"Golden Wing","floor":11,"gold_loss":0},{"damage_healed":0,"gold_gain":0,"player_choice":"Traded Relic","damage_taken":0,"relics_obtained":["Nloth\u0027s Gift"],"max_hp_gain":0,"max_hp_loss":0,"event_name":"N\u0027loth","floor":19,"relics_lost":["Bird Faced Urn"],"gold_loss":0}],"is_beta":false,"boss_relics":[{"not_picked":["Philosopher\u0027s Stone","SlaversCollar"],"picked":"Cursed Key"}],"items_purged_floors":[],"is_endless":false,"potions_floor_spawned":[4,7,12,13,21,24,25],"killed_by":"Champ","ascension_level":5}}