{"host":"j8ly90ps7nkk24ot","time":1609846062,"event":{"mods":["AchievementEnabler","Act Like it!","Aspiration","BaseMod","Better Note","Better Sensory Stone","Better Skull","Block Reminder","Clockwork Mod","Colored Map","Colored Powertips","DeckTracker","Dio Mod","Downfall","Fiend Mod","Googly Eyes","GungeonMod","Halation","Hermit","Highlight Path","Minty Spire (QoL Compilation)","Permanent Neow","Practice Mode","Quick Restart","Rare Cards Sparkle","Relic Sorter","Relic Stats","Replay The Spire","StSLib","SuperFastMode","Synergy Search","The Bladedancer","The Bug Knight","The Construct","The Disciple","The Exalted","The Juggle","The Necromancer","The Saiyan","The Servant 0.9.4","The Showman","The Wild Card","TheBandit","TheHero","Waifu the Spire","everything is the same but u backflip on backflip","slay the spire mod where everything is the same but ironclad has a cowboy hat"],"gold_per_floor":[99,109,120,120,132,132,132,148,64,64,92,112,122,156,174,279,279,279,196,181,181,181,181,181,8,8,8,8,8,8,8,8,8,8,8],"floor_reached":33,"playtime":3799,"items_purged":[],"score":354,"play_id":"6ebabe31-b152-42c1-84db-24b2fc8c9c70","local_time":"20210105032742","is_ascension_mode":false,"campfire_choices":[{"floor":1,"key":"DIG"},{"data":"hexamod:UnleashSpirits","floor":6,"key":"SMITH"},{"data":"hexamod:Haunt","floor":10,"key":"SMITH"},{"floor":18,"key":"DIG"},{"floor":26,"key":"RECALL"},{"data":"hexamod:Haunt","floor":30,"key":"SMITH"}],"circlet_count":0,"master_deck":["hexamod:Strike","hexamod:Strike","hexamod:Strike","hexamod:Strike","hexamod:Defend","hexamod:Defend","hexamod:Defend+1","hexamod:Defend+1","hexamod:Sear","hexamod:Float","hexamod:UnleashSpirits+1","hexamod:GhostLash+1","hexamod:Hexaguard","Regret","hexamod:GhostLash","hexamod:RadiantFlame","hexamod:GhostShield","hexamod:Haunt+1","hexamod:Hexaguard","hexamod:FirstSeal","hexamod:SpectersWail","hexamod:RainOfEmbers","hexamod:NightmareStrike","hexamod:TimeOfNeed","hexamod:PhantomCloak","hexamod:DynamicBlow","hexamod:ThirdSeal","hexamod:Haunt+1","hexamod:FourthSeal","hexamod:NecessarySacrifice+1","hexamod:NightmareStrike","hexamod:FlamesFromBeyond","hexamod:SpectersWail","hexamod:GhostLash","hexamod:SecondSeal","hexamod:SpectersWail","hexamod:BurningTouch+1","hexamod:UnleashSpirits","hexamod:SpectersWail","hexamod:FirstSeal"],"relics":["hexamod:SpiritBrand","Centennial Puzzle","HornCleat","TungstenRod","aspiration:HiddenCompartment","downfall:Hecktoplasm","downfall:HeartBlessingGreen","Mercury Hourglass","ReplayTheSpireMod:TigerMarble","Bottled Tornado","downfall:HeartBlessingRed"],"acts_visited":["Exordium","TheCity"],"potions_floor_usage":[16,16,16,33,33],"damage_taken":[{"damage":0,"enemies":"2 Louse","floor":2,"turns":3},{"damage":0,"enemies":"Jaw Worm","floor":3,"turns":3},{"damage":2,"enemies":"Cultist","floor":5,"turns":3},{"damage":2,"enemies":"Lots of Slimes","floor":8,"turns":3},{"damage":5,"enemies":"downfall:FleeingMerchant","floor":9,"turns":4},{"damage":20,"enemies":"3 Sentries","floor":11,"turns":8},{"damage":3,"enemies":"Red Slaver","floor":12,"turns":4},{"damage":2,"enemies":"Large Slime","floor":13,"turns":4},{"damage":6,"enemies":"Replay:BlueRogue","floor":14,"turns":5},{"damage":7,"enemies":"Exordium Thugs","floor":15,"turns":3},{"damage":22,"enemies":"downfall:Silent","floor":16,"turns":7},{"damage":1,"enemies":"downfall:FleeingMerchant","floor":19,"turns":4},{"damage":6,"enemies":"downfall:FleeingMerchant","floor":20,"turns":4},{"damage":14,"enemies":"Spheric Guardian","floor":21,"turns":4},{"damage":30,"enemies":"HollowMod:Nosk","floor":23,"turns":7},{"damage":5,"enemies":"downfall:FleeingMerchant","floor":25,"turns":3},{"damage":2,"enemies":"3 Byrds","floor":27,"turns":3},{"damage":0,"enemies":"Snecko","floor":28,"turns":5},{"damage":10,"enemies":"Snake Plant","floor":31,"turns":3},{"damage":20,"enemies":"Centurion and Healer","floor":32,"turns":4},{"damage":59,"enemies":"downfall:Ironclad","floor":33,"turns":5}],"seed_played":"1232609218252206634","potions_obtained":[{"floor":2,"key":"Elixir"},{"floor":12,"key":"Weak Potion"},{"floor":13,"key":"Adrenaline Potion"},{"floor":16,"key":"Dexterity Potion"},{"floor":21,"key":"Venom Potion"},{"floor":25,"key":"hexamod:InfernoChargePotion"},{"floor":31,"key":"Reflective Coating"}],"is_trial":false,"path_per_floor":["R_BF","M","M","?","M","R","T","M","$","R","E","M","M","E","M","B",null,"R_BF","$","$","M","?","E","T","$","R","M","M","$","R","M","M","B"],"character_chosen":"THE_SPIRIT","items_purchased":["hexamod:Haunt","hexamod:PhantomCloak","hexamod:FlamesFromBeyond","hexamod:SpectersWail","hexamod:GhostLash"],"campfire_rested":0,"item_purchase_floors":[9,19,25,25,25],"current_hp_per_floor":[70,70,70,70,68,68,68,66,61,61,41,38,43,44,37,22,70,70,70,64,57,80,57,57,59,59,64,71,71,71,68,55,0,0,0],"gold":8,"neow_bonus":"ONE_RANDOM_RARE_CARD","is_daily":false,"chose_seed":false,"campfire_upgraded":3,"win_rate":0.0,"timestamp":1609846062,"path_taken":["R_BF","M","M","?","M","R","T","M","?","R","E","?","M","E","M","BOSS","R_BF","?","$","?","?","E","T","$","R","M","M","?","R","M","M","BOSS"],"items_purchased_type":["Card","Card","Card","Card","Card"],"build_version":"2020-12-22","purchased_purges":0,"victory":false,"max_hp_per_floor":[70,70,70,70,70,70,70,70,70,70,70,70,70,70,70,70,70,70,70,70,70,80,80,80,80,80,80,80,80,80,80,80,80,80,80],"relic_stats":{"Centennial Puzzle":[54],"counters":[21,88],"obtain_stats":[{"Centennial Puzzle":1,"HornCleat":7,"downfall:HeartBlessingRed":30,"downfall:HeartBlessingGreen":18,"DemoMod:GlassGuonStoneRelic":2,"downfall:Hecktoplasm":17,"ReplayTheSpireMod:TigerMarble":23,"Bottled Tornado":24,"aspiration:HiddenCompartment":14,"hexamod:SpiritBrand":0,"TungstenRod":11,"Mercury Hourglass":18},{"Centennial Puzzle":0,"HornCleat":3,"downfall:HeartBlessingRed":18,"downfall:HeartBlessingGreen":11,"DemoMod:GlassGuonStoneRelic":1,"downfall:Hecktoplasm":11,"ReplayTheSpireMod:TigerMarble":15,"Bottled Tornado":15,"aspiration:HiddenCompartment":9,"hexamod:SpiritBrand":0,"TungstenRod":6,"Mercury Hourglass":11},{"Centennial Puzzle":0,"HornCleat":9,"downfall:HeartBlessingRed":76,"downfall:HeartBlessingGreen":47,"DemoMod:GlassGuonStoneRelic":3,"downfall:Hecktoplasm":47,"ReplayTheSpireMod:TigerMarble":66,"Bottled Tornado":66,"aspiration:HiddenCompartment":37,"hexamod:SpiritBrand":0,"TungstenRod":24,"Mercury Hourglass":47}],"TungstenRod":41,"Mercury Hourglass":[103]},"card_choices":[{"not_picked":["hexamod:ShieldOfDarkness","hexamod:Hexaguard"],"picked":"hexamod:GhostLash","floor":2},{"not_picked":["hexamod:RetreatToShadows","hexamod:RainOfEmbers"],"picked":"hexamod:Hexaguard","floor":3},{"not_picked":["hexamod:AdvancingGuard","hexamod:GhostOfSpirePast"],"picked":"hexamod:GhostLash","floor":5},{"not_picked":["hexamod:RainOfEmbers","hexamod:BurningTouch"],"picked":"hexamod:RadiantFlame","floor":8},{"not_picked":["hexamod:SixthSeal","hexamod:GhostOfSpireFuture"],"picked":"hexamod:GhostShield","floor":9},{"not_picked":["hexamod:FastForward","hexamod:PhantomFireball"],"picked":"hexamod:Hexaguard","floor":11},{"not_picked":["hexamod:BacktrackSmack","hexamod:GhostShield"],"picked":"hexamod:FirstSeal","floor":12},{"not_picked":["hexamod:GhostLash","hexamod:ExtraCrispy"],"picked":"hexamod:SpectersWail","floor":13},{"not_picked":["hexamod:AdvancingGuard","hexamod:EmpoweredFlame"],"picked":"hexamod:RainOfEmbers","floor":14},{"not_picked":["hexamod:AdvancingGuard","hexamod:ThermalTransfer"],"picked":"hexamod:NightmareStrike","floor":15},{"not_picked":["hexamod:CrushingStance","hexamod:FifthSeal"],"picked":"hexamod:TimeOfNeed","floor":16},{"not_picked":["hexamod:HeatCrush","hexamod:NightmareStrike"],"picked":"hexamod:TimeWarp","floor":19},{"not_picked":["hexamod:ShieldOfDarkness+1","hexamod:BurningTouch"],"picked":"hexamod:DynamicBlow","floor":20},{"not_picked":["hexamod:BurningTouch+1","hexamod:GhostOfSpirePresent"],"picked":"hexamod:ThirdSeal","floor":21},{"not_picked":["hexamod:ThermalTransfer+1","hexamod:BacktrackSmack"],"picked":"hexamod:Haunt","floor":23},{"not_picked":["hexamod:RecurringNightmare","hexamod:GhostLash+1"],"picked":"hexamod:FourthSeal","floor":23},{"not_picked":["hexamod:HeatCrush","hexamod:SoulSteal"],"picked":"hexamod:NecessarySacrifice+1","floor":25},{"not_picked":["hexamod:GhostLash+1","hexamod:HauntingEcho"],"picked":"hexamod:NightmareStrike","floor":25},{"not_picked":["hexamod:ThermalTransfer+1","hexamod:RainOfEmbers"],"picked":"hexamod:SecondSeal","floor":27},{"not_picked":["hexamod:InspiringFlames","hexamod:GhostShield"],"picked":"hexamod:SpectersWail","floor":28},{"not_picked":["hexamod:FastForward+1","hexamod:SwordOfDarkness"],"picked":"hexamod:BurningTouch+1","floor":28},{"not_picked":["hexamod:BacktrackSmack","hexamod:NightmareGuise"],"picked":"hexamod:UnleashSpirits","floor":31},{"not_picked":["hexamod:SwordOfDarkness","hexamod:BacktrackSmack"],"picked":"hexamod:SpectersWail","floor":32},{"not_picked":["hexamod:DynamicBlow","hexamod:BacktrackSmack+1"],"picked":"hexamod:FirstSeal","floor":32}],"player_experience":135143,"relics_obtained":[{"floor":1,"key":"Centennial Puzzle"},{"floor":7,"key":"HornCleat"},{"floor":11,"key":"TungstenRod"},{"floor":14,"key":"aspiration:HiddenCompartment"},{"floor":18,"key":"Mercury Hourglass"},{"floor":23,"key":"ReplayTheSpireMod:TigerMarble"},{"floor":24,"key":"Bottled Tornado"}],"event_choices":[{"cards_removed":["hexamod:TimeWarp"],"damage_healed":13,"gold_gain":0,"player_choice":"Offered Rare","damage_taken":0,"max_hp_gain":10,"max_hp_loss":0,"event_name":"Bonfire Elementals","floor":22,"gold_loss":0}],"is_beta":false,"boss_relics":[{"not_picked":["aspiration:RitualDagger","aspiration:RunicSpoon"],"picked":"downfall:Hecktoplasm"}],"items_purged_floors":[],"is_endless":false,"potions_floor_spawned":[2,12,13,16,21,28,31,32],"killed_by":"downfall:Ironclad","ascension_level":0}}