{"host":"359hz4210ybch7ku","time":1609867483,"event":{"mods":["BaseMod","Block Reminder","Colored Map","Colored Powertips","Highlight Path","Minty Spire (QoL Compilation)","Slay the Relics Exporter","StSLib"],"gold_per_floor":[113,113,113,38,50,80,99,99,99,99,174,192,192,207,207,207,207],"floor_reached":16,"playtime":1253,"items_purged":["Regret"],"score":175,"play_id":"b3fe7e35-ca33-4df4-b5e6-65957c59dc0d","local_time":"20210105092443","is_ascension_mode":true,"campfire_choices":[{"data":"LikeWater","floor":8,"key":"SMITH"},{"floor":15,"key":"REST"}],"circlet_count":0,"master_deck":["Strike_P","Strike_P","Strike_P","Strike_P","Defend_P","Defend_P","Defend_P","Defend_P","Eruption","Vigilance","LikeWater+1","Prostrate","Wallop","WreathOfFlame","Sanctity"],"relics":["PureWater","CaptainsWheel","Tiny Chest","Darkstone Periapt","Eternal Feather"],"acts_visited":[],"potions_floor_usage":[6,6,6,10],"damage_taken":[{"damage":0,"enemies":"Small Slimes","floor":1,"turns":4},{"damage":0,"enemies":"2 Louse","floor":5,"turns":2},{"damage":30,"enemies":"3 Sentries","floor":6,"turns":9},{"damage":0,"enemies":"Cultist","floor":7,"turns":3},{"damage":0,"enemies":"Large Slime","floor":10,"turns":1},{"damage":20,"enemies":"Lots of Slimes","floor":12,"turns":3},{"damage":7,"enemies":"Looter","floor":14,"turns":4},{"damage":40,"enemies":"The Guardian","floor":16,"turns":16}],"seed_played":"5257528749396552144","potions_obtained":[{"floor":1,"key":"Swift Potion"},{"floor":3,"key":"DistilledChaos"},{"floor":3,"key":"Swift Potion"},{"floor":7,"key":"SmokeBomb"}],"is_trial":false,"path_per_floor":["M","?","?","$","M","E","M","R","T","M","?","M","?","M","R","B"],"character_chosen":"WATCHER","items_purchased":[],"campfire_rested":1,"item_purchase_floors":[],"current_hp_per_floor":[72,72,72,72,72,42,42,42,42,42,31,11,11,4,34,0,0],"gold":207,"neow_bonus":"THREE_CARDS","is_daily":false,"chose_seed":false,"campfire_upgraded":1,"win_rate":0.0,"timestamp":1609867483,"path_taken":["M","?","?","$","?","E","M","R","T","M","?","M","?","?","R","BOSS"],"items_purchased_type":[],"build_version":"2020-12-22","purchased_purges":1,"victory":false,"max_hp_per_floor":[72,72,72,72,72,72,72,72,72,72,72,72,72,72,72,72,72],"card_choices":[{"not_picked":["FollowUp","JustLucky"],"picked":"SignatureMove","floor":0.0},{"not_picked":["WaveOfTheHand","Protect"],"picked":"LikeWater","floor":1},{"not_picked":["Consecrate","CrushJoints"],"picked":"Prostrate","floor":5},{"not_picked":["Worship","ReachHeaven"],"picked":"Wallop","floor":6},{"not_picked":["ThirdEye","CutThroughFate"],"picked":"WreathOfFlame","floor":7},{"not_picked":["ConjureBlade","ReachHeaven"],"picked":"Evaluate","floor":12},{"not_picked":["CutThroughFate","Vengeance"],"picked":"Sanctity","floor":14}],"player_experience":145805,"relics_obtained":[{"floor":6,"key":"Tiny Chest"},{"floor":9,"key":"Darkstone Periapt"}],"event_choices":[{"damage_healed":0,"gold_gain":0,"player_choice":"Box","damage_taken":0,"relics_obtained":["CaptainsWheel"],"max_hp_gain":0,"max_hp_loss":0,"event_name":"Big Fish","floor":2,"gold_loss":0,"cards_obtained":["Regret"]},{"damage_healed":0,"gold_gain":0,"player_choice":"Got Potions","damage_taken":0,"max_hp_gain":0,"max_hp_loss":0,"event_name":"Lab","floor":3,"gold_loss":0},{"damage_healed":0,"gold_gain":75,"player_choice":"Gather Gold","damage_taken":11,"max_hp_gain":0,"max_hp_loss":0,"event_name":"World of Goop","floor":11,"gold_loss":0},{"cards_removed":["Evaluate"],"damage_healed":0,"gold_gain":0,"player_choice":"Gave Card","damage_taken":0,"relics_obtained":["Eternal Feather"],"max_hp_gain":0,"max_hp_loss":0,"event_name":"WeMeetAgain","floor":13,"gold_loss":0}],"is_beta":false,"boss_relics":[],"items_purged_floors":[4],"is_endless":false,"potions_floor_spawned":[1,5,7,10],"killed_by":"The Guardian","ascension_level":3}}