{"host":"Qube","time":1609842941,"event":{"mods":["AchievementEnabler","BaseMod","Colored Map","Colored Powertips","Minty Spire (QoL Compilation)","Quick Restart","Random Character Button","StSLib"],"gold_per_floor":[116,129,141,160,178,203,203,232,284,312,370,370,390,417,417,490,490,510,521,532,532,550,577,136,136,160,160,173,208,208,235,235,309,309,329,341,358,42,54,54,54,54,54,84,409,409,425,443,443,443],"floor_reached":51,"playtime":3133,"items_purged":["Bouncing Flask","Dagger Spray"],"score":1479,"play_id":"0ae60054-88b1-4e61-bf49-118bef607313","local_time":"20210105023541","is_ascension_mode":true,"campfire_choices":[{"floor":7.0,"key":"REST"},{"floor":12.0,"key":"REST"},{"data":"After Image","floor":15.0,"key":"SMITH"},{"floor":25.0,"key":"REST"},{"floor":30.0,"key":"REST"},{"floor":32.0,"key":"REST"},{"data":"Apotheosis","floor":40.0,"key":"SMITH"},{"data":"Bullet Time","floor":42.0,"key":"SMITH"},{"data":"Choke","floor":46,"key":"SMITH"},{"data":"Finisher","floor":49,"key":"SMITH"}],"circlet_count":0,"master_deck":["AscendersBane","Survivor","Neutralize","Dodge and Roll","Terror","Quick Slash","Cloak And Dagger","After Image+1","Bullet Time+1","Backflip","Calculated Gamble","Tools of the Trade+1","Well Laid Plans+1","Cloak And Dagger","RitualDagger","Flying Knee","Apotheosis+1","Finisher+1","Choke+1","Accuracy+1","Adrenaline","Corpse Explosion","Dash","Blade Dance","Blur+1","Phantasmal Killer"],"relics":["Ring of the Snake","Ginger","Bottled Lightning","Tiny Chest","Oddly Smooth Stone","Frozen Egg 2","Smiling Mask","Bag of Marbles","Pandora\u0027s Box","Bronze Scales","Anchor","Dream Catcher","MutagenicStrength","Lantern","Ninja Scroll","Runic Pyramid","Sundial","Eternal Feather","Omamori","Du-Vu Doll","Old Coin"],"acts_visited":["Exordium","TheCity","TheBeyond"],"potions_floor_usage":[45,50,50],"damage_taken":[{"damage":2.0,"enemies":"Small Slimes","floor":1.0,"turns":5.0},{"damage":0.0,"enemies":"Jaw Worm","floor":2.0,"turns":5.0},{"damage":0.0,"enemies":"2 Louse","floor":3.0,"turns":3.0},{"damage":0.0,"enemies":"2 Fungi Beasts","floor":4.0,"turns":4.0},{"damage":0.0,"enemies":"3 Louse","floor":5.0,"turns":3.0},{"damage":41.0,"enemies":"Lagavulin","floor":6.0,"turns":7.0},{"damage":14.0,"enemies":"Gremlin Nob","floor":8.0,"turns":4.0},{"damage":3.0,"enemies":"Lagavulin","floor":10.0,"turns":7.0},{"damage":2.0,"enemies":"3 Sentries","floor":11.0,"turns":10.0},{"damage":2.0,"enemies":"Lots of Slimes","floor":13.0,"turns":2.0},{"damage":1.0,"enemies":"Gremlin Nob","floor":14.0,"turns":5.0},{"damage":11.0,"enemies":"The Guardian","floor":16.0,"turns":14.0},{"damage":4.0,"enemies":"Shell Parasite","floor":18.0,"turns":7.0},{"damage":0.0,"enemies":"Chosen","floor":19.0,"turns":6.0},{"damage":0.0,"enemies":"Centurion and Healer","floor":20.0,"turns":7.0},{"damage":14.0,"enemies":"Cultist and Chosen","floor":22.0,"turns":9.0},{"damage":24.0,"enemies":"Gremlin Leader","floor":23.0,"turns":10.0},{"damage":3.0,"enemies":"Snecko","floor":28.0,"turns":3.0},{"damage":5.0,"enemies":"Book of Stabbing","floor":29.0,"turns":4.0},{"damage":0.0,"enemies":"Gremlin Leader","floor":31.0,"turns":6.0},{"damage":30.0,"enemies":"Collector","floor":33.0,"turns":6.0},{"damage":0.0,"enemies":"Orb Walker","floor":35.0,"turns":2.0},{"damage":0.0,"enemies":"3 Darklings","floor":36.0,"turns":1.0},{"damage":0.0,"enemies":"Spire Growth","floor":37.0,"turns":2.0},{"damage":0.0,"enemies":"Jaw Worm Horde","floor":39.0,"turns":3.0},{"damage":0.0,"enemies":"Reptomancer","floor":44.0,"turns":3.0},{"damage":0,"enemies":"Mind Bloom Boss Battle","floor":45,"turns":2},{"damage":0,"enemies":"3 Darklings","floor":47,"turns":1},{"damage":3,"enemies":"4 Shapes","floor":48,"turns":3},{"damage":5,"enemies":"Donu and Deca","floor":50,"turns":4}],"seed_played":"2506091218378922770","potions_obtained":[{"floor":6.0,"key":"AttackPotion"},{"floor":8.0,"key":"Block Potion"},{"floor":10.0,"key":"EssenceOfSteel"},{"floor":11.0,"key":"SkillPotion"},{"floor":13.0,"key":"PowerPotion"},{"floor":14.0,"key":"Weak Potion"},{"floor":16.0,"key":"GhostInAJar"},{"floor":20.0,"key":"Regen Potion"},{"floor":23.0,"key":"Poison Potion"},{"floor":33.0,"key":"Energy Potion"},{"floor":35.0,"key":"SteroidPotion"},{"floor":47,"key":"SkillPotion"},{"floor":48,"key":"Dexterity Potion"}],"is_trial":false,"path_per_floor":["M","M","M","M","M","E","R","E","T","E","?","R","M","E","R","B",null,"M","M","M","?","M","E","$","R","T","?","M","E","R","E","R","B",null,"M","M","M","$","M","R","T","R","T","E","?","R","M","M","R","B",null],"character_chosen":"THE_SILENT","items_purchased":["Apotheosis","Finisher","Anchor","Sundial"],"campfire_rested":5,"item_purchase_floors":[24,24,24,38],"current_hp_per_floor":[57,57,57,57,57,16,34,20,20,17,15,33,31,30,30,19,50,46,46,46,40,26,17,17,35,35,35,32,27,45,45,60,30,53,53,53,53,53,53,53,53,60,60,60,60,60,60,57,60,55],"gold":443,"neow_bonus":"ONE_RARE_RELIC","is_daily":false,"chose_seed":false,"campfire_upgraded":5,"win_rate":0.0,"timestamp":1609842941,"path_taken":["M","M","M","M","M","E","R","E","T","E","?","R","M","E","R","BOSS","M","M","M","?","M","E","$","R","T","?","M","E","R","E","R","BOSS","M","M","M","$","M","R","?","R","T","E","?","R","M","M","R","BOSS"],"items_purchased_type":["Card","Card","Relic","Relic"],"build_version":"2020-12-18","purchased_purges":2,"victory":true,"max_hp_per_floor":[60,60,60,60,60,60,60,60,60,60,60,60,60,60,60,60,60,60,60,60,60,60,60,60,60,60,60,60,60,60,60,60,60,60,60,60,60,60,60,60,60,60,60,60,60,60,60,60,60,60],"card_choices":[{"not_picked":["Slice","Acrobatics"],"picked":"Dagger Spray","floor":1.0},{"not_picked":["PiercingWail","Flying Knee"],"picked":"Dodge and Roll","floor":2.0},{"not_picked":["Cloak And Dagger","Bouncing Flask"],"picked":"Terror","floor":3.0},{"not_picked":["Accuracy","Backflip"],"picked":"Quick Slash","floor":4.0},{"not_picked":["Sucker Punch","Prepared"],"picked":"Cloak And Dagger","floor":5.0},{"not_picked":["Prepared","Deadly Poison"],"picked":"After Image","floor":6.0},{"not_picked":["Acrobatics","Poisoned Stab"],"picked":"Bullet Time","floor":8.0},{"not_picked":["Slice","Blade Dance"],"picked":"Backflip","floor":10.0},{"not_picked":["Masterful Stab","Expertise"],"picked":"Bouncing Flask","floor":11.0},{"not_picked":["Heel Hook","Quick Slash","Unload"],"picked":"SKIP","floor":13.0},{"not_picked":["Distraction","Sucker Punch"],"picked":"Calculated Gamble","floor":14.0},{"not_picked":["Glass Knife","Die Die Die"],"picked":"Tools of the Trade+1","floor":16.0},{"not_picked":["Sucker Punch","Dagger Spray","Slice"],"picked":"SKIP","floor":18.0},{"not_picked":["Crippling Poison","Catalyst"],"picked":"Well Laid Plans+1","floor":19.0},{"not_picked":["Slice","Crippling Poison"],"picked":"Cloak And Dagger","floor":20.0},{"not_picked":["Well Laid Plans+1","Calculated Gamble+1"],"picked":"Flying Knee","floor":22.0},{"not_picked":["All Out Attack","Outmaneuver","Prepared"],"picked":"SKIP","floor":23.0},{"not_picked":["Storm of Steel","Tactician","PiercingWail+1"],"picked":"SKIP","floor":28.0},{"not_picked":["Blade Dance","Slice"],"picked":"Choke","floor":29.0},{"not_picked":["Well Laid Plans+1","Backstab"],"picked":"Accuracy+1","floor":30.0},{"not_picked":["Cloak And Dagger","Dodge and Roll","Backflip"],"picked":"SKIP","floor":31.0},{"not_picked":["Accuracy+1","Deflect"],"picked":"Adrenaline","floor":32.0},{"not_picked":["Storm of Steel","Unload"],"picked":"Corpse Explosion","floor":33.0},{"not_picked":["Deadly Poison+1","Dodge and Roll"],"picked":"Dash","floor":35.0},{"not_picked":["Flying Knee","Deflect"],"picked":"Blade Dance","floor":36.0},{"not_picked":["Flying Knee","Catalyst"],"picked":"Blur+1","floor":37.0},{"not_picked":["Prepared","Tactician","Outmaneuver"],"picked":"SKIP","floor":39.0},{"not_picked":["Eviscerate+1","Outmaneuver"],"picked":"Phantasmal Killer","floor":44.0},{"not_picked":["Reflex","Crippling Poison","Masterful Stab"],"picked":"SKIP","floor":47},{"not_picked":["Eviscerate","Outmaneuver","Sucker Punch"],"picked":"SKIP","floor":48}],"player_experience":780666,"relics_obtained":[{"floor":6.0,"key":"Bottled Lightning"},{"floor":8.0,"key":"Tiny Chest"},{"floor":9.0,"key":"Oddly Smooth Stone"},{"floor":10.0,"key":"Frozen Egg 2"},{"floor":14.0,"key":"Bag of Marbles"},{"floor":23.0,"key":"Bronze Scales"},{"floor":26.0,"key":"Dream Catcher"},{"floor":29.0,"key":"Lantern"},{"floor":31.0,"key":"Ninja Scroll"},{"floor":41.0,"key":"Eternal Feather"},{"floor":43.0,"key":"Omamori"},{"floor":44.0,"key":"Du-Vu Doll"},{"floor":45,"key":"Old Coin"}],"event_choices":[{"damage_healed":0.0,"max_hp_gain":0.0,"max_hp_loss":0.0,"gold_gain":0.0,"event_name":"Dead Adventurer","player_choice":"Searched \u00272\u0027 times","floor":11.0,"gold_loss":0.0,"damage_taken":0.0,"relics_obtained":["Smiling Mask"]},{"damage_healed":0.0,"max_hp_gain":0.0,"max_hp_loss":0.0,"gold_gain":0.0,"event_name":"Nest","player_choice":"Joined the Cult","floor":21.0,"gold_loss":0.0,"damage_taken":6.0,"cards_obtained":["RitualDagger"]},{"damage_healed":0.0,"max_hp_gain":0.0,"max_hp_loss":0.0,"gold_gain":0.0,"event_name":"Drug Dealer","player_choice":"Inject Mutagens","floor":27.0,"gold_loss":0.0,"damage_taken":0.0,"relics_obtained":["MutagenicStrength"]},{"damage_healed":0,"gold_gain":0,"player_choice":"Fight","damage_taken":0,"max_hp_gain":0,"max_hp_loss":0,"event_name":"MindBloom","floor":45,"gold_loss":0}],"is_beta":true,"boss_relics":[{"not_picked":["Empty Cage","Black Star"],"picked":"Pandora\u0027s Box"},{"not_picked":["Calling Bell","WristBlade"],"picked":"Runic Pyramid"}],"items_purged_floors":[24,38],"is_endless":false,"potions_floor_spawned":[6,8,10,11,13,14,16,20,23,33,35,36,47,48],"ascension_level":16}}