{"host":"4vq2xwkpdrxril92","time":1609835159,"event":{"mods":["BaseMod","Better Third Choice","Card Forge","Dota2Spire","Energized Spire","Fireblade Mod","Hubris","Infinite Spire","Minty Spire (QoL Compilation)","Quick Restart","Rare Cards Sparkle","Shop Mod","StSLib","The Cursed","Åy?ï®?îvÅzREMEMod"],"gold_per_floor":[159,434,476,651,49,124,229,334,382,487,329,419,476,751,751,1039,1039,1099,1099,1099,551,551,629,725,761,770,847,774,873,873,945,945,1273,1273,1313,1383,1351,1023,1023,1113,1222,1376,1385,1234,1234,1234,1346,1450,1450,1777,1777,1858,1404,1413,1422,1499,1573,1676,1772,1781,1163,1218,1218,1315,1444,1444,1764,1764,1803,1803,1664,1672,1681,1782,1715,1809,1818,1985,2262,2310,2312,2312,2312,2680,2689,2822,2912,2933,3413,3452,3607,3628,3649,3670,2896,2896,2896,644,169,169,466,466,498,90,147,147,59,59,59],"floor_reached":108,"playtime":18566,"items_purged":[],"score":2936,"play_id":"ce3424e2-12c9-4d40-b72d-868f1db29758","local_time":"20210105172559","daily_mods":["SealedDeck","Vintage","Red Cards","Heirloom","Time Dilation","Flight","Cursed Run","Elite Swarm","Lethality","Midas"],"is_ascension_mode":false,"campfire_choices":[{"floor":15.0,"key":"DIG"},{"floor":32.0,"key":"DIG"},{"data":"1","floor":49.0,"key":"LIFT"},{"floor":66.0,"key":"DIG"},{"data":"2","floor":83.0,"key":"LIFT"},{"data":"3","floor":100,"key":"LIFT"}],"circlet_count":2,"master_deck":["FireBladeMod:ComboCleave+1","FireBladeMod:LightningCombo+1","FireBladeMod:LightningCombo+1","Heavy Blade+1","REME_Scribble+1","Offering+1","TheCursedMod:NeowsMight+1","FireBladeMod:LightningCombo+1","FireBladeMod:Necronomisword+1","Burst+1","Genetic Algorithm+1","TheCursedMod:NeowsMight+1","FireBladeMod:ComboCleave+1"],"relics":["Cursed Key","Darkstone Periapt","Du-Vu Doll","Hammer of Thor","Seething Fire","Anvil of the Gods","REME_ComplimentaryCards","Ice Cream","Boot","Dota2Spire:Butterfly","MerchantsRug","Strange Spoon","Shovel","Kunai","Dota2Spire:ArcaneBoots","Bag of Preparation","Nunchaku","Dota2Spire:BattleFury","Dota2Spire:UrnOfShadows","HornCleat","Coffee Dripper","hubris:DeckOfHolding","MutagenicStrength","Molten Egg 2","Brimstone","Ancient Tea Set","Toy Ornithopter","CeramicFish","Anchor","Art of War","Dota2Spire:HandOfMidas","Self Forming Clay","infinitespire:Midas Blood","Bronze Scales","hubris:HerbalPaste","White Beast Statue","Toy Ornithopter","Sozu","Dota2Spire:BladeMail","Whetstone","Chemical X","energizedSpire:HugeHouse","infinitespire:Lucky Rock","hubris:Icosahedron","Torii","Lizard Tail","Girya","Dota2Spire:LinkenSphere","Sling","Centennial Puzzle","REME_ChargedStone","Dota2Spire:MagicBottle","Lantern","Vajra","Frozen Eye","Ornamental Fan","energizedSpire:TabascoSauce","Dota2Spire:Dagon","Juzu Bracelet","Bird Faced Urn","infinitespire:ShieldingShard","infinitespire:WardingShard","Oddly Smooth Stone","REME_LimitBreaker","REME_IWantAll","Dota2Spire:CrimsonGuard","infinitespire:Cupcake","Mercury Hourglass","Dota2Spire:PhaseBoots","The Courier","hubris:TinFlute","Dota2Spire:DrumOfEndurance","hubris:SphereOfDissonance","hubris:SlimyHat","Blue Candle","Frozen Egg 2","hubris:Zylophone","Circlet","hubris:VirtuousBlindfold","Dota2Spire:Vanguard","REME_CardOfGreed","energizedSpire:MagnifyingGlass","Unceasing Top","Happy Flower","Smiling Mask","Medical Kit","Dota2Spire:EchoSabre","infinitespire:PuzzleCube","infinitespire:Beetle Shell","MealTicket","Dota2Spire:DivineRapier","hubris:Towel","Toxic Egg 2","Dota2Spire:AghanimScepter","Akabeko","Orichalcum","Pocketwatch","Dota2Spire:ArmletOfMordiggian","Dota2Spire:PowerTreads","Dota2Spire:LotusOrb","Calipers","infinitespire:EmpoweringShard","Eternal Feather","War Paint","hubris:ToyBattleship","ClockworkSouvenir","infinitespire:Joker Card","Potion Belt","infinitespire:Burning Sword","Dota2Spire:MonkeyKingBar","Blood Vial","hubris:EmptyBottle","Dota2Spire:Desolator","Lee\u0027s Waffle"],"acts_visited":["Exordium","TheCity","TheBeyond","Exordium","TheCity","TheBeyond","Exordium"],"potions_floor_usage":[],"damage_taken":[{"damage":6.0,"enemies":"Cultist","floor":1.0,"turns":1.0},{"damage":6.0,"enemies":"Small Slimes","floor":3.0,"turns":1.0},{"damage":6.0,"enemies":"3 Sentries","floor":6.0,"turns":1.0},{"damage":12.0,"enemies":"Gremlin Nob","floor":7.0,"turns":1.0},{"damage":15.0,"enemies":"3 Sentries","floor":8.0,"turns":1.0},{"damage":3.0,"enemies":"Gremlin Nob","floor":10.0,"turns":1.0},{"damage":6.0,"enemies":"Lagavulin","floor":12.0,"turns":1.0},{"damage":3.0,"enemies":"Jaw Worm","floor":13.0,"turns":1.0},{"damage":15.0,"enemies":"The Guardian","floor":16.0,"turns":1.0},{"damage":6.0,"enemies":"2 Thieves","floor":18.0,"turns":1.0},{"damage":6.0,"enemies":"Slavers","floor":23.0,"turns":1.0},{"damage":6.0,"enemies":"Nightmare","floor":24.0,"turns":1.0},{"damage":11.0,"enemies":"Shell Parasite","floor":27.0,"turns":1.0},{"damage":8.0,"enemies":"3 Cultists","floor":31.0,"turns":1.0},{"damage":36.0,"enemies":"Champ","floor":33.0,"turns":2.0},{"damage":6.0,"enemies":"3 Darklings","floor":35.0,"turns":1.0},{"damage":6.0,"enemies":"Orb Walker","floor":36.0,"turns":1.0},{"damage":13.0,"enemies":"Giant Head","floor":40.0,"turns":2.0},{"damage":6.0,"enemies":"Nemesis","floor":41.0,"turns":1.0},{"damage":6.0,"enemies":"Mind Bloom Boss Battle","floor":42.0,"turns":1.0},{"damage":6.0,"enemies":"Reptomancer","floor":47.0,"turns":1.0},{"damage":3.0,"enemies":"Nightmare","floor":48.0,"turns":1.0},{"damage":37.0,"enemies":"Awakened One","floor":50.0,"turns":3.0},{"damage":6.0,"enemies":"Small Slimes","floor":52.0,"turns":1.0},{"damage":0.0,"enemies":"Lagavulin","floor":57.0,"turns":1.0},{"damage":12.0,"enemies":"Gremlin Nob","floor":58.0,"turns":1.0},{"damage":6.0,"enemies":"3 Sentries","floor":59.0,"turns":1.0},{"damage":0.0,"enemies":"Lagavulin","floor":64.0,"turns":1.0},{"damage":0.0,"enemies":"Gremlin Nob","floor":65.0,"turns":1.0},{"damage":0.0,"enemies":"Slime Boss","floor":67.0,"turns":1.0},{"damage":9.0,"enemies":"Shell Parasite","floor":69.0,"turns":1.0},{"damage":9.0,"enemies":"Slavers","floor":74.0,"turns":1.0},{"damage":3.0,"enemies":"Gremlin Leader","floor":76.0,"turns":1.0},{"damage":9.0,"enemies":"Nightmare","floor":78.0,"turns":1.0},{"damage":15.0,"enemies":"Colosseum Slavers","floor":79.0,"turns":1.0},{"damage":12.0,"enemies":"Colosseum Nobs","floor":79.0,"turns":1.0},{"damage":9.0,"enemies":"Book of Stabbing","floor":80.0,"turns":1.0},{"damage":96.0,"enemies":"hubris:MusketHawk","floor":84.0,"turns":1.0},{"damage":90.0,"enemies":"3 Darklings","floor":86.0,"turns":1.0},{"damage":93.0,"enemies":"Orb Walker","floor":87.0,"turns":1.0},{"damage":102.0,"enemies":"infinitespire:Three Voidlings","floor":89.0,"turns":1.0},{"damage":204.0,"enemies":"Nightmare_Alpha","floor":89.0,"turns":4.0},{"damage":0,"enemies":"Nightmare","floor":91,"turns":1},{"damage":0,"enemies":"infinitespire:MassOfShapes","floor":101,"turns":1},{"damage":0,"enemies":"Jaw Worm","floor":103,"turns":1},{"damage":0,"enemies":"Gremlin Nob","floor":108,"turns":1}],"seed_played":"5363576507576648731","potions_obtained":[{"floor":1.0,"key":"SkillPotion"},{"floor":7.0,"key":"SpeedPotion"},{"floor":8.0,"key":"GamblersBrew"},{"floor":10.0,"key":"Weak Potion"},{"floor":24.0,"key":"Energy Potion"},{"floor":31.0,"key":"BloodPotion"},{"floor":33.0,"key":"FearPotion"}],"is_trial":true,"path_per_floor":["M","?","M","?","$","E","E","E","T","E","$","E","M","?","R","B",null,"M","?","?","$","AVR","E","NM","T","T","M","$","?","?","M","R","B",null,"M","M","AVR","$","?","E","E","?","T","$","?","?","E","NM","R","B",null,"M","$","?","AVR","?","E","E","E","T","$","?","?","E","E","R","B",null,"M","?","$","?","AVR","E","?","E","T","NM","?","E","?","?","R","B",null,"M","M","AVR","?","?","NM","?","?","T","$","?","?","$","$","R","B",null,"M","$","T","?","$","E"],"character_chosen":"IRONCLAD","items_purchased":["MerchantsRug","Strange Spoon","Shovel","Dota2Spire:BattleFury","Molten Egg 2","Brimstone","Ancient Tea Set","hubris:HerbalPaste","Lee\u0027s Waffle","infinitespire:Lucky Rock","Heavy Blade+1","Sling","Lantern","Vajra","Frozen Eye","infinitespire:WardingShard","Oddly Smooth Stone","Dota2Spire:PhaseBoots","Medical Kit","Dota2Spire:EchoSabre","infinitespire:PuzzleCube","infinitespire:Beetle Shell","MealTicket","Dota2Spire:DivineRapier","Toxic Egg 2","Dota2Spire:AghanimScepter","Akabeko","Orichalcum","Pocketwatch","Strawberry","Dota2Spire:ArmletOfMordiggian","Dota2Spire:PowerTreads","Dota2Spire:LotusOrb","Calipers","infinitespire:EmpoweringShard","Eternal Feather","War Paint","hubris:ToyBattleship","ClockworkSouvenir","infinitespire:Joker Card","Potion Belt","Blood Vial","hubris:EmptyBottle","Dota2Spire:Desolator","Lee\u0027s Waffle"],"campfire_rested":0,"item_purchase_floors":[5,5,5,11,21,21,21,28,38,38,38,44,53,53,53,61,61,71,95,95,95,95,95,95,98,98,98,98,98,98,98,98,98,98,98,98,98,98,99,99,99,104,104,104,107],"current_hp_per_floor":[80,86,86,92,92,92,86,80,86,86,86,86,86,92,92,92,164,164,164,176,176,176,176,176,182,188,183,183,183,183,178,178,163,233,233,233,233,247,247,243,243,243,249,249,252,252,252,252,252,241,304,304,304,304,304,293,293,283,279,282,282,282,282,282,283,283,287,322,316,316,316,300,300,294,294,294,297,291,283,277,277,280,280,219,391,332,271,271,38,41,41,44,181,184,187,190,193,211,226,232,235,534,534,534,537,537,540,540,540],"gold":59,"neow_bonus":"","is_daily":false,"chose_seed":false,"campfire_upgraded":0,"win_rate":0.0,"timestamp":1609835159,"path_taken":["M","?","?","?","$","E","E","E","T","E","$","E","M","?","R","BOSS","M","?","?","$","AVR","E","NM","?","T","?","?","?","?","?","R","BOSS","M","M","AVR","$","?","E","E","?","T","$","?","?","E","NM","R","BOSS","M","$","?","AVR","?","E","E","E","T","$","?","?","E","E","R","BOSS","M","?","$","?","AVR","E","?","E","T","NM","?","E","?","?","R","BOSS","M","M","AVR","?","?","NM","?","?","T","?","?","?","$","$","R","BOSS","M","$","?","?","$","E"],"items_purchased_type":["Relic","Relic","Relic","Relic","Relic","Relic","Relic","Relic","Relic","Relic","Card","Relic","Relic","Relic","Relic","Relic","Relic","Relic","Relic","Relic","Relic","Relic","Relic","Relic","Relic","Relic","Relic","Relic","Relic","Relic","Relic","Relic","Relic","Relic","Relic","Relic","Relic","Relic","Relic","Relic","Relic","Relic","Relic","Relic","Relic"],"build_version":"2020-12-22","purchased_purges":0,"victory":false,"max_hp_per_floor":[86,92,98,104,104,110,116,125,131,134,134,140,143,149,149,164,164,170,170,182,182,182,188,194,200,206,212,212,212,212,215,215,233,233,239,245,240,247,247,253,259,265,271,271,274,274,280,283,283,304,304,310,310,310,310,310,310,312,314,317,317,317,317,317,318,318,322,322,325,325,325,325,325,328,328,331,334,337,353,356,356,356,356,391,391,422,454,454,522,522,522,522,525,528,528,528,528,531,531,531,534,534,534,534,537,537,540,540,540],"card_choices":[{"not_picked":["Barricade","FireBladeMod:Improvise","FireBladeMod:BattleStamina"],"picked":"SKIP","floor":6.0},{"not_picked":["Barricade","Double Tap","Immolate"],"picked":"SKIP","floor":7.0},{"not_picked":["FireBladeMod:Blitzkreig","Corruption"],"picked":"FireBladeMod:LightningCombo","floor":8.0},{"not_picked":["REME_Fury","FireBladeMod:FinalSmash","FireBladeMod:Blitzkreig"],"picked":"SKIP","floor":10.0},{"not_picked":["FireBladeMod:DeathBlade","FireBladeMod:Improvise","REME_TheLastStrike"],"picked":"SKIP","floor":12.0},{"not_picked":["infinitespire:Starlight","infinitespire:SevenWalls"],"picked":"infinitespire:FutureSight","floor":20.0},{"not_picked":["Barricade","Brutality","Reaper+1"],"picked":"SKIP","floor":23.0},{"not_picked":["FireBladeMod:DebilitatingBlow+1","FireBladeMod:RapidHits","FireBladeMod:GlassGreatsword+1"],"picked":"SKIP","floor":24.0},{"not_picked":["REME_TheLastStrike+1","Barricade","Juggernaut"],"picked":"SKIP","floor":40.0},{"not_picked":["FireBladeMod:Improvise","Limit Break","REME_ACTH"],"picked":"SKIP","floor":41.0},{"not_picked":["FireBladeMod:AntiMagic","FireBladeMod:PyromancerForm","FireBladeMod:BattleStamina"],"picked":"SKIP","floor":47.0},{"not_picked":["FireBladeMod:AntiMagic","FireBladeMod:FinalSmash+1","FireBladeMod:Blitzkreig"],"picked":"SKIP","floor":48.0},{"not_picked":["Demon Form","FireBladeMod:Blitzkreig","Double Tap"],"picked":"SKIP","floor":57.0},{"not_picked":["FireBladeMod:PyromancerForm","REME_TheLastStrike+1","hubris:StunningStrike+1"],"picked":"SKIP","floor":58.0},{"not_picked":["FireBladeMod:GlassGreatsword+1","FireBladeMod:Improvise","Immolate+1"],"picked":"SKIP","floor":59.0},{"not_picked":["Bludgeon+1","FireBladeMod:LayeredDefense","FireBladeMod:GlassGreatsword+1"],"picked":"SKIP","floor":64.0},{"not_picked":["FireBladeMod:Blitzkreig","FireBladeMod:DeathBlade","Exhume"],"picked":"Singing Bowl","floor":65.0},{"not_picked":["Demon Form","REME_Fury","FireBladeMod:DebilitatingBlow+1"],"picked":"Singing Bowl","floor":67.0},{"not_picked":["Reaper+1","Offering","Bludgeon+1"],"picked":"Singing Bowl","floor":74.0},{"not_picked":["REME_ACTH","FireBladeMod:LightningCombo+1","FireBladeMod:BodyAsFuel"],"picked":"SKIP","floor":76.0},{"not_picked":["infinitespire:SealOfDarkness+","infinitespire:Collect","hubris:Rewind"],"picked":"Singing Bowl","floor":78.0},{"not_picked":["FireBladeMod:AfterBurn","REME_ACTH","FireBladeMod:DebilitatingBlow+1"],"picked":"Singing Bowl","floor":78.0},{"not_picked":["Barricade+1","Offering","FireBladeMod:AntiMagic"],"picked":"SKIP","floor":80.0},{"not_picked":["infinitespire:Punishment","hubris:Rewind"],"picked":"infinitespire:SealOfDarkness+","floor":85.0},{"not_picked":["infinitespire:NeuralNetwork","infinitespire:FutureSight","infinitespire:TheBestDefense"],"picked":"Singing Bowl","floor":89},{"not_picked":["FireBladeMod:SpinningSmash+1","Spot Weakness+1","FireBladeMod:ComplexAttack+1"],"picked":"Singing Bowl","floor":89},{"not_picked":["Madness","Purity","Swift Strike+1"],"picked":"Singing Bowl","floor":90},{"not_picked":["FireBladeMod:PyromancerForm+1","Impervious","Juggernaut+1"],"picked":"Singing Bowl","floor":91},{"not_picked":["FireBladeMod:GlassGreatsword+1","FireBladeMod:Ignition+1","FireBladeMod:LearnTells+1"],"picked":"Singing Bowl","floor":101}],"player_experience":1220062,"relics_obtained":[{"floor":1.0,"key":"Boot"},{"floor":3.0,"key":"Dota2Spire:Butterfly"},{"floor":6.0,"key":"Kunai"},{"floor":7.0,"key":"Dota2Spire:ArcaneBoots"},{"floor":8.0,"key":"Bag of Preparation"},{"floor":9.0,"key":"REME_PuzzleBoxRelic"},{"floor":10.0,"key":"Nunchaku"},{"floor":12.0,"key":"Matryoshka"},{"floor":13.0,"key":"Dota2Spire:UrnOfShadows"},{"floor":15.0,"key":"HornCleat"},{"floor":18.0,"key":"hubris:DeckOfHolding"},{"floor":23.0,"key":"CeramicFish"},{"floor":24.0,"key":"Anchor"},{"floor":25.0,"key":"Art of War"},{"floor":25.0,"key":"Dota2Spire:HandOfMidas"},{"floor":26.0,"key":"Self Forming Clay"},{"floor":26.0,"key":"infinitespire:Midas Blood"},{"floor":27.0,"key":"Bronze Scales"},{"floor":31.0,"key":"White Beast Statue"},{"floor":32.0,"key":"Toy Ornithopter"},{"floor":35.0,"key":"Dota2Spire:BladeMail"},{"floor":36.0,"key":"Whetstone"},{"floor":40.0,"key":"Torii"},{"floor":41.0,"key":"Lizard Tail"},{"floor":42.0,"key":"Girya"},{"floor":43.0,"key":"Dota2Spire:LinkenSphere"},{"floor":48.0,"key":"Centennial Puzzle"},{"floor":52.0,"key":"Dota2Spire:MagicBottle"},{"floor":57.0,"key":"Dota2Spire:Dagon"},{"floor":58.0,"key":"Juzu Bracelet"},{"floor":59.0,"key":"Bird Faced Urn"},{"floor":60.0,"key":"infinitespire:ShieldingShard"},{"floor":64.0,"key":"REME_LimitBreaker"},{"floor":65.0,"key":"REME_IWantAll"},{"floor":66.0,"key":"Dota2Spire:CrimsonGuard"},{"floor":69.0,"key":"Mercury Hourglass"},{"floor":74.0,"key":"hubris:TinFlute"},{"floor":76.0,"key":"hubris:SphereOfDissonance"},{"floor":77.0,"key":"hubris:SlimyHat"},{"floor":78.0,"key":"Blue Candle"},{"floor":79.0,"key":"Mango"},{"floor":79.0,"key":"Frozen Egg 2"},{"floor":80.0,"key":"hubris:Zylophone"},{"floor":86.0,"key":"MawBank"},{"floor":87.0,"key":"Dota2Spire:Vanguard"},{"floor":89,"key":"Unceasing Top"},{"floor":91,"key":"Happy Flower"},{"floor":94,"key":"Smiling Mask"},{"floor":103,"key":"Dota2Spire:MonkeyKingBar"},{"floor":105,"key":"REME_PuzzleBoxRelic"}],"event_choices":[{"damage_healed":0.0,"max_hp_gain":0.0,"max_hp_loss":0.0,"gold_gain":275.0,"event_name":"Golden Shrine","player_choice":"Desecrate","floor":2.0,"gold_loss":0.0,"damage_taken":0.0,"cards_obtained":["Regret"]},{"damage_healed":0.0,"max_hp_gain":0.0,"max_hp_loss":0.0,"gold_gain":175.0,"event_name":"betterThird:BetterSerpent","player_choice":"AGREE","floor":4.0,"gold_loss":0.0,"damage_taken":476.0},{"damage_healed":0.0,"max_hp_gain":0.0,"max_hp_loss":0.0,"gold_gain":275.0,"event_name":"Golden Shrine","player_choice":"Desecrate","floor":14.0,"gold_loss":0.0,"damage_taken":0.0,"cards_obtained":["Regret"]},{"damage_healed":0.0,"max_hp_gain":0.0,"max_hp_loss":0.0,"gold_gain":0.0,"event_name":"Drug Dealer","player_choice":"Inject Mutagens","floor":19.0,"gold_loss":0.0,"damage_taken":0.0,"relics_obtained":["MutagenicStrength"]},{"damage_healed":0.0,"max_hp_gain":0.0,"max_hp_loss":0.0,"gold_gain":99.0,"event_name":"betterThird:BetterNest","player_choice":"Steal","floor":29.0,"gold_loss":0.0,"damage_taken":0.0},{"damage_healed":0.0,"max_hp_gain":0.0,"max_hp_loss":0.0,"gold_gain":0.0,"event_name":"N\u0027loth","player_choice":"Ignored","floor":30.0,"gold_loss":0.0,"damage_taken":0.0},{"damage_healed":0.0,"max_hp_gain":0.0,"max_hp_loss":0.0,"gold_gain":0.0,"event_name":"MindBloom","player_choice":"Fight","floor":42.0,"gold_loss":0.0,"damage_taken":0.0},{"damage_healed":0.0,"max_hp_gain":0.0,"max_hp_loss":0.0,"gold_gain":0.0,"event_name":"The Woman in Blue","player_choice":"Bought 0 Potions","floor":46.0,"gold_loss":0.0,"damage_taken":0.0},{"damage_healed":304.0,"max_hp_gain":0.0,"max_hp_loss":310.0,"gold_gain":0.0,"event_name":"betterThird:BetterShining","player_choice":"Embrace","floor":54.0,"gold_loss":0.0,"damage_taken":0.0},{"damage_healed":0.0,"max_hp_gain":1.0,"max_hp_loss":0.0,"gold_gain":75.0,"event_name":"betterThird:BetterGoop","player_choice":"Gold","floor":56.0,"gold_loss":0.0,"damage_taken":11.0},{"damage_healed":0.0,"max_hp_gain":0.0,"max_hp_loss":0.0,"gold_gain":55.0,"event_name":"Golden Wing","player_choice":"Gained Gold","floor":62.0,"gold_loss":0.0,"damage_taken":0.0},{"damage_healed":0.0,"max_hp_gain":0.0,"max_hp_loss":0.0,"gold_gain":0.0,"event_name":"The Woman in Blue","player_choice":"Bought 0 Potions","floor":63.0,"gold_loss":0.0,"damage_taken":0.0},{"damage_healed":0.0,"max_hp_gain":0.0,"max_hp_loss":0.0,"gold_gain":0.0,"event_name":"Vampires","player_choice":"Ignored","floor":70.0,"gold_loss":0.0,"damage_taken":0.0},{"damage_healed":0.0,"max_hp_gain":0.0,"max_hp_loss":0.0,"gold_gain":0.0,"event_name":"Cursed Tome","player_choice":"Obtained Book","floor":72.0,"gold_loss":0.0,"damage_taken":16.0},{"damage_healed":0.0,"max_hp_gain":0.0,"max_hp_loss":0.0,"gold_gain":0.0,"event_name":"WeMeetAgain","player_choice":"Paid Gold","floor":75.0,"gold_loss":67.0,"damage_taken":0.0,"relics_obtained":["Dota2Spire:DrumOfEndurance"]},{"damage_healed":0.0,"max_hp_gain":0.0,"max_hp_loss":0.0,"gold_gain":0.0,"event_name":"Colosseum","player_choice":"Fight","floor":79.0,"gold_loss":0.0,"damage_taken":0.0},{"damage_healed":0.0,"max_hp_gain":0.0,"max_hp_loss":0.0,"gold_gain":0.0,"event_name":"Colosseum","player_choice":"Fought Nobs","floor":79.0,"gold_loss":0.0,"damage_taken":0.0},{"damage_healed":0.0,"max_hp_gain":0.0,"max_hp_loss":0.0,"gold_gain":0.0,"event_name":"Designer","player_choice":"Punched","floor":81.0,"gold_loss":0.0,"damage_taken":3.0},{"damage_healed":0.0,"max_hp_gain":0.0,"max_hp_loss":0.0,"gold_gain":0.0,"event_name":"Drug Dealer","player_choice":"Inject Mutagens","floor":82.0,"gold_loss":0.0,"damage_taken":0.0,"relics_obtained":["Circlet"]},{"damage_healed":0,"gold_gain":0,"player_choice":"Inject Mutagens","damage_taken":0,"relics_obtained":["Circlet"],"max_hp_gain":0,"max_hp_loss":0,"event_name":"Drug Dealer","floor":89,"gold_loss":0},{"damage_healed":0,"gold_gain":0,"player_choice":"Memory 1","damage_taken":0,"max_hp_gain":0,"max_hp_loss":0,"event_name":"SensoryStone","floor":90,"gold_loss":0},{"cards_removed":["FireBladeMod:ComboCleave"],"damage_healed":0,"gold_gain":0,"player_choice":"Removed Attack","damage_taken":0,"max_hp_gain":0,"max_hp_loss":0,"event_name":"Falling","floor":92,"gold_loss":0},{"damage_healed":131,"gold_gain":0,"player_choice":"Writhe","damage_taken":0,"max_hp_gain":0,"max_hp_loss":0,"event_name":"Winding Halls","floor":93,"gold_loss":0,"cards_obtained":["Writhe"]},{"damage_healed":0,"gold_gain":0,"player_choice":"Got Potions","damage_taken":0,"max_hp_gain":0,"max_hp_loss":0,"event_name":"Lab","floor":97,"gold_loss":0},{"damage_healed":0,"gold_gain":0,"player_choice":"Leave","damage_taken":0,"max_hp_gain":0,"max_hp_loss":0,"event_name":"The Cleric","floor":106,"gold_loss":0}],"is_beta":false,"boss_relics":[{"not_picked":["energizedSpire:CursedPentagram","hubris:RunicObelisk"],"picked":"Coffee Dripper"},{"not_picked":["energizedSpire:EnergizedDie","Calling Bell"],"picked":"Sozu"},{"not_picked":["hubris:Stopwatch","energizedSpire:StickyHand"],"picked":"REME_ChargedStone"},{"not_picked":["Mark of Pain","REME_DuelDisc"],"picked":"infinitespire:Cupcake"},{"not_picked":["hubris:RunicObelisk","Empty Cage"],"picked":"hubris:VirtuousBlindfold"},{"not_picked":["energizedSpire:EnergizedDie","Snecko Eye"],"picked":"infinitespire:Burning Sword"}],"items_purged_floors":[],"is_endless":true,"potions_floor_spawned":[1,7,8,10,24,31,33,35,36,40,41,42,47,48,50,52,57,58,59,64,65,67,69,74,76,79,79,80,84,86,87,89,89,91,101,103],"killed_by":"Gremlin Nob","ascension_level":0}}