{"host":"m77rrhbqzv44va4v","time":1609857939,"event":{"mods":["AchievementEnabler","BaseMod","Colored Map","DeckTracker","Keyboard Shortcuts","Minty Spire (QoL Compilation)","StSLib","SuperFastMode","everything is the same but u backflip on backflip"],"gold_per_floor":[118,128,138,149,149,149,183,183,207,241,260,280,62,62,62,161,161,161,62,62,62,80,80,113,113,113,113,113,38,138,151,151,246,246,263,281,291,33,51,51,80,42,119,134,134,153,153,168,168,168],"floor_reached":51,"playtime":1337,"items_purged":["Defend_B"],"score":1036,"play_id":"52b9f8ec-1804-4e77-af1d-82786a04b02a","local_time":"20210105234539","is_ascension_mode":true,"campfire_choices":[{"data":"Dualcast","floor":6.0,"key":"SMITH"},{"data":"Seek","floor":8.0,"key":"SMITH"},{"floor":15.0,"key":"REST"},{"data":"Scrape","floor":23.0,"key":"SMITH"},{"floor":25.0,"key":"REST"},{"data":"Beam Cell","floor":27.0,"key":"SMITH"},{"data":"Gash","floor":32.0,"key":"SMITH"},{"data":"Hyperbeam","floor":40,"key":"SMITH"},{"data":"Reinforced Body","floor":45,"key":"SMITH"},{"data":"Fission","floor":49,"key":"SMITH"}],"circlet_count":0,"master_deck":["AscendersBane","Strike_B+1","Strike_B","Defend_B","Defend_B","Zap","Dualcast+1","Reprogram+1","Compile Driver","Hologram","Seek+1","Reinforced Body+1","Leap","Fission+1","Reboot+1","CurseOfTheBell","FTL+1","Beam Cell+1","Scrape+1","Ball Lightning","Hologram+1","Reprogram+1","Gash+1","Hyperbeam+1","Gash","Conserve Battery+1","Recycle+1","Fusion+1"],"relics":["Cracked Core","Bag of Marbles","Bag of Preparation","Oddly Smooth Stone","Medical Kit","Toxic Egg 2","Calling Bell","Regal Pillow","HornCleat","Torii","Lantern","Whetstone","Shuriken","Runic Pyramid","Pantograph","Singing Bowl","Bottled Lightning"],"acts_visited":["Exordium","TheCity","TheBeyond"],"potions_floor_usage":[36,50],"damage_taken":[{"damage":0.0,"enemies":"Small Slimes","floor":1.0,"turns":3.0},{"damage":0.0,"enemies":"Cultist","floor":2.0,"turns":3.0},{"damage":3.0,"enemies":"Jaw Worm","floor":3.0,"turns":5.0},{"damage":10.0,"enemies":"2 Fungi Beasts","floor":4.0,"turns":4.0},{"damage":15.0,"enemies":"Gremlin Nob","floor":7.0,"turns":3.0},{"damage":9.0,"enemies":"Lagavulin","floor":10.0,"turns":8.0},{"damage":0.0,"enemies":"Looter","floor":11.0,"turns":4.0},{"damage":6.0,"enemies":"3 Louse","floor":12.0,"turns":5.0},{"damage":21.0,"enemies":"The Guardian","floor":16.0,"turns":15.0},{"damage":0.0,"enemies":"3 Byrds","floor":18.0,"turns":1.0},{"damage":1.0,"enemies":"Shell Parasite","floor":22.0,"turns":4.0},{"damage":41.0,"enemies":"Slavers","floor":24.0,"turns":9.0},{"damage":9.0,"enemies":"Snake Plant","floor":31.0,"turns":6.0},{"damage":33.0,"enemies":"Collector","floor":33.0,"turns":10.0},{"damage":12.0,"enemies":"Orb Walker","floor":35.0,"turns":4.0},{"damage":2,"enemies":"3 Darklings","floor":36,"turns":3},{"damage":25,"enemies":"Jaw Worm Horde","floor":37,"turns":4},{"damage":0,"enemies":"4 Shapes","floor":39,"turns":2},{"damage":1,"enemies":"Nemesis","floor":41,"turns":7},{"damage":2,"enemies":"Writhing Mass","floor":44,"turns":6},{"damage":0,"enemies":"3 Darklings","floor":46,"turns":1},{"damage":0,"enemies":"Jaw Worm Horde","floor":48,"turns":4},{"damage":34,"enemies":"Donu and Deca","floor":50,"turns":10}],"seed_played":"7690499953175468137","potions_obtained":[{"floor":2.0,"key":"AttackPotion"},{"floor":4.0,"key":"Swift Potion"},{"floor":7.0,"key":"Strength Potion"},{"floor":10.0,"key":"SneckoOil"},{"floor":12.0,"key":"SmokeBomb"},{"floor":16.0,"key":"SneckoOil"},{"floor":24.0,"key":"Swift Potion"},{"floor":39,"key":"Fire Potion"},{"floor":41,"key":"Explosive Potion"},{"floor":44,"key":"AttackPotion"}],"is_trial":false,"path_per_floor":["M","M","M","M","?","R","E","R","T","E","M","M","$","?","R","B",null,"M","$","?","?","M","R","E","R","T","R","?","$","?","M","R","B",null,"M","M","M","$","M","R","E","$","T","M","R","M","?","M","R","B",null],"character_chosen":"DEFECT","items_purchased":["Medical Kit","Fission","FTL","Beam Cell","Pantograph","Fusion+1"],"campfire_rested":2,"item_purchase_floors":[13,13,19,19,38,42],"current_hp_per_floor":[68,68,65,55,55,55,40,40,40,31,31,25,25,22,44,23,62,62,62,62,62,61,61,27,64,64,64,64,64,64,62,62,36,65,60,65,47,47,47,47,53,53,53,53,53,55,55,57,57,47],"gold":168,"neow_bonus":"REMOVE_CARD","is_daily":false,"chose_seed":false,"campfire_upgraded":8,"win_rate":0.0,"timestamp":1609857939,"path_taken":["M","M","M","M","?","R","E","R","T","E","M","?","$","?","R","BOSS","M","$","?","?","M","R","E","R","T","R","?","$","?","?","R","BOSS","M","M","?","$","M","R","E","?","T","M","R","M","?","M","R","BOSS"],"items_purchased_type":["Relic","Card","Card","Card","Relic","Card"],"build_version":"2020-12-22","purchased_purges":1,"victory":true,"max_hp_per_floor":[75,75,75,75,75,75,75,75,75,75,75,75,75,75,75,75,75,75,75,75,75,75,75,75,75,75,75,75,75,75,75,75,75,75,75,75,75,75,75,75,75,75,75,77,77,79,79,81,81,81],"card_choices":[{"not_picked":["Gash","Stack"],"picked":"Reprogram","floor":1.0},{"not_picked":["Conserve Battery","Double Energy"],"picked":"Compile Driver","floor":2.0},{"not_picked":["Compile Driver","Stack","Beam Cell"],"picked":"SKIP","floor":3.0},{"not_picked":["Turbo","Heatsinks"],"picked":"Hologram","floor":4.0},{"not_picked":["Thunder Strike","Coolheaded"],"picked":"Seek","floor":7.0},{"not_picked":["Scrape","Loop"],"picked":"Reinforced Body","floor":10.0},{"not_picked":["Ball Lightning","Double Energy"],"picked":"Leap","floor":11.0},{"not_picked":["Leap","Redo","Ball Lightning"],"picked":"SKIP","floor":12.0},{"not_picked":["Meteor Strike","Fission+1"],"picked":"Reboot+1","floor":16.0},{"not_picked":["Cold Snap+1","Stack+1"],"picked":"Self Repair","floor":22.0},{"not_picked":["Redo+1","Compile Driver"],"picked":"Hologram+1","floor":24.0},{"not_picked":["Ball Lightning","Static Discharge"],"picked":"Gash","floor":31.0},{"not_picked":["Echo Form","Multi-Cast+1"],"picked":"Hyperbeam","floor":33.0},{"not_picked":["Streamline+1","Reinforced Body+1","Beam Cell+1"],"picked":"SKIP","floor":35},{"not_picked":["Hologram+1","Barrage+1","Coolheaded+1"],"picked":"SKIP","floor":36},{"not_picked":["Beam Cell","Heatsinks"],"picked":"Gash","floor":37},{"not_picked":["Hologram+1","Scrape+1"],"picked":"Conserve Battery+1","floor":39},{"not_picked":["Lockon+1","Cold Snap+1"],"picked":"Recycle+1","floor":41},{"not_picked":["Fusion+1","Stack+1","Electrodynamics"],"picked":"Singing Bowl","floor":44},{"not_picked":["Genetic Algorithm+1","Hologram+1","Defragment"],"picked":"Singing Bowl","floor":46},{"not_picked":["Aggregate+1","Heatsinks+1","Blizzard"],"picked":"Singing Bowl","floor":48}],"player_experience":898916,"relics_obtained":[{"floor":7.0,"key":"Bag of Marbles"},{"floor":9.0,"key":"Bag of Preparation"},{"floor":10.0,"key":"Oddly Smooth Stone"},{"floor":17.0,"key":"Regal Pillow"},{"floor":17.0,"key":"HornCleat"},{"floor":17.0,"key":"Torii"},{"floor":24.0,"key":"Whetstone"},{"floor":26.0,"key":"Shuriken"},{"floor":41,"key":"Singing Bowl"},{"floor":43,"key":"Bottled Lightning"}],"event_choices":[{"damage_healed":0.0,"max_hp_gain":0.0,"max_hp_loss":0.0,"gold_gain":0.0,"event_name":"Upgrade Shrine","player_choice":"Upgraded","floor":5.0,"gold_loss":0.0,"damage_taken":0.0,"cards_upgraded":["Reprogram"]},{"damage_healed":0.0,"max_hp_gain":0.0,"max_hp_loss":0.0,"gold_gain":0.0,"event_name":"Scrap Ooze","player_choice":"Success","floor":14.0,"gold_loss":0.0,"damage_taken":3.0,"relics_obtained":["Toxic Egg 2"]},{"damage_healed":0.0,"max_hp_gain":0.0,"max_hp_loss":0.0,"gold_gain":0.0,"cards_transformed":["Strike_B","Strike_B"],"event_name":"Drug Dealer","player_choice":"Became Test Subject","floor":20.0,"gold_loss":0.0,"damage_taken":0.0,"cards_obtained":["Scrape","Ball Lightning"]},{"damage_healed":0.0,"max_hp_gain":0.0,"max_hp_loss":0.0,"gold_gain":0.0,"event_name":"The Mausoleum","player_choice":"Opened","floor":21.0,"gold_loss":0.0,"damage_taken":0.0,"relics_obtained":["Lantern"]},{"damage_healed":0.0,"max_hp_gain":0.0,"max_hp_loss":0.0,"gold_gain":0.0,"event_name":"The Library","player_choice":"Read","floor":28.0,"gold_loss":0.0,"damage_taken":0.0,"cards_obtained":["Reprogram"]},{"damage_healed":0.0,"max_hp_gain":0.0,"max_hp_loss":0.0,"gold_gain":100.0,"event_name":"Golden Shrine","player_choice":"Pray","floor":30.0,"gold_loss":0.0,"damage_taken":0.0},{"cards_removed":["Self Repair"],"damage_healed":0,"gold_gain":0,"player_choice":"Removed Power","damage_taken":0,"max_hp_gain":0,"max_hp_loss":0,"event_name":"Falling","floor":47,"gold_loss":0}],"is_beta":false,"boss_relics":[{"not_picked":["Astrolabe","Pandora\u0027s Box"],"picked":"Calling Bell"},{"not_picked":["Black Star","Philosopher\u0027s Stone"],"picked":"Runic Pyramid"}],"items_purged_floors":[29],"is_endless":false,"potions_floor_spawned":[2,4,7,10,12,16,18,24,39,41,44],"ascension_level":10}}