{"host":"dmdprxj8bosbz96f","time":1609876467,"event":{"mods":["AchievementEnabler","BaseMod","Colored Map","DeckTracker","Minty Spire (QoL Compilation)","Quick Restart","SuperFastMode","everything is the same but u backflip on backflip"],"gold_per_floor":[119,219,239,258,271,303,303,330,330,330,350,368,368,384,384,384,384],"floor_reached":16,"playtime":410,"items_purged":[],"score":125,"play_id":"a9c488d4-f446-40b2-9f1f-7d80d9c1e146","local_time":"20210106045427","is_ascension_mode":true,"campfire_choices":[{"data":"Body Slam","floor":7,"key":"SMITH"},{"floor":10,"key":"REST"},{"floor":13,"key":"REST"},{"floor":15,"key":"REST"}],"circlet_count":0,"master_deck":["Strike_R","Strike_R","Strike_R","Strike_R","Strike_R","Defend_R","Defend_R","Defend_R","Defend_R","Bash","Twin Strike","Body Slam","Body Slam+1","Rampage"],"relics":["Busted Crown","PreservedInsect","CaptainsWheel","Magic Flower"],"acts_visited":["Exordium"],"potions_floor_usage":[8,8],"damage_taken":[{"damage":1,"enemies":"2 Louse","floor":1,"turns":2},{"damage":0,"enemies":"Cultist","floor":3,"turns":2},{"damage":0,"enemies":"Small Slimes","floor":4,"turns":2},{"damage":7,"enemies":"Looter","floor":5,"turns":3},{"damage":30,"enemies":"Lagavulin","floor":6,"turns":6},{"damage":14,"enemies":"Gremlin Nob","floor":8,"turns":3},{"damage":14,"enemies":"Exordium Wildlife","floor":11,"turns":4},{"damage":13,"enemies":"Red Slaver","floor":12,"turns":3},{"damage":10,"enemies":"Gremlin Gang","floor":14,"turns":5},{"damage":60,"enemies":"The Guardian","floor":16,"turns":9}],"seed_played":"-1560407831428650017","potions_obtained":[{"floor":3,"key":"Block Potion"},{"floor":5,"key":"LiquidBronze"},{"floor":6,"key":"GamblersBrew"}],"is_trial":false,"path_per_floor":["M","?","M","M","M","E","R","E","T","R","M","M","R","M","R","B"],"character_chosen":"IRONCLAD","items_purchased":[],"campfire_rested":3,"item_purchase_floors":[],"current_hp_per_floor":[79,79,79,79,72,42,42,28,28,52,38,25,49,39,63,3,3],"gold":384,"neow_bonus":"BOSS_RELIC","is_daily":false,"chose_seed":false,"campfire_upgraded":1,"win_rate":0.0,"timestamp":1609876467,"path_taken":["M","?","?","M","?","E","R","E","T","R","M","M","R","M","R","BOSS"],"items_purchased_type":[],"build_version":"2020-12-22","purchased_purges":0,"victory":false,"max_hp_per_floor":[80,80,80,80,80,80,80,80,80,80,80,80,80,80,80,80,80],"card_choices":[{"not_picked":["Anger"],"picked":"SKIP","floor":1},{"not_picked":[],"picked":"Twin Strike","floor":3},{"not_picked":[],"picked":"Body Slam","floor":4},{"not_picked":["Shockwave"],"picked":"SKIP","floor":5},{"not_picked":[],"picked":"Body Slam","floor":6},{"not_picked":["Heavy Blade"],"picked":"SKIP","floor":8},{"not_picked":[],"picked":"Rampage","floor":11},{"not_picked":["Power Through"],"picked":"SKIP","floor":12},{"not_picked":["Havoc"],"picked":"SKIP","floor":14}],"player_experience":139563,"relics_obtained":[{"floor":6,"key":"PreservedInsect"},{"floor":8,"key":"CaptainsWheel"},{"floor":9,"key":"Magic Flower"}],"event_choices":[{"damage_healed":0,"gold_gain":100,"player_choice":"Pray","damage_taken":0,"max_hp_gain":0,"max_hp_loss":0,"event_name":"Golden Shrine","floor":2,"gold_loss":0}],"is_beta":false,"boss_relics":[],"items_purged_floors":[],"is_endless":false,"potions_floor_spawned":[3,5,6],"killed_by":"The Guardian","ascension_level":2}}