{"host":"ecuvtzmejf7hhjpv","time":1609887963,"event":{"mods":["AchievementEnabler","Act Like it!","Aspiration","BaseMod","Better Altar","Better Match","Better Note","Better Sensory Stone","Better Skull","Better Third Choice","BetterRewards","Conspire","Custom Start","Gensokyo","GifTheSpireLib","Hallownest","Hermit","Hubris","Kratos Character Expansion","Marisa????????","Minty Spire (QoL Compilation)","Prisma Mod","Replay The Spire","Spicy Shops","StSLib","The Animator","The Blackbeard","The Bug Knight","The Forsaken","The Hierophant","The Jungle","The Necromancer","The Poker Player","The Wild Card"],"gold_per_floor":[110,137,212,222,234,263,263,293,293,318,329,329,329],"floor_reached":12,"playtime":410,"items_purged":[],"score":155,"play_id":"bd4361b9-af8b-49b9-a49a-526866964f00","local_time":"20210105170603","is_ascension_mode":true,"campfire_choices":[{"data":"GalacticHalo","floor":7,"key":"SMITH"}],"circlet_count":0,"master_deck":["Strike_MRS","Strike_MRS","Strike_MRS","Strike_MRS","Defend_MRS","Defend_MRS","Defend_MRS","Defend_MRS","MasterSpark","UpSweep","GalacticHalo+1","DoubleSpark","NonDirectionalLaser","PowerUp","6A","EnergyFlow","EnergyFlow","GrandCross"],"relics":["MiniHakkero","Juzu Bracelet","ReplayTheSpireMod:Lightbulb","TungstenRod","aspiration:Lifesprig","Akabeko","Ancient Tea Set"],"acts_visited":["Exordium"],"potions_floor_usage":[1,8,10,12],"damage_taken":[{"damage":0,"enemies":"Cultist","floor":1,"turns":4},{"damage":25,"enemies":"conspire:MimicChest","floor":2,"turns":6},{"damage":6,"enemies":"Jaw Worm","floor":4,"turns":3},{"damage":0,"enemies":"conspire:RoseBush","floor":5,"turns":3},{"damage":0,"enemies":"HollowMod:MossKnight","floor":6,"turns":9},{"damage":5,"enemies":"Gremlin Nob","floor":8,"turns":3},{"damage":4,"enemies":"Lagavulin","floor":10,"turns":5},{"damage":5,"enemies":"2 Fungi Beasts","floor":11,"turns":3},{"damage":26,"enemies":"HollowMod:MossKnight","floor":12,"turns":4}],"seed_played":"-5223941217657972121","potions_obtained":[{"floor":1,"key":"Fruit Juice"},{"floor":4,"key":"Cursed Concoction"},{"floor":5,"key":"Fire Potion"},{"floor":8,"key":"BlessingOfTheForge"},{"floor":10,"key":"Ancient Potion"}],"is_trial":false,"path_per_floor":["M","?","?","M","M","E","R","E","T","E","M","E"],"character_chosen":"MARISA","items_purchased":["Juzu Bracelet","GalacticHalo"],"campfire_rested":0,"item_purchase_floors":[0,0],"current_hp_per_floor":[73,48,40,34,34,34,34,29,29,25,20,0,0],"gold":329,"neow_bonus":"","is_daily":false,"chose_seed":false,"campfire_upgraded":1,"win_rate":0.0,"timestamp":1609887963,"path_taken":["M","?","?","M","M","E","R","E","T","E","M","E"],"items_purchased_type":["Relic","Card"],"build_version":"2020-12-22","purchased_purges":0,"victory":false,"max_hp_per_floor":[80,80,80,80,80,80,80,80,80,80,80,80,80],"card_choices":[{"not_picked":["MagicAbsorber","IllusionStar"],"picked":"DoubleSpark","floor":1},{"not_picked":["GasGiant","MilkyWay"],"picked":"NonDirectionalLaser","floor":2},{"not_picked":["UnstableBomb","MilkyWay"],"picked":"PowerUp","floor":4},{"not_picked":["GrandCross","MysteriousBeam"],"picked":"6A","floor":5},{"not_picked":["Acceleration","GravityBeat","Orbital"],"picked":"SKIP","floor":6},{"not_picked":["GrandCross","BlazeAway"],"picked":"EnergyFlow","floor":8},{"not_picked":["MilkyWay","RefractionSpark"],"picked":"EnergyFlow","floor":10},{"not_picked":["Acceleration","BigCrunch"],"picked":"GrandCross","floor":11}],"player_experience":926850,"relics_obtained":[{"floor":2,"key":"ReplayTheSpireMod:Lightbulb"},{"floor":6,"key":"TungstenRod"},{"floor":8,"key":"aspiration:Lifesprig"},{"floor":9,"key":"Akabeko"},{"floor":10,"key":"Ancient Tea Set"}],"event_choices":[{"damage_healed":0,"gold_gain":75,"player_choice":"Touch","damage_taken":8,"max_hp_gain":0,"max_hp_loss":0,"event_name":"FaceTrader","floor":3,"gold_loss":0}],"is_beta":false,"boss_relics":[],"items_purged_floors":[],"is_endless":false,"potions_floor_spawned":[1,4,5,8,10],"killed_by":"HollowMod:MossKnight","ascension_level":1}}