{"host":"mfnyjbfkyfsz33u9","time":1609855300,"event":{"mods":["2.2 Compatiblity","BaseMod","Colored Powertips","Downfall","Marisa£¨Ùöéë¡¡Øª×âÞÞ£©","Minty Spire (QoL Compilation)","Rare Cards Sparkle","Replay The Spire","StSLib","SuperFastMode","The Cursed"],"gold_per_floor":[119,119,137,87,105,130,188,216,216,216,230,230,230,230,230,330,330,342,428,50,50,50,50,62,62,62,62,62,89,105,105,105,205,205,220,234,251,265,265,299,310,310,310,344,344,377,35,35,35,35,35,35],"floor_reached":53,"playtime":1944,"items_purged":[],"score":844,"play_id":"bd162730-1865-4ea4-9c0a-0acbd67c2b13","local_time":"20210105230140","is_ascension_mode":false,"campfire_choices":[{"data":"Survivor","floor":10.0,"key":"SMITH"},{"floor":12.0,"key":"REST"},{"floor":15.0,"key":"DIG"},{"data":"Neutralize","floor":23.0,"key":"SMITH"},{"data":"Noxious Fumes","floor":25,"key":"SMITH"},{"data":"ReplayTheSpireMod:Scrap Shanks","floor":32,"key":"SMITH"},{"data":"Mayhem","floor":49,"key":"SMITH"}],"circlet_count":0,"master_deck":["Strike_G","Strike_G+1","Defend_G+1","Defend_G","Defend_G+1","Defend_G","Survivor+1","Neutralize+1","Noxious Fumes+1","Bane","Endless Agony","Poisoned Stab","Finisher+1","ReplayTheSpireMod:Scrap Shanks+1","Dodge and Roll+1","Looming Evil","Unload","Dagger Throw","Venomology+1","Catalyst+1","Fluid Movement","Shame","PiercingWail+1","ReplayTheSpireMod:Speed Training+1","ReplayTheSpireMod:Shiv Toss+1","Blade Dance+1","Deflect+1","Night Terror+1","Reflex+1","Backflip+1","Hidden Blade+1","Terror+1","Mayhem+1","Flash of Steel+1","Secret Technique+1","Midas Touch+1","Writhe"],"relics":["Ring of the Snake","Replay:Ringing Soul","Pear","Bag of Marbles","Toxic Egg 2","ReplayTheSpireMod:Ring of Challenge","Pantograph","Replay:Bronze Core","Ninja Scroll","Strawberry","PreservedInsect","Blood Vial","Replay:Grab Bag","Busted Crown","Coffee Dripper","WristBlade","Chameleon Ring","Quantum Egg","Anchor","Molten Egg 2","Pet Ghost","ReplayTheSpireMod:ShopPack"],"acts_visited":["Exordium","TheCity","TheBeyond"],"potions_floor_usage":[24,29,29,30,33,35,36,37,38,38,40,44,46,52,52],"damage_taken":[{"damage":1.0,"enemies":"2 Louse","floor":1.0,"turns":4.0},{"damage":0.0,"enemies":"Small Slimes","floor":3.0,"turns":4.0},{"damage":5.0,"enemies":"Jaw Worm","floor":5.0,"turns":4.0},{"damage":28.0,"enemies":"3 Sentries","floor":6.0,"turns":9.0},{"damage":15.0,"enemies":"Lagavulin Event","floor":7.0,"turns":5.0},{"damage":23.0,"enemies":"Lagavulin","floor":8.0,"turns":7.0},{"damage":3.0,"enemies":"Large Slime","floor":11.0,"turns":4.0},{"damage":34.0,"enemies":"The Guardian","floor":16.0,"turns":10.0},{"damage":6.0,"enemies":"Shell Parasite","floor":18.0,"turns":4.0},{"damage":0,"enemies":"Chosen","floor":24,"turns":1},{"damage":24,"enemies":"Gremlin Leader","floor":29,"turns":6},{"damage":29,"enemies":"Snecko","floor":30,"turns":7},{"damage":69,"enemies":"Automaton","floor":33,"turns":12},{"damage":33,"enemies":"3 Darklings","floor":35,"turns":6},{"damage":7,"enemies":"3 Shapes","floor":36,"turns":7},{"damage":26,"enemies":"Jaw Worm Horde","floor":37,"turns":4},{"damage":26,"enemies":"4 Shapes","floor":38,"turns":7},{"damage":35,"enemies":"Nemesis","floor":40,"turns":7},{"damage":43,"enemies":"Writhing Mass","floor":41,"turns":7},{"damage":0,"enemies":"Reptomancer","floor":44,"turns":2},{"damage":19,"enemies":"R_Hoarder","floor":46,"turns":6},{"damage":18,"enemies":"Replay:Hell Engine","floor":52,"turns":8}],"seed_played":"7058843472355608228","potions_obtained":[{"floor":1.0,"key":"Ancient Potion"},{"floor":6.0,"key":"SteroidPotion"},{"floor":11.0,"key":"Strength Potion"},{"floor":16.0,"key":"SteroidPotion"},{"floor":24,"key":"AttackPotion"},{"floor":29,"key":"FairyPotion"},{"floor":35,"key":"ColorlessPotion"},{"floor":36,"key":"Elixir"},{"floor":41,"key":"Explosive Potion"}],"is_trial":false,"path_per_floor":["M","?","M","?","M","E","?","E","T","R","M","R","?","?","R","B",null,"M","?","$","?","$","R","M","R","T","$","?","E","M","?","R","B",null,"M","M","M","M","?","E","M","PTL","PTL","E","T","E","$","?","R","?","R","B",null],"character_chosen":"THE_SILENT","items_purchased":["Ninja Scroll","Catalyst+1","Fluid Movement","Pet Ghost","ReplayTheSpireMod:ShopPack","Terror+1"],"campfire_rested":1,"item_purchase_floors":[20,20,20,47,47,47],"current_hp_per_floor":[74,74,74,74,69,44,42,22,22,22,22,51,54,34,34,28,103,100,77,80,90,90,90,93,93,93,93,96,75,51,134,134,68,137,104,99,75,54,54,24,62,62,62,67,67,50,53,56,56,97,143,137],"gold":35,"neow_bonus":"RANDOM_EVENT","is_daily":false,"chose_seed":false,"campfire_upgraded":5,"win_rate":0.0,"timestamp":1609855300,"path_taken":["M","?","M","?","M","E","?","E","T","R","M","R","?","?","R","BOSS","M","?","$","?","$","R","M","R","T","?","?","E","M","?","R","BOSS","M","?","?","M","?","E","M","PTL","PTL","E","T","E","$","?","R","?","R","BOSS"],"items_purchased_type":["Relic","Card","Card","Relic","Relic","Card"],"build_version":"2020-12-22","purchased_purges":0,"victory":true,"max_hp_per_floor":[75,75,75,75,75,78,91,94,94,94,97,97,100,100,100,103,103,106,109,112,122,122,122,125,125,125,125,128,131,134,134,134,137,137,137,137,137,140,140,143,143,143,143,146,146,146,149,152,152,155,155,155],"card_choices":[{"not_picked":["ReplayTheSpireMod:Exploit Weakness","Backstab"],"picked":"Noxious Fumes","floor":1.0},{"not_picked":["All Out Attack","Slice"],"picked":"Bane","floor":3.0},{"not_picked":["Deflect","Prepared"],"picked":"Endless Agony","floor":5.0},{"not_picked":["Dagger Spray","Skewer"],"picked":"Poisoned Stab","floor":6.0},{"not_picked":["Outmaneuver","Blade Dance"],"picked":"Finisher","floor":7.0},{"not_picked":["Outmaneuver","ReplayTheSpireMod:Tripwire"],"picked":"ReplayTheSpireMod:Scrap Shanks","floor":8.0},{"not_picked":["Bane","Blade Dance+1"],"picked":"Dodge and Roll+1","floor":11.0},{"not_picked":["A Thousand Cuts","Glass Knife"],"picked":"Unload","floor":16.0},{"not_picked":["Blade Dance+1","Flying Knee"],"picked":"Dagger Throw","floor":18.0},{"not_picked":["Dodge and Roll+1","Bane"],"picked":"Venomology+1","floor":19.0},{"not_picked":["Endless Agony","Caltrops"],"picked":"PiercingWail+1","floor":24},{"not_picked":["Flechettes","Acrobatics+1"],"picked":"Blade Dance+1","floor":29},{"not_picked":["Deflect+1","Dagger Throw","Skewer"],"picked":"SKIP","floor":30},{"not_picked":["Dagger Throw","Skewer"],"picked":"Deflect+1","floor":30},{"not_picked":["Phantasmal Killer+1","Bullet Time+1"],"picked":"Night Terror+1","floor":33},{"not_picked":["ReplayTheSpireMod:Tripwire+1"],"picked":"SKIP","floor":35},{"not_picked":["PiercingWail+1"],"picked":"SKIP","floor":36},{"not_picked":["Flying Knee+1"],"picked":"SKIP","floor":37},{"not_picked":[],"picked":"Reflex+1","floor":38},{"not_picked":[],"picked":"Backflip+1","floor":40},{"not_picked":["Noxious Fumes"],"picked":"SKIP","floor":41},{"not_picked":[],"picked":"Hidden Blade+1","floor":44},{"not_picked":["Replay:Poison Smokescreen+1"],"picked":"SKIP","floor":46},{"not_picked":[],"picked":"Mayhem","floor":47},{"not_picked":[],"picked":"Flash of Steel","floor":47},{"not_picked":[],"picked":"Secret Technique","floor":47},{"not_picked":[],"picked":"Midas Touch+1","floor":48}],"player_experience":8840,"relics_obtained":[{"floor":6.0,"key":"Replay:Ringing Soul"},{"floor":7.0,"key":"Pear"},{"floor":8.0,"key":"Bag of Marbles"},{"floor":9.0,"key":"Toxic Egg 2"},{"floor":13.0,"key":"ReplayTheSpireMod:Ring of Challenge"},{"floor":15.0,"key":"Pantograph"},{"floor":26,"key":"PreservedInsect"},{"floor":29,"key":"Blood Vial"},{"floor":40,"key":"Chameleon Ring"},{"floor":44,"key":"Quantum Egg"},{"floor":45,"key":"Anchor"},{"floor":46,"key":"Molten Egg 2"}],"event_choices":[{"damage_healed":0.0,"max_hp_gain":5.0,"max_hp_loss":0.0,"gold_gain":0.0,"event_name":"Big Fish","player_choice":"Donut","floor":0.0,"gold_loss":0.0,"damage_taken":0.0},{"cards_removed":["Strike_G"],"damage_healed":0.0,"max_hp_gain":0.0,"max_hp_loss":0.0,"gold_gain":0.0,"event_name":"The Cleric","player_choice":"Card Removal","floor":4.0,"gold_loss":50.0,"damage_taken":0.0},{"damage_healed":0.0,"max_hp_gain":0.0,"max_hp_loss":0.0,"gold_gain":0.0,"event_name":"Dead Adventurer","player_choice":"Searched \u00271\u0027 times","floor":7.0,"gold_loss":0.0,"damage_taken":0.0},{"damage_healed":0.0,"max_hp_gain":0.0,"max_hp_loss":0.0,"gold_gain":0.0,"event_name":"Shining Light","player_choice":"Entered Light","floor":14.0,"gold_loss":0.0,"damage_taken":20.0,"cards_upgraded":["Strike_G","Defend_G"]},{"damage_healed":0.0,"max_hp_gain":0.0,"max_hp_loss":0.0,"gold_gain":0.0,"event_name":"Addict","player_choice":"Stole Relic","floor":21.0,"gold_loss":0.0,"damage_taken":0.0,"relics_obtained":["Strawberry"],"cards_obtained":["Shame"]},{"damage_healed":0,"gold_gain":0,"cards_transformed":["Strike_G","Strike_G"],"player_choice":"Became Test Subject","damage_taken":0,"max_hp_gain":0,"max_hp_loss":0,"event_name":"Drug Dealer","floor":28,"gold_loss":0,"cards_obtained":["ReplayTheSpireMod:Speed Training","ReplayTheSpireMod:Shiv Toss"]},{"damage_healed":83,"gold_gain":0,"player_choice":"Full Heal","damage_taken":0,"max_hp_gain":0,"max_hp_loss":0,"event_name":"Wheel of Change","floor":31,"gold_loss":0},{"cards_removed":["Defend_G"],"damage_healed":0,"gold_gain":0,"player_choice":"Removed Skill","damage_taken":0,"max_hp_gain":0,"max_hp_loss":0,"event_name":"Falling","floor":39,"gold_loss":0},{"damage_healed":0,"gold_gain":0,"player_choice":"Memory 1","damage_taken":0,"max_hp_gain":0,"max_hp_loss":0,"event_name":"SensoryStone","floor":48,"gold_loss":0},{"damage_healed":38,"gold_gain":0,"player_choice":"Writhe","damage_taken":0,"max_hp_gain":0,"max_hp_loss":0,"event_name":"Winding Halls","floor":50,"gold_loss":0,"cards_obtained":["Writhe"]}],"is_beta":false,"boss_relics":[{"not_picked":["Snecko Eye","Ectoplasm"],"picked":"Replay:Bronze Core"},{"not_picked":["Velvet Choker","SlaversCollar"],"picked":"Replay:Grab Bag"},{"not_picked":["Philosopher\u0027s Stone","Sozu"],"picked":"Busted Crown"},{"not_picked":["ReplayTheSpireMod:Onyx Gauntlets","Painkiller Herb"],"picked":"Coffee Dripper"},{"not_picked":["Empty Cage","SacredBark"],"picked":"WristBlade"}],"items_purged_floors":[],"is_endless":false,"potions_floor_spawned":[1,6,11,16,24,29,35,36,41],"ascension_level":0}}