{"host":"FirstDane","time":1609808381,"event":{"mods":["BaseMod","Bestiary","Highlight Path","Minty Spire (QoL Compilation)","Relic Stats","Slay the Relics Exporter"],"gold_per_floor":[15,31,51,21,21,21,37,68,93,93,105,130,130,130,130],"floor_reached":14,"playtime":2358,"items_purged":[],"score":229,"play_id":"8920ef3a-06d7-4db1-a33e-9491c0da014e","local_time":"20210104185941","is_ascension_mode":true,"campfire_choices":[{"data":"Whirlwind","floor":6,"key":"SMITH"},{"data":"Feed","floor":10,"key":"SMITH"}],"circlet_count":0,"master_deck":["AscendersBane","Strike_R","Strike_R","Strike_R","Strike_R","Strike_R","Defend_R+1","Defend_R","Defend_R","Defend_R","Bash+1","Feed+1","Shockwave","Whirlwind+1","Flame Barrier","Feed+1","Battle Trance+1","True Grit"],"relics":["Burning Blood","Bag of Preparation","Dream Catcher","War Paint"],"acts_visited":["Exordium"],"potions_floor_usage":[4,14],"damage_taken":[{"damage":1,"enemies":"Cultist","floor":1,"turns":3},{"damage":7,"enemies":"Jaw Worm","floor":2,"turns":3},{"damage":4,"enemies":"2 Louse","floor":3,"turns":4},{"damage":12,"enemies":"Exordium Thugs","floor":4,"turns":4},{"damage":6,"enemies":"Exordium Wildlife","floor":7,"turns":3},{"damage":29,"enemies":"Gremlin Nob","floor":8,"turns":4},{"damage":3,"enemies":"Looter","floor":11,"turns":4},{"damage":20,"enemies":"3 Sentries","floor":12,"turns":3},{"damage":49,"enemies":"Lagavulin","floor":14,"turns":11}],"seed_played":"7459174046302677571","potions_obtained":[{"floor":1,"key":"DistilledChaos"},{"floor":2,"key":"BloodPotion"}],"is_trial":false,"path_per_floor":["M","M","M","M","?","R","M","E","T","R","M","E","?","E"],"character_chosen":"IRONCLAD","items_purchased":[],"campfire_rested":0,"item_purchase_floors":[],"current_hp_per_floor":[76,78,83,77,52,52,56,37,37,37,44,38,27,0,0],"gold":130,"neow_bonus":"THREE_RARE_CARDS","is_daily":false,"chose_seed":false,"campfire_upgraded":2,"win_rate":0.0,"timestamp":1609808381,"path_taken":["M","?","M","M","?","R","M","E","T","R","M","E","?","E"],"items_purchased_type":[],"build_version":"2020-12-18","purchased_purges":0,"victory":false,"max_hp_per_floor":[78,81,84,84,84,84,88,92,92,92,96,104,104,104,104],"relic_stats":{"Dream Catcher":0,"counters":[9,39],"Bag of Preparation":[6],"War Paint":["Defend_R","Battle Trance"],"obtain_stats":[{"Dream Catcher":9,"Bag of Preparation":8,"War Paint":12,"Burning Blood":0},{"Dream Catcher":6,"Bag of Preparation":6,"War Paint":8,"Burning Blood":0},{"Dream Catcher":21,"Bag of Preparation":21,"War Paint":28,"Burning Blood":0}],"Burning Blood":48},"card_choices":[{"not_picked":["Juggernaut","Demon Form"],"picked":"Feed","floor":0},{"not_picked":["Twin Strike","True Grit"],"picked":"Shockwave","floor":1},{"not_picked":["Metallicize","Wild Strike"],"picked":"Whirlwind","floor":2},{"not_picked":["Rupture","Iron Wave","Clash"],"picked":"SKIP","floor":3},{"not_picked":["Infernal Blade","Burning Pact","Warcry"],"picked":"SKIP","floor":4},{"not_picked":["Clash","Seeing Red"],"picked":"Flame Barrier","floor":7},{"not_picked":["Burning Pact","Headbutt"],"picked":"Feed","floor":8},{"not_picked":["Havoc","Rampage"],"picked":"Battle Trance","floor":11},{"not_picked":["Twin Strike","Flex"],"picked":"True Grit","floor":12}],"player_experience":3841100,"relics_obtained":[{"floor":8,"key":"Bag of Preparation"},{"floor":9,"key":"Dream Catcher"},{"floor":12,"key":"War Paint"}],"event_choices":[{"damage_healed":0,"gold_gain":0,"player_choice":"Entered Light","damage_taken":25,"max_hp_gain":0,"max_hp_loss":0,"event_name":"Shining Light","floor":5,"gold_loss":0,"cards_upgraded":["Feed","Bash"]},{"damage_healed":0,"gold_gain":0,"player_choice":"Fled","damage_taken":11,"max_hp_gain":0,"max_hp_loss":0,"event_name":"Scrap Ooze","floor":13,"gold_loss":0}],"is_beta":true,"boss_relics":[],"items_purged_floors":[],"is_endless":false,"potions_floor_spawned":[1,2],"killed_by":"Lagavulin","ascension_level":20}}