{"host":"y1gy3vaohdji07z5","time":1609870310,"event":{"mods":["AchievementEnabler","BaseMod","Colored Map","Colored Powertips","Hermit","Minty Spire (QoL Compilation)","Random Character Button","Rare Cards Sparkle","StSLib"],"gold_per_floor":[119,44,44,59,75,75,75,75,152,172,202,202,50,50,50,50,50],"floor_reached":16,"playtime":459,"items_purged":["Normality"],"score":101,"play_id":"f6bb2bfd-32d2-48c4-8866-17585b061a0a","local_time":"20210105191150","is_ascension_mode":true,"campfire_choices":[{"data":"Defend_P","floor":6,"key":"SMITH"},{"floor":8,"key":"REST"},{"data":"Defend_P","floor":12,"key":"SMITH"},{"data":"Defend_P","floor":15,"key":"SMITH"}],"circlet_count":0,"master_deck":["Strike_P","Strike_P","Strike_P","Strike_P","Defend_P+1","Defend_P+1","Defend_P+1","Defend_P","Eruption","Vigilance+1","PathToVictory+1"],"relics":["PureWater","StoneCalendar","Golden Idol","Matryoshka","Du-Vu Doll","Oddly Smooth Stone"],"acts_visited":["Exordium"],"potions_floor_usage":[16,16],"damage_taken":[{"damage":23,"enemies":"Jaw Worm","floor":1,"turns":7},{"damage":0,"enemies":"2 Louse","floor":4,"turns":4},{"damage":4,"enemies":"Small Slimes","floor":5,"turns":3},{"damage":6,"enemies":"Looter","floor":10,"turns":3},{"damage":43,"enemies":"Slime Boss","floor":16,"turns":3}],"seed_played":"-6882740269452824975","potions_obtained":[{"floor":1,"key":"LiquidMemories"},{"floor":10,"key":"Block Potion"}],"is_trial":false,"path_per_floor":["M","$","?","M","M","R","?","R","T","M","?","R","$","$","R","B"],"character_chosen":"WATCHER","items_purchased":["Oddly Smooth Stone"],"campfire_rested":1,"item_purchase_floors":[13],"current_hp_per_floor":[49,49,35,35,31,31,13,34,34,28,28,28,28,28,28,0,0],"gold":50,"neow_bonus":"ONE_RARE_RELIC","is_daily":false,"chose_seed":false,"campfire_upgraded":3,"win_rate":0.0,"timestamp":1609870310,"path_taken":["M","$","?","M","M","R","?","R","T","M","?","R","?","$","R","BOSS"],"items_purchased_type":["Relic"],"build_version":"2020-12-22","purchased_purges":1,"victory":false,"max_hp_per_floor":[72,72,72,72,72,72,72,72,72,72,72,72,72,72,72,72,72],"card_choices":[{"not_picked":["CrushJoints","ClearTheMind"],"picked":"PathToVictory","floor":1},{"not_picked":["FollowUp","Collect","ClearTheMind"],"picked":"SKIP","floor":4},{"not_picked":["Consecrate","ThirdEye","Crescendo"],"picked":"SKIP","floor":5},{"not_picked":["Prostrate","JustLucky","WindmillStrike"],"picked":"SKIP","floor":10}],"player_experience":394087,"relics_obtained":[{"floor":9,"key":"Matryoshka"}],"event_choices":[{"damage_healed":0,"gold_gain":0,"player_choice":"Entered Light","damage_taken":14,"max_hp_gain":0,"max_hp_loss":0,"event_name":"Shining Light","floor":3,"gold_loss":0,"cards_upgraded":["PathToVictory","Vigilance"]},{"damage_healed":0,"gold_gain":0,"player_choice":"Take Damage","damage_taken":18,"relics_obtained":["Golden Idol"],"max_hp_gain":0,"max_hp_loss":0,"event_name":"Golden Idol","floor":7,"gold_loss":0},{"damage_healed":0,"gold_gain":30,"player_choice":"Searched \u00272\u0027 times","damage_taken":0,"relics_obtained":["Du-Vu Doll"],"max_hp_gain":0,"max_hp_loss":0,"event_name":"Dead Adventurer","floor":11,"gold_loss":0}],"is_beta":false,"boss_relics":[],"items_purged_floors":[2],"is_endless":false,"potions_floor_spawned":[1,10],"killed_by":"Slime Boss","ascension_level":3}}