{"host":"dhyczjm99amxd3qx","time":1609815980,"event":{"mods":["BaseMod","Colored Map","Googly Eyes","Highlight Path","Minty Spire (QoL Compilation)","Quick Restart","StSLib"],"gold_per_floor":[118,118,43,58,133,158,158,233,256,266,293,293,308,342,342,444,444,459,474,122,132,143,171,196,208,220,232,232],"floor_reached":27,"playtime":1725,"items_purged":["Regret","Strike_B"],"score":348,"play_id":"1ccc78e4-b47a-446e-9158-5c8e924711fc","local_time":"20210104220620","is_ascension_mode":true,"campfire_choices":[{"data":"Zap","floor":7.0,"key":"SMITH"},{"data":"Redo","floor":12,"key":"SMITH"},{"floor":15,"key":"REST"},{"floor":25,"key":"REST"}],"circlet_count":0,"master_deck":["Strike_B","Strike_B","Strike_B","Defend_B","Defend_B","Defend_B","Defend_B","Zap+1","Dualcast","Chaos","Redo+1","Capacitor","Conserve Battery","Ball Lightning","Ball Lightning","Compile Driver","Rainbow","Cold Snap","Coolheaded+1","Conserve Battery+1","Glacier","Fusion","Steam Power+1","Cold Snap","Chill+1"],"relics":["Cracked Core","NeowsBlessing","Strawberry","MealTicket","DataDisk","Prayer Wheel","Blue Candle","Black Star","Pantograph","Toxic Egg 2","MawBank","Nunchaku"],"acts_visited":["Exordium","TheCity"],"potions_floor_usage":[11,14,21,22,23,24],"damage_taken":[{"damage":0.0,"enemies":"Cultist","floor":1.0,"turns":1.0},{"damage":0.0,"enemies":"Jaw Worm","floor":4.0,"turns":1.0},{"damage":0.0,"enemies":"Gremlin Nob","floor":6.0,"turns":1.0},{"damage":5,"enemies":"2 Louse","floor":10,"turns":2},{"damage":20,"enemies":"3 Sentries","floor":11,"turns":5},{"damage":8,"enemies":"2 Fungi Beasts","floor":13,"turns":3},{"damage":23,"enemies":"Lagavulin","floor":14,"turns":4},{"damage":16,"enemies":"Hexaghost","floor":16,"turns":8},{"damage":14,"enemies":"Spheric Guardian","floor":18,"turns":4},{"damage":4,"enemies":"Chosen","floor":19,"turns":4},{"damage":19,"enemies":"Centurion and Healer","floor":21,"turns":10},{"damage":14,"enemies":"Sentry and Sphere","floor":22,"turns":6},{"damage":40,"enemies":"Gremlin Leader","floor":23,"turns":10},{"damage":6,"enemies":"Cultist and Chosen","floor":24,"turns":6},{"damage":37,"enemies":"Slavers","floor":27,"turns":6}],"seed_played":"8845737658156795240","potions_obtained":[{"floor":1.0,"key":"FocusPotion"},{"floor":6.0,"key":"FocusPotion"},{"floor":16,"key":"Regen Potion"},{"floor":18,"key":"Swift Potion"},{"floor":21,"key":"Regen Potion"},{"floor":23,"key":"AttackPotion"}],"is_trial":false,"path_per_floor":["M","?","$","M","?","E","R","?","T","M","E","R","M","E","R","B",null,"M","M","$","M","M","E","M","R","T","E"],"character_chosen":"DEFECT","items_purchased":["Pantograph"],"campfire_rested":2,"item_purchase_floors":[20],"current_hp_per_floor":[75,82,82,82,71,71,71,63,63,58,38,38,30,7,31,15,65,51,47,62,58,59,19,13,37,37,0,0],"gold":232,"neow_bonus":"THREE_ENEMY_KILL","is_daily":false,"chose_seed":false,"campfire_upgraded":2,"win_rate":0.0,"timestamp":1609815980,"path_taken":["M","?","?","?","?","E","R","?","T","M","E","R","M","E","R","BOSS","M","M","$","M","M","E","M","R","T","E"],"items_purchased_type":["Relic"],"build_version":"2020-12-22","purchased_purges":2,"victory":false,"max_hp_per_floor":[75,82,82,82,82,82,82,82,82,82,82,82,82,82,82,82,82,82,82,82,82,82,82,82,82,82,82,82],"card_choices":[{"not_picked":["Reinforced Body","Fusion"],"picked":"Chaos","floor":1.0},{"not_picked":["Beam Cell","Stack"],"picked":"Redo","floor":4.0},{"not_picked":["Conserve Battery","Redo"],"picked":"Capacitor","floor":6.0},{"not_picked":["Leap","Coolheaded"],"picked":"Conserve Battery","floor":10},{"not_picked":["Capacitor","Creative AI"],"picked":"Ball Lightning","floor":11},{"not_picked":["Rebound","Go for the Eyes"],"picked":"Ball Lightning","floor":13},{"not_picked":["Force Field","Streamline","Skim"],"picked":"SKIP","floor":13},{"not_picked":["Ball Lightning","Rebound"],"picked":"Compile Driver","floor":14},{"not_picked":["Machine Learning","Hyperbeam"],"picked":"Rainbow","floor":16},{"not_picked":["Coolheaded","Static Discharge"],"picked":"Cold Snap","floor":18},{"not_picked":["Lockon","Gash"],"picked":"Coolheaded+1","floor":18},{"not_picked":["Turbo","Gash"],"picked":"Conserve Battery+1","floor":19},{"not_picked":["Heatsinks","Reprogram","Sweeping Beam"],"picked":"SKIP","floor":19},{"not_picked":["Turbo","Stack+1"],"picked":"Glacier","floor":21},{"not_picked":["Conserve Battery+1","Steam Power+1","Skim+1"],"picked":"SKIP","floor":21},{"not_picked":["Aggregate+1","BootSequence"],"picked":"Fusion","floor":22},{"not_picked":["Go for the Eyes","Storm"],"picked":"Steam Power+1","floor":22},{"not_picked":["Hologram+1","Reinforced Body+1","Lockon"],"picked":"SKIP","floor":23},{"not_picked":["Thunder Strike","Ball Lightning+1"],"picked":"Cold Snap","floor":24},{"not_picked":["Streamline","Genetic Algorithm+1"],"picked":"Chill+1","floor":24}],"player_experience":319929,"relics_obtained":[{"floor":6.0,"key":"MealTicket"},{"floor":9,"key":"DataDisk"},{"floor":11,"key":"Prayer Wheel"},{"floor":14,"key":"Blue Candle"},{"floor":23,"key":"Toxic Egg 2"},{"floor":23,"key":"MawBank"},{"floor":26,"key":"Nunchaku"}],"event_choices":[{"damage_healed":0.0,"max_hp_gain":0.0,"max_hp_loss":0.0,"gold_gain":0.0,"event_name":"Big Fish","player_choice":"Box","floor":2.0,"gold_loss":0.0,"damage_taken":0.0,"relics_obtained":["Strawberry"],"cards_obtained":["Regret"]},{"damage_healed":0.0,"max_hp_gain":0.0,"max_hp_loss":0.0,"gold_gain":75.0,"event_name":"World of Goop","player_choice":"Gather Gold","floor":5.0,"gold_loss":0.0,"damage_taken":11.0},{"damage_healed":0,"gold_gain":75,"player_choice":"Touch","damage_taken":8,"max_hp_gain":0,"max_hp_loss":0,"event_name":"FaceTrader","floor":8,"gold_loss":0}],"is_beta":false,"boss_relics":[{"not_picked":["Snecko Eye","Busted Crown"],"picked":"Black Star"}],"items_purged_floors":[3,20],"is_endless":false,"potions_floor_spawned":[1,6,16,18,21,23],"killed_by":"Slavers","ascension_level":5}}