{"host":"840yoaz69lavfcgt","time":1609839308,"event":{"mods":["BaseMod","Colored Powertips","DeckTracker","Highlight Path","Minty Spire (QoL Compilation)","Synergy Search"],"gold_per_floor":[117,292,292,292,312,356,356,389,389,405,405,28,47,66,66,194,194,213,234,234,253,60,94,94,94,172,190,190,26,53,53,53,174,174,195,195,219,17,80,116,20,20,20,56,114,126,158,190,202,214,214],"floor_reached":50,"playtime":4087,"items_purged":[],"score":626,"play_id":"7990eb30-9adb-403d-920e-fdf4a325b695","local_time":"20210105043508","is_ascension_mode":false,"campfire_choices":[{"data":"Zap","floor":7.0,"key":"SMITH"},{"floor":11.0,"key":"REST"},{"data":"Creative AI","floor":15.0,"key":"SMITH"},{"data":"Streamline","floor":28.0,"key":"SMITH"},{"data":"RitualDagger","floor":32.0,"key":"SMITH"},{"data":"Ball Lightning","floor":46.0,"key":"SMITH"},{"data":"Thunder Strike","floor":49,"key":"SMITH"}],"circlet_count":0,"master_deck":["Strike_B","Strike_B","Strike_B","Strike_B","Defend_B","Defend_B","Defend_B","Defend_B","Zap+1","Dualcast","Ball Lightning+1","Sweeping Beam","Beam Cell","Self Repair","Steam","Go for the Eyes","Creative AI+1","Self Repair","Multi-Cast","Conserve Battery","Darkness+1","Turbo+1","Leap","Good Instincts","Capacitor","Multi-Cast","Necronomicurse","Streamline+1","Sunder","Trip","RitualDagger+1","Fission","Gash+1","Sunder","Stack","Rip and Tear+1","Thunder Strike+1","Conserve Battery","Sweeping Beam","Barrage+1","Redo+1","Ball Lightning+1"],"relics":["Cracked Core","NeowsBlessing","Golden Idol","Pantograph","Dead Branch","White Beast Statue","PreservedInsect","Orichalcum","Nuclear Battery","Eternal Feather","Necronomicon","Kunai","Regal Pillow","SacredBark","Centennial Puzzle","Toolbox","Ginger","Thread and Needle","Bottled Flame","MawBank","Oddly Smooth Stone"],"acts_visited":["Exordium","TheCity","TheBeyond"],"potions_floor_usage":[48,50,50,50],"damage_taken":[{"damage":0.0,"enemies":"2 Louse","floor":1.0,"turns":1.0},{"damage":0.0,"enemies":"Small Slimes","floor":5.0,"turns":1.0},{"damage":0.0,"enemies":"Gremlin Nob","floor":6.0,"turns":1.0},{"damage":26.0,"enemies":"3 Sentries","floor":8.0,"turns":6.0},{"damage":1.0,"enemies":"Cultist","floor":10.0,"turns":3.0},{"damage":7.0,"enemies":"3 Louse","floor":13.0,"turns":3.0},{"damage":12.0,"enemies":"Exordium Thugs","floor":14.0,"turns":4.0},{"damage":41.0,"enemies":"The Guardian","floor":16.0,"turns":10.0},{"damage":16.0,"enemies":"Shell Parasite","floor":18.0,"turns":7.0},{"damage":18.0,"enemies":"2 Thieves","floor":19.0,"turns":4.0},{"damage":31.0,"enemies":"Centurion and Healer","floor":21.0,"turns":9.0},{"damage":18.0,"enemies":"Book of Stabbing","floor":23.0,"turns":5.0},{"damage":8.0,"enemies":"Snecko","floor":27.0,"turns":5.0},{"damage":46.0,"enemies":"Automaton","floor":33.0,"turns":8.0},{"damage":15.0,"enemies":"3 Darklings","floor":35.0,"turns":5.0},{"damage":21.0,"enemies":"Orb Walker","floor":37.0,"turns":4.0},{"damage":36.0,"enemies":"Mind Bloom Boss Battle","floor":39.0,"turns":6.0},{"damage":83.0,"enemies":"Nemesis","floor":40.0,"turns":9.0},{"damage":8.0,"enemies":"Giant Head","floor":44.0,"turns":6.0},{"damage":7.0,"enemies":"3 Darklings","floor":47.0,"turns":6.0},{"damage":24,"enemies":"Jaw Worm Horde","floor":48,"turns":4},{"damage":70,"enemies":"Time Eater","floor":50,"turns":7}],"seed_played":"-1852341915671099332","potions_obtained":[{"floor":5.0,"key":"FearPotion"},{"floor":10.0,"key":"Energy Potion"},{"floor":13.0,"key":"Ancient Potion"},{"floor":14.0,"key":"FearPotion"},{"floor":16.0,"key":"Fire Potion"},{"floor":18.0,"key":"Fire Potion"},{"floor":19.0,"key":"DuplicationPotion"},{"floor":21.0,"key":"LiquidMemories"},{"floor":23.0,"key":"EntropicBrew"},{"floor":27.0,"key":"EssenceOfDarkness"},{"floor":33.0,"key":"AttackPotion"},{"floor":35.0,"key":"Swift Potion"},{"floor":37.0,"key":"Regen Potion"},{"floor":39.0,"key":"EssenceOfSteel"},{"floor":40.0,"key":"GamblersBrew"},{"floor":44.0,"key":"Weak Potion"},{"floor":47.0,"key":"FocusPotion"},{"floor":48,"key":"Energy Potion"}],"is_trial":false,"path_per_floor":["M","?","?","?","M","E","R","E","T","M","R","$","M","M","R","B",null,"M","M","?","M","$","E","?","?","T","M","R","$","T","?","R","B",null,"M","?","M","$","?","E","$","?","T","E","T","R","M","M","R","B"],"character_chosen":"DEFECT","items_purchased":["PreservedInsect","Orichalcum","Steam","Go for the Eyes","Leap","Good Instincts","Capacitor","Sunder","Trip","Toolbox","Stack","Conserve Battery","Sweeping Beam"],"campfire_rested":1,"item_purchase_floors":[12,12,12,12,22,22,22,29,29,38,38,41,41],"current_hp_per_floor":[75,75,75,75,75,75,75,49,49,48,70,70,70,58,58,48,75,73,69,69,52,52,55,39,39,39,31,46,46,46,40,58,36,75,67,67,53,53,39,19,19,66,66,65,65,66,66,42,66,0,0],"gold":214,"neow_bonus":"THREE_ENEMY_KILL","is_daily":false,"chose_seed":false,"campfire_upgraded":6,"win_rate":0.0,"timestamp":1609839308,"path_taken":["M","?","?","?","M","E","R","E","T","M","R","?","M","M","R","BOSS","M","M","?","M","?","E","?","?","T","?","R","$","?","?","R","BOSS","M","?","?","$","?","E","?","?","T","E","?","R","M","M","R","BOSS"],"items_purchased_type":["Relic","Relic","Card","Card","Card","Card","Card","Card","Card","Relic","Card","Card","Card"],"build_version":"2020-12-22","purchased_purges":0,"victory":false,"max_hp_per_floor":[75,75,75,75,75,75,75,75,75,75,75,75,75,75,75,75,75,75,75,75,75,75,75,75,75,75,75,75,75,75,75,75,75,75,75,75,75,75,75,75,75,66,66,66,66,66,66,66,66,66,66],"card_choices":[{"not_picked":["Compile Driver","Steam"],"picked":"Ball Lightning","floor":1.0},{"not_picked":["Beam Cell","Chaos"],"picked":"Sweeping Beam","floor":5.0},{"not_picked":["Blizzard","Coolheaded","Steam Power"],"picked":"SKIP","floor":6.0},{"not_picked":["Steam Power","Go for the Eyes"],"picked":"Beam Cell","floor":8.0},{"not_picked":["Hologram","Compile Driver"],"picked":"Self Repair","floor":10.0},{"not_picked":["Stack","Glacier"],"picked":"Creative AI","floor":13.0},{"not_picked":["Storm","Static Discharge"],"picked":"Self Repair","floor":14.0},{"not_picked":["Seek","Hyperbeam"],"picked":"Multi-Cast","floor":16.0},{"not_picked":["Skim+1","Sweeping Beam"],"picked":"Conserve Battery","floor":18.0},{"not_picked":["Melter","Compile Driver"],"picked":"Darkness+1","floor":19.0},{"not_picked":["Sweeping Beam","Capacitor"],"picked":"Turbo+1","floor":21.0},{"not_picked":["Recycle","Undo"],"picked":"Multi-Cast","floor":23.0},{"not_picked":["Consume","Storm"],"picked":"Streamline","floor":27.0},{"not_picked":["Amplify","Rainbow"],"picked":"Fission","floor":33.0},{"not_picked":["Barrage","Recycle+1"],"picked":"Gash+1","floor":35.0},{"not_picked":["Cold Snap","Steam+1"],"picked":"Sunder","floor":37.0},{"not_picked":["Tempest","Undo"],"picked":"Rip and Tear+1","floor":39.0},{"not_picked":["Machine Learning","Hyperbeam"],"picked":"Thunder Strike","floor":40.0},{"not_picked":["Hologram","Ball Lightning"],"picked":"Barrage+1","floor":44.0},{"not_picked":["Loop","Fusion"],"picked":"Redo+1","floor":47.0},{"not_picked":["Steam","Go for the Eyes"],"picked":"Ball Lightning+1","floor":48}],"player_experience":151295,"relics_obtained":[{"floor":6.0,"key":"Pantograph"},{"floor":8.0,"key":"Dead Branch"},{"floor":9.0,"key":"White Beast Statue"},{"floor":23.0,"key":"Eternal Feather"},{"floor":24.0,"key":"Necronomicon"},{"floor":26.0,"key":"Kunai"},{"floor":30.0,"key":"Regal Pillow"},{"floor":39.0,"key":"Ginger"},{"floor":40.0,"key":"Thread and Needle"},{"floor":43.0,"key":"Bottled Flame"},{"floor":44.0,"key":"MawBank"},{"floor":45.0,"key":"Oddly Smooth Stone"}],"event_choices":[{"damage_healed":0.0,"max_hp_gain":0.0,"max_hp_loss":0.0,"gold_gain":175.0,"event_name":"Liars Game","player_choice":"AGREE","floor":2.0,"gold_loss":0.0,"damage_taken":0.0,"cards_obtained":["Doubt"]},{"cards_removed":["Doubt"],"damage_healed":0.0,"max_hp_gain":0.0,"max_hp_loss":0.0,"gold_gain":0.0,"event_name":"Living Wall","player_choice":"Forget","floor":3.0,"gold_loss":0.0,"damage_taken":0.0},{"damage_healed":0.0,"max_hp_gain":0.0,"max_hp_loss":0.0,"gold_gain":0.0,"event_name":"Golden Idol","player_choice":"Take Wound","floor":4.0,"gold_loss":0.0,"damage_taken":0.0,"relics_obtained":["Golden Idol"],"cards_obtained":["Injury"]},{"cards_removed":["Injury"],"damage_healed":0.0,"max_hp_gain":0.0,"max_hp_loss":0.0,"gold_gain":0.0,"event_name":"Fountain of Cleansing","player_choice":"Removed Curses","floor":20.0,"gold_loss":0.0,"damage_taken":0.0},{"damage_healed":0.0,"max_hp_gain":0.0,"max_hp_loss":0.0,"gold_gain":0.0,"event_name":"Cursed Tome","player_choice":"Obtained Book","floor":24.0,"gold_loss":0.0,"damage_taken":16.0},{"damage_healed":0.0,"max_hp_gain":0.0,"max_hp_loss":0.0,"gold_gain":0.0,"event_name":"Ghosts","player_choice":"Ignored","floor":25.0,"gold_loss":0.0,"damage_taken":0.0},{"damage_healed":0.0,"max_hp_gain":0.0,"max_hp_loss":0.0,"gold_gain":0.0,"event_name":"Nest","player_choice":"Joined the Cult","floor":31.0,"gold_loss":0.0,"damage_taken":6.0,"cards_obtained":["RitualDagger"]},{"damage_healed":0.0,"max_hp_gain":0.0,"max_hp_loss":0.0,"gold_gain":0.0,"event_name":"WeMeetAgain","player_choice":"Gave Potion","floor":36.0,"gold_loss":0.0,"damage_taken":0.0,"relics_obtained":["Centennial Puzzle"]},{"damage_healed":0.0,"max_hp_gain":0.0,"max_hp_loss":0.0,"gold_gain":0.0,"event_name":"MindBloom","player_choice":"Fight","floor":39.0,"gold_loss":0.0,"damage_taken":0.0},{"damage_healed":66.0,"max_hp_gain":0.0,"max_hp_loss":9.0,"gold_gain":0.0,"event_name":"The Moai Head","player_choice":"Heal","floor":42.0,"gold_loss":0.0,"damage_taken":0.0}],"is_beta":false,"boss_relics":[{"not_picked":["Fusion Hammer","Calling Bell"],"picked":"Nuclear Battery"},{"not_picked":["Philosopher\u0027s Stone","Tiny House"],"picked":"SacredBark"}],"items_purged_floors":[],"is_endless":false,"potions_floor_spawned":[5,10,13,14,16,18,19,21,23,27,33,35,37,39,40,44,47,48],"killed_by":"Time Eater","ascension_level":0}}