{"host":"788p3pvxhs5s9n7p","time":1609870729,"event":{"mods":["AchievementEnabler","BaseMod","Downfall","Hubris","Minty Spire (QoL Compilation)","READ ME - Guardian Mod","Replay The Spire","StSLib","The Jungle"],"gold_per_floor":[109,127,127,127,15,47,63,89,89,120,70,70,70,10,10,111,111,128,144,156,172,14,14,14,14,68,95,95,108,108,108,108,209,209,220,239,239,239,265,265,284,284,311,311,311,311],"floor_reached":45,"playtime":2778,"items_purged":["Defend_G","Strike_G"],"score":526,"play_id":"788be975-7f0f-487f-8587-c902ad59edce","local_time":"20210105121849","is_ascension_mode":true,"campfire_choices":[{"data":"Bouncing Flask","floor":12,"key":"SMITH"},{"floor":15,"key":"REST"},{"floor":23,"key":"REST"},{"floor":25,"key":"REST"},{"data":"Catalyst","floor":30,"key":"SMITH"},{"floor":32,"key":"REST"},{"floor":40,"key":"REST"},{"floor":42,"key":"REST"}],"circlet_count":0,"master_deck":["Defend_G","Defend_G","Defend_G","Survivor","Neutralize","Deadly Poison+1","Toxin Wave","Backflip+1","Noxious Fumes","Bouncing Flask+1","Crippling Poison","Calculated Gamble","Well Laid Plans+1","Acrobatics","Burst","Escape Plan+1","Footwork+1","Crippling Poison","Malaise","Bane","Catalyst+1","Night Terror","Catalyst+1","ReplayTheSpireMod:Necrosis+1","Dodge and Roll+1","CommonCold","Delirium","Secret Weapon"],"relics":["Ring of the Snake","NeowsBlessing","Replay:Towering Pillar of Hats","MealTicket","The Courier","Lantern","Cursed Key","Gremlin Food","hubris:GlazedTorus","Ornamental Fan","Astrolabe","ReplayTheSpireMod:Ring of Challenge"],"acts_visited":["Exordium","Exordium","TheBeyond"],"potions_floor_usage":[10,16,28,33,36,37,41],"damage_taken":[{"damage":0,"enemies":"Small Slimes","floor":1,"turns":1},{"damage":0,"enemies":"2 Louse","floor":2,"turns":1},{"damage":0,"enemies":"Lagavulin","floor":6,"turns":1},{"damage":0,"enemies":"Jaw Worm","floor":7,"turns":3},{"damage":30,"enemies":"3 Sentries","floor":8,"turns":6},{"damage":8,"enemies":"Lagavulin","floor":10,"turns":5},{"damage":13,"enemies":"The Guardian","floor":16,"turns":8},{"damage":10,"enemies":"Shell Parasite","floor":18,"turns":4},{"damage":10,"enemies":"theJungle:MUSHROOMGANG","floor":19,"turns":3},{"damage":22,"enemies":"theJungle:Lyon","floor":20,"turns":5},{"damage":20,"enemies":"theJungle:JungleHuntersEncounter","floor":21,"turns":4},{"damage":4,"enemies":"theJungle:2_Phrogs","floor":27,"turns":6},{"damage":31,"enemies":"JungleHuntersEvent","floor":28,"turns":4},{"damage":12,"enemies":"theJungle:2_Snecko_Cultists","floor":29,"turns":4},{"damage":9,"enemies":"theJungle:QueenSpyder","floor":33,"turns":7},{"damage":0,"enemies":"Orb Walker","floor":35,"turns":2},{"damage":27,"enemies":"3 Darklings","floor":36,"turns":4},{"damage":0,"enemies":"4 Shapes","floor":37,"turns":1},{"damage":41,"enemies":"Jaw Worm Horde","floor":39,"turns":5},{"damage":10,"enemies":"Spire Growth","floor":41,"turns":2},{"damage":36,"enemies":"4 Shapes","floor":45,"turns":3}],"seed_played":"-3646783676564127046","potions_obtained":[{"floor":8,"key":"Energy Potion"},{"floor":10,"key":"Block Potion"},{"floor":27,"key":"champ:CounterPotion"},{"floor":29,"key":"PowerPotion"},{"floor":35,"key":"Block Potion"},{"floor":36,"key":"GamblersBrew"},{"floor":39,"key":"Fire Potion"}],"is_trial":false,"path_per_floor":["M","M","?","?","$","E","M","E","T","E","?","R","?","$","R","B",null,"M","M","M","M","$","R","?","R","T","E","?","M","R","?","R","B",null,"M","M","M","?","M","R","M","R","T","?","M"],"character_chosen":"THE_SILENT","items_purchased":["Noxious Fumes","Bouncing Flask","SmokeBomb"],"campfire_rested":6,"item_purchase_floors":[5,5,22],"current_hp_per_floor":[70,70,70,70,70,70,70,40,40,32,32,32,25,40,61,48,70,60,50,28,8,23,44,44,65,65,61,30,18,18,18,39,30,70,70,43,43,43,2,23,13,34,34,34,0,0],"gold":311,"neow_bonus":"THREE_ENEMY_KILL","is_daily":false,"chose_seed":false,"campfire_upgraded":2,"win_rate":0.0,"timestamp":1609870729,"path_taken":["M","M","?","?","$","E","M","E","T","E","?","R","?","$","R","BOSS","M","M","M","M","$","R","?","R","T","E","?","M","R","?","R","BOSS","M","M","?","?","M","R","M","R","T","?","M"],"items_purchased_type":["Card","Card","Potion"],"build_version":"2020-12-22","purchased_purges":2,"victory":false,"max_hp_per_floor":[70,70,70,70,70,70,70,70,70,70,70,70,70,70,70,70,70,70,70,70,70,70,70,70,70,70,70,70,70,70,70,70,70,70,70,70,70,70,70,70,70,70,70,70,70,70],"card_choices":[{"not_picked":["Bane","Finisher"],"picked":"Deadly Poison","floor":1},{"not_picked":["Sucker Punch","Skewer"],"picked":"Toxin Wave","floor":2},{"not_picked":["Flying Knee","Acrobatics"],"picked":"Crippling Poison","floor":6},{"not_picked":["Caltrops","Eviscerate"],"picked":"Calculated Gamble","floor":7},{"not_picked":["hubris:SlightOfHand","PiercingWail"],"picked":"Well Laid Plans","floor":8},{"not_picked":["Quick Slash","Slice"],"picked":"Acrobatics","floor":10},{"not_picked":["Envenom","ReplayTheSpireMod:From All Sides"],"picked":"Burst","floor":16},{"not_picked":["Dagger Throw","Flying Knee"],"picked":"Escape Plan","floor":18},{"not_picked":["Acrobatics","Calculated Gamble","Backstab"],"picked":"SKIP","floor":19},{"not_picked":["Dodge and Roll+1","Slice"],"picked":"Footwork+1","floor":20},{"not_picked":["Acrobatics","Dagger Throw"],"picked":"Crippling Poison","floor":21},{"not_picked":["Poisoned Stab+1","Dodge and Roll"],"picked":"Malaise","floor":27},{"not_picked":["Fluid Movement+1","Deflect"],"picked":"Bane","floor":28},{"not_picked":["Quick Slash","PiercingWail+1"],"picked":"Catalyst","floor":29},{"not_picked":["A Thousand Cuts","Adrenaline"],"picked":"Night Terror","floor":33},{"not_picked":["Flechettes+1","Masterful Stab+1","Sucker Punch"],"picked":"SKIP","floor":35},{"not_picked":["Backstab+1","Blade Dance+1","Bane"],"picked":"SKIP","floor":36},{"not_picked":["hubris:SlightOfHand","Fluid Movement","Cloak And Dagger+1"],"picked":"SKIP","floor":39},{"not_picked":["Cloak And Dagger","Flying Knee+1","Sucker Punch+1"],"picked":"SKIP","floor":41},{"not_picked":["Replay:Sssssssssshield","Purity"],"picked":"Secret Weapon","floor":44}],"player_experience":125107,"relics_obtained":[{"floor":6,"key":"Replay:Towering Pillar of Hats"},{"floor":8,"key":"MealTicket"},{"floor":9,"key":"The Courier"},{"floor":10,"key":"Lantern"},{"floor":26,"key":"Gremlin Food"},{"floor":27,"key":"hubris:GlazedTorus"},{"floor":28,"key":"Ornamental Fan"},{"floor":38,"key":"ReplayTheSpireMod:Ring of Challenge"}],"event_choices":[{"cards_removed":["Strike_G"],"damage_healed":0,"gold_gain":0,"player_choice":"Card Removal","damage_taken":0,"max_hp_gain":0,"max_hp_loss":0,"event_name":"The Cleric","floor":11,"gold_loss":50},{"cards_removed":["Strike_G"],"damage_healed":0,"gold_gain":0,"player_choice":"Card Removal","damage_taken":7,"max_hp_gain":0,"max_hp_loss":0,"event_name":"Golden Wing","floor":13,"gold_loss":0},{"cards_removed":["hubris:Compulsion"],"damage_healed":0,"gold_gain":0,"player_choice":"Removed Curses","damage_taken":0,"max_hp_gain":0,"max_hp_loss":0,"event_name":"Fountain of Cleansing","floor":31,"gold_loss":0},{"damage_healed":0,"gold_gain":0,"player_choice":"Memory 1","damage_taken":0,"max_hp_gain":0,"max_hp_loss":0,"event_name":"SensoryStone","floor":44,"gold_loss":0}],"is_beta":false,"boss_relics":[{"not_picked":["Honey Jar","Replay:Ancient Bell"],"picked":"Cursed Key"},{"not_picked":["Fusion Hammer","Runic Dome"],"picked":"Astrolabe"}],"items_purged_floors":[14,22],"is_endless":false,"potions_floor_spawned":[8,10,27,29,35,36,39],"killed_by":"4 Shapes","ascension_level":1}}