{"host":"jyuuog6ydc2s7nd8","time":1609837548,"event":{"mods":["BaseMod","Better Vampires","Minty Spire (QoL Compilation)","Shop Mod","StSLib","The Hierophant","The Servant 0.9.4","TheBandit","[IsaacMod]ÒÔÈö¼âËþ"],"gold_per_floor":[130,155,155,180,221,233,277,316,328,340,404,445,35,70,70,145,145,174,74,74,106,132,167,167,193,193,218,218,249,275,300,300,377,377,394,394,490,490,522,522,553,553,635,663,663,677,705,286,286,286,286,286,286,47,72,72],"floor_reached":57,"playtime":1687,"items_purged":["Strike_R","Strike_R","Strike_R","Strike_R","Fiend Fire","Immolate+1"],"score":4313,"play_id":"5d210747-5615-4aee-afbb-a867ee565ee7","local_time":"20210105170548","is_ascension_mode":true,"campfire_choices":[{"data":"Bash","floor":6.0,"key":"SMITH"},{"data":"Immolate","floor":10.0,"key":"SMITH"},{"data":"Body Slam","floor":15.0,"key":"SMITH"},{"data":"Barricade","floor":24.0,"key":"SMITH"},{"data":"Burning Pact","floor":28.0,"key":"SMITH"},{"data":"Pommel Strike","floor":32.0,"key":"SMITH"},{"data":"Entrench","floor":40.0,"key":"SMITH"},{"data":"Dark Embrace","floor":42,"key":"SMITH"},{"data":"Evolve","floor":45,"key":"SMITH"},{"floor":49,"key":"RECALL"},{"data":"Feel No Pain","floor":53,"key":"SMITH"}],"circlet_count":0,"master_deck":["AscendersBane","Defend_R","Defend_R","Defend_R","Defend_R+1","Bash+1","Power Through","Body Slam+1","CurseOfTheBell","Barricade+1","Evolve+1","True Grit+1","Burning Pact+1","Pommel Strike+1","Feel No Pain+1","Entrench+1","Dark Embrace+1","Bloodletting+1","Shrug It Off+1","Seeing Red+1"],"relics":["HushsDoor","ChampionBelt","GuppysHead","Blood Vial","Toy Ornithopter","Lizard Tail","GuppysPaw","Shuriken","Boot","Kunai","Calipers","Void","BelialBook","Mummified Hand","EdensBlessing","SatanicBible","YumHeart","Nilry\u0027s Codex","AnarchistCookbook","UnicornStump","Singing Bowl","Ancient Tea Set","StrikeDummy","Centennial Puzzle","Torii","Black Star","GuppysCollar","BookOfRevelations","D4","GuppysTail","Toxic Egg 2","Unceasing Top","Bird Faced Urn","BFFS","TheBible","Lantern"],"acts_visited":["Exordium","TheCity","TheBeyond","TheEnding"],"potions_floor_usage":[41,50,56],"damage_taken":[{"damage":8.0,"enemies":"Gremlin Nob","floor":1.0,"turns":3.0},{"damage":25.0,"enemies":"Lagavulin","floor":2.0,"turns":4.0},{"damage":0.0,"enemies":"3 Sentries","floor":4.0,"turns":1.0},{"damage":8.0,"enemies":"Gremlin Nob","floor":5.0,"turns":3.0},{"damage":15.0,"enemies":"Lagavulin","floor":7.0,"turns":4.0},{"damage":8.0,"enemies":"Gremlin Nob","floor":8.0,"turns":3.0},{"damage":0.0,"enemies":"3 Sentries","floor":12.0,"turns":1.0},{"damage":0.0,"enemies":"Gremlin Nob","floor":14.0,"turns":3.0},{"damage":0.0,"enemies":"The Guardian","floor":16.0,"turns":1.0},{"damage":0.0,"enemies":"Gremlin Leader","floor":18.0,"turns":3.0},{"damage":21.0,"enemies":"Slavers","floor":21.0,"turns":3.0},{"damage":7.0,"enemies":"Book of Stabbing","floor":22.0,"turns":3.0},{"damage":0.0,"enemies":"Slavers","floor":23.0,"turns":1.0},{"damage":14.0,"enemies":"Book of Stabbing","floor":25.0,"turns":2.0},{"damage":5.0,"enemies":"Slavers","floor":27.0,"turns":2.0},{"damage":0.0,"enemies":"Book of Stabbing","floor":29.0,"turns":4.0},{"damage":4.0,"enemies":"Gremlin Leader","floor":30.0,"turns":4.0},{"damage":4.0,"enemies":"Book of Stabbing","floor":31.0,"turns":2.0},{"damage":0.0,"enemies":"Automaton","floor":33.0,"turns":7.0},{"damage":0.0,"enemies":"3 Darklings","floor":35.0,"turns":3.0},{"damage":0.0,"enemies":"Nemesis","floor":39.0,"turns":5.0},{"damage":0,"enemies":"Reptomancer","floor":41,"turns":3},{"damage":0,"enemies":"Nemesis","floor":44,"turns":3},{"damage":0,"enemies":"Orb Walker","floor":46,"turns":3},{"damage":0,"enemies":"Giant Head","floor":47,"turns":5},{"damage":9,"enemies":"Time Eater","floor":50,"turns":3},{"damage":3,"enemies":"Donu and Deca","floor":51,"turns":4},{"damage":6,"enemies":"Shield and Spear","floor":55,"turns":3},{"damage":0,"enemies":"The Heart","floor":56,"turns":6}],"seed_played":"7699659231529159225","potions_obtained":[{"floor":2.0,"key":"LiquidMemories"},{"floor":5.0,"key":"Explosive Potion"},{"floor":7.0,"key":"EntropicBrew"},{"floor":21.0,"key":"LiquidMemories"},{"floor":25.0,"key":"Strength Potion"},{"floor":27.0,"key":"Block Potion"},{"floor":29.0,"key":"GamblersBrew"},{"floor":38.0,"key":"HeartOfIron"},{"floor":39.0,"key":"Block Potion"},{"floor":41,"key":"LiquidBronze"},{"floor":46,"key":"BloodPotion"}],"is_trial":false,"path_per_floor":["M","M","?","M","M","R","E","M","T","R","T","M","$","E","R","B",null,"M","$","?","M","M","E","R","M","T","M","R","E","M","M","R","B",null,"M","?","?","?","M","R","M","R","T","E","R","M","M","$","R","B","B",null,"R","$","E","B",null],"character_chosen":"IRONCLAD","items_purchased":["Calipers","SatanicBible","Barricade","GuppysCollar","Entrench","Bloodletting+1","BFFS","Shrug It Off+1","Seeing Red+1"],"campfire_rested":0,"item_purchase_floors":[13,17,17,34,34,48,48,48,54],"current_hp_per_floor":[60,37,62,69,63,63,50,44,44,44,44,56,56,58,58,60,56,56,56,35,16,41,43,43,31,31,35,35,58,54,54,54,58,39,41,41,26,26,40,40,47,47,47,51,51,55,59,59,59,59,59,59,59,59,57,61],"gold":72,"neow_bonus":"BOSS_RELIC","is_daily":false,"chose_seed":false,"campfire_upgraded":10,"win_rate":0.0,"timestamp":1609837548,"path_taken":["M","M","?","M","M","R","E","M","T","R","?","M","$","E","R","BOSS","M","$","?","M","M","E","R","M","T","M","R","E","M","M","R","BOSS","M","?","?","?","M","R","M","R","T","E","R","M","M","$","R","BOSS","BOSS","R","$","E","BOSS"],"items_purchased_type":["Relic","Relic","Card","Relic","Card","Card","Relic","Card","Card"],"build_version":"2020-12-22","purchased_purges":6,"victory":true,"max_hp_per_floor":[75,75,75,75,75,75,75,75,75,75,75,75,75,75,75,75,56,56,56,56,56,56,56,56,56,56,58,58,58,58,60,60,62,39,41,41,41,41,53,53,53,53,53,55,55,57,59,59,59,59,59,59,59,59,61,61],"card_choices":[{"not_picked":["Armaments","Brutality"],"picked":"Immolate","floor":1.0},{"not_picked":["Havoc","Twin Strike"],"picked":"Fiend Fire","floor":2.0},{"not_picked":["Heavy Blade","Shockwave","Havoc"],"picked":"SKIP","floor":4.0},{"not_picked":["Bomb","Seeing Red"],"picked":"Power Through","floor":5.0},{"not_picked":["Sword Boomerang","Fiend Fire","Cleave"],"picked":"SKIP","floor":7.0},{"not_picked":["Whirlwind","Dropkick"],"picked":"Bomb","floor":8.0},{"not_picked":["Armaments","Dropkick","Wild Strike"],"picked":"SKIP","floor":12.0},{"not_picked":["Metallicize","Flex"],"picked":"Body Slam","floor":14.0},{"not_picked":["Perfected Strike","Wild Strike","Sword Boomerang"],"picked":"SKIP","floor":18.0},{"not_picked":["Hemokinesis+1","Power Through"],"picked":"Evolve","floor":21.0},{"not_picked":["Iron Wave","Carnage"],"picked":"True Grit","floor":22.0},{"not_picked":["Twin Strike+1","Iron Wave","Searing Blow"],"picked":"SKIP","floor":23.0},{"not_picked":["Berserk","Perfected Strike"],"picked":"Burning Pact","floor":25.0},{"not_picked":["Power Through","Flex","Cleave"],"picked":"Singing Bowl","floor":27.0},{"not_picked":["Sentinel","Inflame+1"],"picked":"Pommel Strike","floor":29.0},{"not_picked":["Fire Breathing+1","Warcry"],"picked":"Feel No Pain","floor":30.0},{"not_picked":["Havoc","Infernal Blade","Heavy Blade"],"picked":"Singing Bowl","floor":31.0},{"not_picked":["Juggernaut","Brutality","Impervious"],"picked":"Singing Bowl","floor":33.0},{"not_picked":["Headbutt","Sword Boomerang","Clash"],"picked":"Singing Bowl","floor":35.0},{"not_picked":["Rage","Intimidate","Perfected Strike+1"],"picked":"Singing Bowl","floor":39.0},{"not_picked":["Dropkick+1","Flex"],"picked":"Dark Embrace","floor":41},{"not_picked":["Anger+1","Spot Weakness+1","Rampage"],"picked":"Singing Bowl","floor":44},{"not_picked":["Metallicize","Clothesline","Flex+1"],"picked":"Singing Bowl","floor":46},{"not_picked":["Dark Embrace","Body Slam","Flame Barrier+1"],"picked":"Singing Bowl","floor":47},{"not_picked":["Thunderclap+1","Bludgeon","Feel No Pain"],"picked":"Singing Bowl","floor":55}],"player_experience":1796576,"relics_obtained":[{"floor":1.0,"key":"Blood Vial"},{"floor":2.0,"key":"Toy Ornithopter"},{"floor":4.0,"key":"MawBank"},{"floor":7.0,"key":"Lizard Tail"},{"floor":8.0,"key":"GuppysPaw"},{"floor":9.0,"key":"Shuriken"},{"floor":11.0,"key":"Boot"},{"floor":12.0,"key":"Kunai"},{"floor":14.0,"key":"Void"},{"floor":17.0,"key":"BelialBook"},{"floor":17.0,"key":"Mummified Hand"},{"floor":17.0,"key":"EdensBlessing"},{"floor":18.0,"key":"YumHeart"},{"floor":20.0,"key":"Nilry\u0027s Codex"},{"floor":21.0,"key":"AnarchistCookbook"},{"floor":22.0,"key":"UnicornStump"},{"floor":25.0,"key":"War Paint"},{"floor":26.0,"key":"Singing Bowl"},{"floor":27.0,"key":"Ancient Tea Set"},{"floor":29.0,"key":"StrikeDummy"},{"floor":30.0,"key":"Centennial Puzzle"},{"floor":31.0,"key":"Torii"},{"floor":39.0,"key":"Pear"},{"floor":39.0,"key":"BookOfRevelations"},{"floor":41,"key":"D4"},{"floor":41,"key":"GuppysTail"},{"floor":44,"key":"Toxic Egg 2"},{"floor":44,"key":"Dream Catcher"},{"floor":47,"key":"Unceasing Top"},{"floor":47,"key":"Bird Faced Urn"},{"floor":55,"key":"TheBible"},{"floor":55,"key":"Lantern"}],"event_choices":[{"damage_healed":25.0,"max_hp_gain":0.0,"max_hp_loss":0.0,"gold_gain":0.0,"event_name":"Big Fish","player_choice":"Banana","floor":3.0,"gold_loss":0.0,"damage_taken":0.0},{"damage_healed":0.0,"max_hp_gain":0.0,"max_hp_loss":0.0,"gold_gain":0.0,"event_name":"Cursed Tome","player_choice":"Obtained Book","floor":20.0,"gold_loss":0.0,"damage_taken":21.0},{"cards_removed":["Strike_R"],"damage_healed":0.0,"max_hp_gain":0.0,"max_hp_loss":0.0,"gold_gain":0.0,"event_name":"Purifier","player_choice":"Purged","floor":36.0,"gold_loss":0.0,"damage_taken":0.0},{"damage_healed":0.0,"max_hp_gain":0.0,"max_hp_loss":0.0,"gold_gain":0.0,"event_name":"Lab","player_choice":"Got Potions","floor":38.0,"gold_loss":0.0,"damage_taken":0.0}],"is_beta":false,"boss_relics":[{"not_picked":["MagicMushroom","Empty Cage"],"picked":"Calling Bell"},{"not_picked":[]},{"not_picked":["Snecko Eye","Tiny House"],"picked":"Black Star"},{"not_picked":[]}],"items_purged_floors":[13,17,19,34,48,54],"is_endless":false,"potions_floor_spawned":[2,5,7,21,25,27,29,31,39,41,44,46],"ascension_level":20}}