{"host":"sl4rf9j4s63ev6os","time":1609844628,"event":{"mods":["AchievementEnabler","BaseMod","Colored Map","Colored Powertips","DeckTracker","Minty Spire (QoL Compilation)","Relic Sorter"],"gold_per_floor":[10,10,24,40,140,167,181,199,199,225,236,202,217,251,251,346,346,346,346],"floor_reached":18,"playtime":1868,"items_purged":[],"score":195,"play_id":"0f685b9f-6041-4bc4-a02c-fe657055a16f","local_time":"20210105210348","is_ascension_mode":true,"campfire_choices":[{"floor":15,"key":"RECALL"}],"circlet_count":0,"master_deck":["Strike_R","Strike_R","Strike_R","Strike_R","Defend_R","Defend_R","Defend_R","Bash","Armaments+1","Shrug It Off","Rage","Metallicize","Spot Weakness","CurseOfTheBell"],"relics":["Burning Blood","Orichalcum","Regal Pillow","Pear","Calling Bell","Potion Belt","InkBottle","WingedGreaves"],"acts_visited":["Exordium","TheCity"],"potions_floor_usage":[8,10,10,12,14,14,14,16,18,18,18],"damage_taken":[{"damage":5,"enemies":"Small Slimes","floor":1,"turns":3},{"damage":9,"enemies":"Cultist","floor":3,"turns":4},{"damage":7,"enemies":"Jaw Worm","floor":4,"turns":4},{"damage":39,"enemies":"3 Sentries","floor":6,"turns":10},{"damage":1,"enemies":"3 Louse","floor":7,"turns":5},{"damage":19,"enemies":"Gremlin Gang","floor":8,"turns":6},{"damage":4,"enemies":"Gremlin Nob","floor":10,"turns":4},{"damage":1,"enemies":"Large Slime","floor":11,"turns":8},{"damage":5,"enemies":"Exordium Thugs","floor":12,"turns":5},{"damage":5,"enemies":"3 Louse","floor":13,"turns":6},{"damage":5,"enemies":"3 Sentries","floor":14,"turns":12},{"damage":42,"enemies":"The Guardian","floor":16,"turns":15},{"damage":90,"enemies":"3 Byrds","floor":18,"turns":9}],"seed_played":"4865028351210925449","potions_obtained":[{"floor":3,"key":"CultistPotion"},{"floor":7,"key":"Weak Potion"},{"floor":8,"key":"SteroidPotion"},{"floor":12,"key":"EntropicBrew"},{"floor":14,"key":"SpeedPotion"},{"floor":16,"key":"BlessingOfTheForge"}],"is_trial":false,"path_per_floor":["M","?","M","M","?","E","M","M","T","E","M","M","M","E","R","B",null,"M"],"character_chosen":"IRONCLAD","items_purchased":[],"campfire_rested":0,"item_purchase_floors":[],"current_hp_per_floor":[80,80,77,76,76,43,48,35,35,37,42,43,44,55,55,19,90,0,0],"gold":346,"neow_bonus":"REMOVE_TWO","is_daily":false,"chose_seed":false,"campfire_upgraded":0,"win_rate":0.0,"timestamp":1609844628,"path_taken":["M","?","M","?","?","E","M","?","T","E","M","M","M","E","R","BOSS","M"],"items_purchased_type":[],"build_version":"2020-12-22","purchased_purges":0,"victory":false,"max_hp_per_floor":[80,80,80,80,80,80,80,80,80,80,80,80,80,90,90,90,90,90,90],"card_choices":[{"not_picked":["Heavy Blade","Combust"],"picked":"Armaments","floor":1},{"not_picked":["Warcry","Flex","Sword Boomerang"],"picked":"SKIP","floor":3},{"not_picked":["Whirlwind","Pommel Strike","Combust"],"picked":"SKIP","floor":4},{"not_picked":["Heavy Blade","Wild Strike"],"picked":"Shrug It Off","floor":6},{"not_picked":["Power Through","Headbutt","Twin Strike"],"picked":"SKIP","floor":7},{"not_picked":["Armaments","Heavy Blade","Sword Boomerang"],"picked":"SKIP","floor":8},{"not_picked":["Cleave","Limit Break"],"picked":"Rage","floor":10},{"not_picked":["Searing Blow","True Grit"],"picked":"Metallicize","floor":11},{"not_picked":["Havoc","Warcry","Spot Weakness"],"picked":"SKIP","floor":12},{"not_picked":["Warcry","Thunderclap","Clash"],"picked":"SKIP","floor":13},{"not_picked":["Shockwave","Bloodletting"],"picked":"Spot Weakness","floor":14}],"player_experience":176217,"relics_obtained":[{"floor":6,"key":"Orichalcum"},{"floor":10,"key":"Regal Pillow"},{"floor":14,"key":"Pear"},{"floor":17,"key":"Potion Belt"},{"floor":17,"key":"InkBottle"},{"floor":17,"key":"WingedGreaves"}],"event_choices":[{"damage_healed":0,"gold_gain":0,"player_choice":"Forge","damage_taken":0,"max_hp_gain":0,"max_hp_loss":0,"event_name":"Accursed Blacksmith","floor":2,"gold_loss":0,"cards_upgraded":["Armaments"]},{"damage_healed":0,"gold_gain":100,"player_choice":"Gold","damage_taken":0,"max_hp_gain":0,"max_hp_loss":0,"event_name":"Wheel of Change","floor":5,"gold_loss":0}],"is_beta":false,"boss_relics":[{"not_picked":["Astrolabe","Coffee Dripper"],"picked":"Calling Bell"}],"items_purged_floors":[],"is_endless":false,"potions_floor_spawned":[3,7,8,12,13,14,16],"killed_by":"3 Byrds","ascension_level":1}}