{"host":"sc6zwccemp87d0qx","time":1609875717,"event":{"mods":["AchievementEnabler","BaseMod","Colored Map","Colored Powertips","Minty Spire (QoL Compilation)","SuperFastMode"],"gold_per_floor":[109,122,12,25,45,45,70,70,70,99,99,129,129,139,139,238,238,248,248,248,11,11,42,42,67,67,67,102,114,129,163,163,263,263,278,296,296,307,47,74,74,85,85,113,113,113,113,148,148,148,148,148,18,50,50,50],"floor_reached":55,"playtime":4913,"items_purged":["Strike_G"],"score":1299,"play_id":"232358d2-dfaf-4b37-aa29-9d75dd7bd14c","local_time":"20210105214157","is_ascension_mode":true,"campfire_choices":[{"floor":6.0,"key":"REST"},{"floor":8.0,"key":"REST"},{"floor":11.0,"key":"REST"},{"floor":13.0,"key":"REST"},{"floor":15.0,"key":"REST"},{"floor":24.0,"key":"REST"},{"floor":27.0,"key":"REST"},{"floor":32.0,"key":"REST"},{"floor":41.0,"key":"RECALL"},{"data":"Bullet Time","floor":45.0,"key":"SMITH"},{"data":"Blade Dance","floor":46.0,"key":"SMITH"},{"data":"Burst","floor":47.0,"key":"SMITH"},{"floor":49.0,"key":"REST"},{"data":"Blade Dance","floor":52.0,"key":"SMITH"}],"circlet_count":0,"master_deck":["AscendersBane","Strike_G","Defend_G","Defend_G","Defend_G","Defend_G","Survivor","Neutralize","Blade Dance+1","Dagger Throw","Infinite Blades","All Out Attack","Blade Dance+1","Well Laid Plans","Endless Agony","Burst+1","Tools of the Trade","Deflect","Doppelganger","Tactician","Finisher","Dash","Infinite Blades","Bullet Time+1","Outmaneuver+1","Outmaneuver+1","Deflect+1","PiercingWail","Storm of Steel","Terror","Blur+1","Accuracy"],"relics":["Empty Cage","WingedGreaves","InkBottle","Paper Crane","Ice Cream","WristBlade","Dead Branch","Strawberry","Ninja Scroll","Bird Faced Urn","Tough Bandages","Singing Bowl","Black Star","Letter Opener","The Specimen","Lizard Tail","Eternal Feather","Calipers","Gremlin Horn","Regal Pillow","Anchor","StoneCalendar"],"acts_visited":["TheBeyond","TheEnding"],"potions_floor_usage":[55,55],"damage_taken":[{"damage":8.0,"enemies":"Jaw Worm","floor":1.0,"turns":5.0},{"damage":12.0,"enemies":"Small Slimes","floor":2.0,"turns":4.0},{"damage":1.0,"enemies":"Cultist","floor":4.0,"turns":4.0},{"damage":19.0,"enemies":"Exordium Thugs","floor":5.0,"turns":5.0},{"damage":39.0,"enemies":"3 Sentries","floor":7.0,"turns":10.0},{"damage":12.0,"enemies":"Lagavulin","floor":10.0,"turns":5.0},{"damage":22.0,"enemies":"3 Sentries","floor":12.0,"turns":6.0},{"damage":12.0,"enemies":"2 Fungi Beasts","floor":14.0,"turns":3.0},{"damage":26.0,"enemies":"The Guardian","floor":16.0,"turns":9.0},{"damage":15.0,"enemies":"3 Byrds","floor":18.0,"turns":4.0},{"damage":25.0,"enemies":"Gremlin Leader","floor":23.0,"turns":4.0},{"damage":15.0,"enemies":"Book of Stabbing","floor":25.0,"turns":5.0},{"damage":9.0,"enemies":"Slavers","floor":28.0,"turns":4.0},{"damage":0.0,"enemies":"Spheric Guardian","floor":29.0,"turns":1.0},{"damage":13.0,"enemies":"Snake Plant","floor":30.0,"turns":3.0},{"damage":23.0,"enemies":"Book of Stabbing","floor":31.0,"turns":5.0},{"damage":10.0,"enemies":"Automaton","floor":33.0,"turns":5.0},{"damage":10.0,"enemies":"3 Shapes","floor":35.0,"turns":6.0},{"damage":4.0,"enemies":"3 Darklings","floor":36.0,"turns":4.0},{"damage":11.0,"enemies":"4 Shapes","floor":38.0,"turns":5.0},{"damage":38.0,"enemies":"Nemesis","floor":40.0,"turns":5.0},{"damage":15.0,"enemies":"Transient","floor":42.0,"turns":5.0},{"damage":5.0,"enemies":"Reptomancer","floor":44.0,"turns":3.0},{"damage":39.0,"enemies":"Nemesis","floor":48.0,"turns":5.0},{"damage":38.0,"enemies":"Donu and Deca","floor":50.0,"turns":5.0},{"damage":31.0,"enemies":"Shield and Spear","floor":54.0,"turns":4.0},{"damage":133,"enemies":"The Heart","floor":55,"turns":6}],"seed_played":"5960988093247148944","potions_obtained":[{"floor":7.0,"key":"SteroidPotion"},{"floor":14.0,"key":"EntropicBrew"},{"floor":16.0,"key":"PowerPotion"},{"floor":18.0,"key":"LiquidBronze"},{"floor":23.0,"key":"Dexterity Potion"},{"floor":30.0,"key":"SteroidPotion"},{"floor":54.0,"key":"Poison Potion"}],"is_trial":false,"path_per_floor":["M","M","$","M","M","R","E","R","T","E","R","E","R","M","R","B",null,"M","?","?","$","?","E","R","E","T","R","E","M","M","E","R","B",null,"M","M","?","M","$","E","R","M","T","E","R","R","R","E","R","B",null,"R","$","E","B"],"character_chosen":"THE_SILENT","items_purchased":["Infinite Blades","Finisher","Dash","Infinite Blades","Letter Opener","Accuracy","Dexterity Potion"],"campfire_rested":9,"item_purchase_floors":[3,21,21,21,39,53,53],"current_hp_per_floor":[55,43,43,42,23,44,5,26,26,14,35,13,34,22,43,17,57,42,42,42,42,42,24,47,32,32,55,50,52,45,30,53,51,71,71,75,75,72,72,52,52,53,53,50,68,81,81,52,83,54,76,83,83,68,0,0],"gold":50,"neow_bonus":"BOSS_RELIC","is_daily":false,"chose_seed":false,"campfire_upgraded":4,"win_rate":0.0,"timestamp":1609875717,"path_taken":["M","M","$","M","M","R","E","R","T","E","R","E","R","M","R","BOSS","M","?","?","$","?","E","R","E","T","R","E","M","?","E","R","BOSS","M","M","?","M","$","E","R","M","T","E","R","R","R","E","R","BOSS","R","$","E","BOSS"],"items_purchased_type":["Card","Card","Card","Card","Relic","Card","Potion"],"build_version":"2020-12-22","purchased_purges":1,"victory":false,"max_hp_per_floor":[70,70,70,70,70,70,70,70,70,70,70,70,70,70,70,70,70,70,70,70,70,70,77,77,77,77,77,77,77,77,77,77,77,77,79,81,77,79,79,79,79,81,81,81,81,81,81,83,83,83,83,83,83,85,85,85],"card_choices":[{"not_picked":["Slice","Concentrate"],"picked":"Blade Dance","floor":1.0},{"not_picked":["Flying Knee","Acrobatics"],"picked":"Dagger Throw","floor":2.0},{"not_picked":["Poisoned Stab","Sucker Punch","Dagger Throw"],"picked":"SKIP","floor":4.0},{"not_picked":["Sucker Punch","Prepared"],"picked":"All Out Attack","floor":5.0},{"not_picked":["Concentrate","Backflip"],"picked":"Blade Dance","floor":7.0},{"not_picked":["Setup","Calculated Gamble"],"picked":"Well Laid Plans","floor":10.0},{"not_picked":["Catalyst","Bane"],"picked":"Endless Agony","floor":12.0},{"not_picked":["Underhanded Strike","Outmaneuver"],"picked":"Burst","floor":14.0},{"not_picked":["Envenom","Wraith Form v2"],"picked":"Tools of the Trade","floor":16.0},{"not_picked":["Quick Slash","Bane+1"],"picked":"Deflect","floor":18.0},{"not_picked":["Dagger Throw+1","Dagger Spray"],"picked":"Bullet Time","floor":23.0},{"not_picked":["Outmaneuver","Bane","Tactician"],"picked":"SKIP","floor":25.0},{"not_picked":["Deadly Poison","Bane"],"picked":"Outmaneuver+1","floor":28.0},{"not_picked":["Quick Slash","Calculated Gamble+1"],"picked":"Outmaneuver+1","floor":29.0},{"not_picked":["Acrobatics","Dagger Spray"],"picked":"Deflect+1","floor":30.0},{"not_picked":["Outmaneuver","Sucker Punch"],"picked":"PiercingWail","floor":31.0},{"not_picked":["Bullet Time","Unload"],"picked":"Storm of Steel","floor":33.0},{"not_picked":["Well Laid Plans","Dagger Throw+1","Cloak And Dagger"],"picked":"Singing Bowl","floor":35.0},{"not_picked":["Deadly Poison","Flying Knee+1","Dagger Throw"],"picked":"Singing Bowl","floor":36.0},{"not_picked":["Predator","Deflect","Escape Plan+1"],"picked":"Singing Bowl","floor":38.0},{"not_picked":["Underhanded Strike+1","Reflex+1"],"picked":"Terror","floor":40.0},{"not_picked":["Dagger Spray","All Out Attack","Acrobatics"],"picked":"Singing Bowl","floor":42.0},{"not_picked":["PiercingWail+1","Night Terror"],"picked":"Blur+1","floor":44.0},{"not_picked":["Sucker Punch","PiercingWail+1","Riddle With Holes"],"picked":"Singing Bowl","floor":48.0},{"not_picked":["Night Terror","Malaise","Skewer+1"],"picked":"Singing Bowl","floor":54.0}],"player_experience":319766,"relics_obtained":[{"floor":7.0,"key":"WingedGreaves"},{"floor":9.0,"key":"InkBottle"},{"floor":10.0,"key":"Paper Crane"},{"floor":12.0,"key":"Ice Cream"},{"floor":23.0,"key":"Strawberry"},{"floor":25.0,"key":"Ninja Scroll"},{"floor":26.0,"key":"Bird Faced Urn"},{"floor":28.0,"key":"Tough Bandages"},{"floor":31.0,"key":"Singing Bowl"},{"floor":40.0,"key":"The Specimen"},{"floor":40.0,"key":"Lizard Tail"},{"floor":44.0,"key":"Eternal Feather"},{"floor":44.0,"key":"Calipers"},{"floor":48.0,"key":"Gremlin Horn"},{"floor":48.0,"key":"Regal Pillow"},{"floor":54.0,"key":"Anchor"},{"floor":54.0,"key":"StoneCalendar"}],"event_choices":[{"damage_healed":0.0,"max_hp_gain":0.0,"max_hp_loss":0.0,"gold_gain":0.0,"cards_transformed":["Strike_G","Strike_G"],"event_name":"Drug Dealer","player_choice":"Became Test Subject","floor":19.0,"gold_loss":0.0,"damage_taken":0.0,"cards_obtained":["Doppelganger","Tactician"]},{"damage_healed":0.0,"max_hp_gain":0.0,"max_hp_loss":0.0,"gold_gain":0.0,"event_name":"Vampires","player_choice":"Ignored","floor":20.0,"gold_loss":0.0,"damage_taken":0.0},{"damage_healed":0.0,"max_hp_gain":0.0,"max_hp_loss":0.0,"gold_gain":0.0,"event_name":"WeMeetAgain","player_choice":"Gave Potion","floor":22.0,"gold_loss":0.0,"damage_taken":0.0,"relics_obtained":["Dead Branch"]},{"damage_healed":0.0,"max_hp_gain":0.0,"max_hp_loss":4.0,"gold_gain":0.0,"event_name":"Winding Halls","player_choice":"Max HP","floor":37.0,"gold_loss":0.0,"damage_taken":0.0}],"is_beta":false,"boss_relics":[{"not_picked":["Snecko Eye","Ectoplasm"],"picked":"WristBlade"},{"not_picked":["Fusion Hammer","Busted Crown"],"picked":"Black Star"}],"items_purged_floors":[3],"is_endless":false,"potions_floor_spawned":[7,14,16,18,23,25,30,38,44,48,54],"killed_by":"The Heart","ascension_level":10}}