{"host":"36ls4ricihodphgx","time":1609841045,"event":{"mods":["AchievementEnabler","BaseMod","Colored Map","Downfall","Hermit","HololiveMod","Jorbs\u0027s Wanderer Trilogy","Koishi","Marisa????????","Minty Spire (QoL Compilation)","Replay The Spire","Shop Mod","StSLib","SuperFastMode","The Animator","The Bug Knight","The Cursed","The Hierophant","The Servant 0.9.4"],"gold_per_floor":[113,125,143,161,162,162,177,177,259,259,270,270,285,302,302,374,374,390,390,403,403,414,414,429,429,511,511,537,551,551,562,562,667,667,686,686,706,340,352,352,84,102,102,102,102,112,112,132,132,132],"floor_reached":51,"playtime":1937,"items_purged":["hierophant:Defend_Hierophant"],"score":450,"play_id":"2156c389-40be-416f-b102-b55fe02c573e","local_time":"20210105030405","is_ascension_mode":false,"campfire_choices":[{"floor":6,"key":"REST"},{"floor":8,"key":"REST"},{"floor":10,"key":"REST"},{"data":"hierophant:Glossolalia","floor":23,"key":"SMITH"},{"floor":25,"key":"REST"},{"floor":27,"key":"REST"},{"floor":32,"key":"REST"},{"floor":40,"key":"REST"},{"floor":44,"key":"REST"},{"floor":49,"key":"REST"}],"circlet_count":0,"master_deck":["hierophant:Strike_Hierophant","hierophant:Strike_Hierophant","hierophant:Strike_Hierophant","hierophant:Strike_Hierophant","hierophant:Punish","hierophant:Defend_Hierophant","hierophant:ChurchCoffers+1","hierophant:Racketeering","hierophant:FlamingChariot","hierophant:Community","hierophant:Glossolalia+1","hierophant:FlamingChariot","hierophant:Endure+1","hierophant:HammerAndAnvil+1","hierophant:MirrorShield","hierophant:DeathKnell+1","hierophant:Upheaval+1","hierophant:Racketeering","hierophant:Chorus+1","hierophant:Kindle+1","hierophant:Encroach+1","hierophant:Shelter+1","Secret Weapon+1","Panache+1"],"relics":["hierophant:PropheticMaskRelic","NeowsBlessing","Golden Egg","Hololive_Finger","Nloth\u0027s Gift","Replay:Bottled Snecko","CaptainsWheel","Philosopher\u0027s Stone","War Paint","HandDrill","Juzu Bracelet","ReplayTheSpireMod:ShopPack","Replay:Bottled Steam"],"acts_visited":["Exordium","TheCity","TheBeyond"],"potions_floor_usage":[5,14,16,22,24,48,48],"damage_taken":[{"damage":0,"enemies":"2 Louse","floor":1,"turns":1},{"damage":0,"enemies":"Small Slimes","floor":2,"turns":1},{"damage":0,"enemies":"Cultist","floor":3,"turns":1},{"damage":21,"enemies":"Exordium Wildlife","floor":4,"turns":6},{"damage":16,"enemies":"Large Slime","floor":5,"turns":5},{"damage":43,"enemies":"3 Sentries","floor":7,"turns":9},{"damage":9,"enemies":"Blue Slaver","floor":11,"turns":5},{"damage":0,"enemies":"2 Fungi Beasts","floor":13,"turns":2},{"damage":0,"enemies":"Large Slime","floor":14,"turns":4},{"damage":21,"enemies":"Slime Boss","floor":16,"turns":8},{"damage":22,"enemies":"3 Byrds","floor":18,"turns":4},{"damage":10,"enemies":"Cultist and Chosen","floor":20,"turns":3},{"damage":5,"enemies":"Centurion and Healer","floor":22,"turns":5},{"damage":21,"enemies":"Chosen and Byrds","floor":24,"turns":5},{"damage":26,"enemies":"Gremlin Leader","floor":28,"turns":4},{"damage":33,"enemies":"Snake Plant","floor":29,"turns":5},{"damage":0,"enemies":"Snecko","floor":31,"turns":3},{"damage":17,"enemies":"Automaton","floor":33,"turns":4},{"damage":0,"enemies":"3 Shapes","floor":35,"turns":3},{"damage":26,"enemies":"3 Darklings","floor":37,"turns":4},{"damage":48,"enemies":"Transient","floor":39,"turns":5},{"damage":4,"enemies":"3 Darklings","floor":42,"turns":2},{"damage":5,"enemies":"Jaw Worm Horde","floor":46,"turns":2},{"damage":0,"enemies":"Spire Growth","floor":48,"turns":2},{"damage":0,"enemies":"Replay:Hell Engine","floor":50,"turns":2}],"seed_played":"3211344502852184299","potions_obtained":[{"floor":1,"key":"GamblersBrew"},{"floor":3,"key":"Fire Potion"},{"floor":5,"key":"BlessingOfTheForge"},{"floor":11,"key":"Adrenaline Potion"},{"floor":16,"key":"Elixir"},{"floor":22,"key":"Reflective Coating"},{"floor":33,"key":"PowerPotion"},{"floor":35,"key":"LiquidBronze"},{"floor":46,"key":"LifebloodPotion"}],"is_trial":false,"path_per_floor":["M","M","M","M","M","R","E","R","T","R","M","?","M","M","R_BF","B",null,"M","?","M","?","M","R","M","R","T","R","E","M","?","M","R","B",null,"M","?","M","$","M","R","$","M","T","R","?","M","?","M","R","B",null],"character_chosen":"HIEROPHANT","items_purchased":["War Paint","HandDrill","Juzu Bracelet","ReplayTheSpireMod:ShopPack"],"campfire_rested":9,"item_purchase_floors":[38,38,41,41],"current_hp_per_floor":[75,75,75,54,38,60,17,39,39,61,52,57,57,57,80,59,80,58,58,48,48,43,43,22,46,46,70,44,11,11,11,35,18,80,80,80,54,54,6,30,30,26,26,50,50,45,45,45,67,67],"gold":132,"neow_bonus":"THREE_ENEMY_KILL","is_daily":false,"chose_seed":false,"campfire_upgraded":1,"win_rate":0.0,"timestamp":1609841045,"path_taken":["M","M","M","M","M","R","E","R","T","R","M","?","M","M","R_BF","BOSS","M","?","?","?","?","R","M","R","T","R","E","M","?","M","R","BOSS","M","?","M","$","M","R","$","M","T","R","?","M","?","M","R","BOSS"],"items_purchased_type":["Relic","Relic","Relic","Relic"],"build_version":"2020-12-22","purchased_purges":1,"victory":true,"max_hp_per_floor":[75,75,75,75,75,75,75,75,75,75,75,80,80,80,80,80,80,80,80,80,80,80,80,80,80,80,80,80,80,80,80,80,80,80,80,80,80,80,80,80,80,80,80,80,76,76,76,76,76,76],"card_choices":[{"not_picked":["hierophant:Repentance","hierophant:ConvertCurrency"],"picked":"hierophant:Racketeering","floor":1},{"not_picked":["hierophant:Bribe","hierophant:Dazzle"],"picked":"hierophant:FlamingChariot","floor":2},{"not_picked":["hierophant:Sermon","hierophant:Doubloon"],"picked":"hierophant:Community","floor":3},{"not_picked":["hierophant:FieryStrike","hierophant:OrnateJavelin"],"picked":"hierophant:Glossolalia","floor":4},{"not_picked":["hierophant:Charity","hierophant:SecretStash"],"picked":"hierophant:FlamingChariot","floor":5},{"not_picked":["hierophant:FieryStrike","hierophant:OrnateBuckler"],"picked":"hierophant:Endure","floor":7},{"not_picked":["hierophant:Doubloon","hierophant:OrnateBuckler","hierophant:Rebuild"],"picked":"SKIP","floor":11},{"not_picked":["hierophant:AuricBeam","hierophant:Sermon"],"picked":"hierophant:HammerAndAnvil","floor":13},{"not_picked":["hierophant:Refuge","hierophant:SecretStash"],"picked":"hierophant:MirrorShield","floor":14},{"not_picked":["hierophant:DivineIntervention","hierophant:Generosity"],"picked":"hierophant:DeathKnell","floor":16},{"not_picked":["hierophant:Remorse","hierophant:ThreeLashes","hierophant:FieryStrike"],"picked":"SKIP","floor":18},{"not_picked":["hierophant:Charity","hierophant:HolyVerse"],"picked":"hierophant:Upheaval+1","floor":20},{"not_picked":["hierophant:Purify","hierophant:ThreeLashes"],"picked":"hierophant:Racketeering","floor":22},{"not_picked":["hierophant:Bribe","hierophant:FieryStrike","hierophant:Alms"],"picked":"SKIP","floor":24},{"not_picked":["hierophant:MintersHammer","hierophant:Endure"],"picked":"hierophant:Chorus+1","floor":28},{"not_picked":["hierophant:RepressedViolence","hierophant:Sermon","hierophant:Anathema"],"picked":"SKIP","floor":29},{"not_picked":["hierophant:Upheaval","hierophant:Smite","hierophant:Doubloon"],"picked":"SKIP","floor":31},{"not_picked":["hierophant:WrathOfGod","hierophant:MintersHammer"],"picked":"hierophant:Kindle","floor":33},{"not_picked":["hierophant:AuricBeam+1","hierophant:FieryStrike+1","hierophant:HammerAndAnvil"],"picked":"SKIP","floor":35},{"not_picked":["hierophant:RepressedViolence+1","hierophant:Blessing"],"picked":"hierophant:Encroach+1","floor":37},{"not_picked":["hierophant:Dazzle+1","hierophant:Patience+1"],"picked":"hierophant:Shelter+1","floor":39},{"not_picked":["Chrysalis","The Bomb"],"picked":"Secret Weapon","floor":41},{"not_picked":["expansioncontent:CaCaw","expansioncontent:DonusPower"],"picked":"Panache","floor":41},{"not_picked":["hierophant:Sermon+1","hierophant:Mercenaries","hierophant:Shelter"],"picked":"SKIP","floor":42},{"not_picked":["hierophant:EyeForCoin+1","hierophant:Community","hierophant:Encroach"],"picked":"SKIP","floor":46},{"not_picked":["hierophant:Encroach","hierophant:RepressedViolence+1","hierophant:Invocation"],"picked":"SKIP","floor":48}],"player_experience":50487,"relics_obtained":[{"floor":7,"key":"Golden Egg"},{"floor":9,"key":"Mercury Hourglass"},{"floor":26,"key":"Replay:Bottled Snecko"},{"floor":28,"key":"CaptainsWheel"},{"floor":43,"key":"Replay:Bottled Steam"}],"event_choices":[{"damage_healed":0,"gold_gain":0,"player_choice":"Donut","damage_taken":0,"max_hp_gain":5,"max_hp_loss":0,"event_name":"Big Fish","floor":12,"gold_loss":0},{"damage_healed":0,"gold_gain":0,"player_choice":"Traded Relic","damage_taken":0,"relics_obtained":["Nloth\u0027s Gift"],"max_hp_gain":0,"max_hp_loss":0,"event_name":"N\u0027loth","floor":19,"relics_lost":["Mercury Hourglass"],"gold_loss":0},{"cards_removed":["hierophant:Defend_Hierophant"],"damage_healed":0,"gold_gain":0,"player_choice":"Offered Basic","damage_taken":0,"max_hp_gain":0,"max_hp_loss":0,"event_name":"Bonfire Elementals","floor":21,"gold_loss":0},{"cards_removed":["hierophant:Defend_Hierophant"],"damage_healed":0,"gold_gain":0,"player_choice":"Elegance","damage_taken":0,"max_hp_gain":0,"max_hp_loss":0,"event_name":"Back to Basics","floor":30,"gold_loss":0},{"damage_healed":0,"gold_gain":0,"player_choice":"Max HP","damage_taken":0,"max_hp_gain":0,"max_hp_loss":4,"event_name":"Winding Halls","floor":45,"gold_loss":0},{"damage_healed":0,"gold_gain":0,"player_choice":"Ignored","damage_taken":0,"max_hp_gain":0,"max_hp_loss":0,"event_name":"Mysterious Sphere","floor":47,"gold_loss":0}],"is_beta":false,"boss_relics":[{"not_picked":["Ring of Chaos","Coffee Dripper"],"picked":"Hololive_Finger"},{"not_picked":["Replay:Ancient Bell","Velvet Choker"],"picked":"Philosopher\u0027s Stone"}],"items_purged_floors":[38],"is_endless":false,"potions_floor_spawned":[1,3,5,11,13,16,22,33,35,46],"ascension_level":0}}