{"host":"ewfe3cr33ktd9xzj","time":1609805582,"event":{"mods":["AchievementEnabler","BaseMod","Colored Map","Custom Start","DeckTracker","Minty Spire (QoL Compilation)","Rare Cards Sparkle","StSLib","everything is the same but u backflip on backflip"],"gold_per_floor":[365,384,384,384,64,92,17,17,17,36,36,36,36],"floor_reached":12,"playtime":214,"items_purged":["Strike_G"],"score":152,"play_id":"2f5af9de-60cc-429d-be48-e4acf84a3097","local_time":"20210105091302","is_ascension_mode":true,"campfire_choices":[{"data":"Cloak And Dagger","floor":11,"key":"SMITH"}],"circlet_count":0,"master_deck":["AscendersBane","Strike_G","Strike_G","Strike_G","Strike_G","Defend_G","Defend_G","Defend_G","Defend_G","Defend_G","Survivor","Neutralize","All Out Attack","Flash of Steel","Cloak And Dagger+1"],"relics":["Ring of the Snake","PrismaticShard","Pantograph","Shuriken","Kunai"],"acts_visited":["Exordium"],"potions_floor_usage":[6,12],"damage_taken":[{"damage":2,"enemies":"2 Louse","floor":1,"turns":3},{"damage":9,"enemies":"Jaw Worm","floor":2,"turns":6},{"damage":24,"enemies":"Gremlin Nob","floor":6,"turns":4},{"damage":0,"enemies":"Cultist","floor":10,"turns":3},{"damage":0,"enemies":"Lagavulin","floor":12,"turns":1}],"seed_played":"7963077394438061000","potions_obtained":[{"floor":1,"key":"DistilledChaos"},{"floor":6,"key":"EntropicBrew"}],"is_trial":false,"path_per_floor":["M","M","?","?","$","E","$","T","T","M","R","E"],"character_chosen":"THE_SILENT","items_purchased":["PrismaticShard","Flash of Steel","Cloak And Dagger"],"campfire_rested":0,"item_purchase_floors":[5,5,5],"current_hp_per_floor":[57,48,48,53,53,29,29,29,29,29,29,29,29],"gold":36,"neow_bonus":"TWO_FIFTY_GOLD","is_daily":false,"chose_seed":true,"campfire_upgraded":1,"win_rate":0.0,"timestamp":1609805582,"path_taken":["M","M","?","?","?","E","$","?","T","?","R","E"],"items_purchased_type":["Relic","Card","Card"],"build_version":"2020-12-22","purchased_purges":1,"victory":false,"max_hp_per_floor":[60,60,60,65,65,65,65,65,65,65,65,65,65],"card_choices":[{"not_picked":["Concentrate","Underhanded Strike"],"picked":"All Out Attack","floor":1},{"not_picked":["All Out Attack","Slice","Flying Knee"],"picked":"SKIP","floor":2},{"not_picked":["Deadly Poison","Headbutt","Protect"],"picked":"SKIP","floor":6},{"not_picked":["All For One","Quick Slash","MentalFortress"],"picked":"SKIP","floor":10}],"player_experience":16801,"relics_obtained":[{"floor":6,"key":"Pantograph"},{"floor":8,"key":"Shuriken"},{"floor":9,"key":"Kunai"}],"event_choices":[{"damage_healed":0,"gold_gain":0,"player_choice":"Ignored","damage_taken":0,"max_hp_gain":0,"max_hp_loss":0,"event_name":"Liars Game","floor":3,"gold_loss":0},{"damage_healed":0,"gold_gain":0,"player_choice":"Donut","damage_taken":0,"max_hp_gain":5,"max_hp_loss":0,"event_name":"Big Fish","floor":4,"gold_loss":0}],"is_beta":false,"boss_relics":[],"items_purged_floors":[7],"is_endless":false,"potions_floor_spawned":[1,6],"killed_by":"Lagavulin","ascension_level":20}}