{"host":"Qube","time":1609833904,"event":{"mods":["AchievementEnabler","BaseMod","Colored Map","Colored Powertips","Minty Spire (QoL Compilation)","Quick Restart","Random Character Button","StSLib"],"gold_per_floor":[117,117,117,117,132,132,166,166,166,8,29,29,50,81,81,176,176,197,221,244,263,263,263,263],"floor_reached":23,"playtime":711,"items_purged":[],"score":396,"play_id":"9eb282e0-738a-45e0-832f-d0f85b4b8442","local_time":"20210105000504","is_ascension_mode":true,"campfire_choices":[{"data":"Bash","floor":6.0,"key":"SMITH"},{"data":"Sever Soul","floor":8.0,"key":"SMITH"},{"data":"Immolate","floor":12.0,"key":"SMITH"},{"data":"True Grit","floor":15.0,"key":"SMITH"}],"circlet_count":0,"master_deck":["AscendersBane","Strike_R+1","Strike_R+1","Strike_R+1","Strike_R+1","Strike_R+1","Defend_R+1","Defend_R+1","Defend_R+1","Bash+1","Armaments+1","Twin Strike","Sever Soul+1","Immolate+1","True Grit+1","Reckless Charge","Berserk","Sentinel","Flame Barrier","Shrug It Off"],"relics":["Burning Blood","NeowsBlessing","Golden Idol","Charon\u0027s Ashes","Blue Candle","Smiling Mask","Calling Bell","Pen Nib","Paper Frog","Du-Vu Doll"],"acts_visited":["Exordium","TheCity"],"potions_floor_usage":[21,21],"damage_taken":[{"damage":0.0,"enemies":"Jaw Worm","floor":1.0,"turns":1.0},{"damage":0.0,"enemies":"Small Slimes","floor":5.0,"turns":1.0},{"damage":0.0,"enemies":"Gremlin Nob","floor":7.0,"turns":1.0},{"damage":0.0,"enemies":"2 Louse","floor":11.0,"turns":1.0},{"damage":0.0,"enemies":"Blue Slaver","floor":13.0,"turns":2.0},{"damage":23.0,"enemies":"Lagavulin","floor":14.0,"turns":6.0},{"damage":45.0,"enemies":"Hexaghost","floor":16.0,"turns":9.0},{"damage":21.0,"enemies":"3 Byrds","floor":18.0,"turns":4.0},{"damage":0.0,"enemies":"Spheric Guardian","floor":19.0,"turns":3.0},{"damage":28.0,"enemies":"Centurion and Healer","floor":20.0,"turns":6.0},{"damage":6,"enemies":"Cultist and Chosen","floor":21,"turns":4},{"damage":39,"enemies":"Book of Stabbing","floor":23,"turns":4}],"seed_played":"6579002575543618625","potions_obtained":[{"floor":5.0,"key":"PowerPotion"},{"floor":11.0,"key":"BlessingOfTheForge"},{"floor":16.0,"key":"ElixirPotion"},{"floor":19.0,"key":"PowerPotion"},{"floor":20.0,"key":"BloodPotion"}],"is_trial":false,"path_per_floor":["M","?","?","?","M","R","E","R","T","$","M","R","M","E","R","B",null,"M","M","M","M","?","E"],"character_chosen":"IRONCLAD","items_purchased":["Immolate"],"campfire_rested":0,"item_purchase_floors":[10],"current_hp_per_floor":[74,67,67,41,47,47,53,53,53,53,59,59,65,48,48,9,59,44,50,28,43,43,4,4],"gold":263,"neow_bonus":"THREE_ENEMY_KILL","is_daily":false,"chose_seed":false,"campfire_upgraded":4,"win_rate":0.0,"timestamp":1609833904,"path_taken":["M","?","?","?","M","R","E","R","T","$","M","R","M","E","R","BOSS","M","M","M","M","?","E"],"items_purchased_type":["Card"],"build_version":"2020-12-18","purchased_purges":0,"victory":false,"max_hp_per_floor":[75,75,75,75,75,75,75,75,75,75,75,75,75,75,75,75,75,75,75,75,75,75,75,75],"card_choices":[{"not_picked":["True Grit","Cleave"],"picked":"Armaments","floor":1.0},{"not_picked":["Combust","Metallicize"],"picked":"Twin Strike","floor":5.0},{"not_picked":["Warcry","Anger"],"picked":"Sever Soul","floor":7.0},{"not_picked":["Feel No Pain","Cleave","Entrench"],"picked":"SKIP","floor":11.0},{"not_picked":["Carnage","Thunderclap"],"picked":"True Grit","floor":13.0},{"not_picked":["Perfected Strike","Brutality"],"picked":"Reckless Charge","floor":14.0},{"not_picked":["Limit Break","Brutality"],"picked":"Berserk","floor":16.0},{"not_picked":["Armaments","Havoc"],"picked":"Sentinel","floor":18.0},{"not_picked":["Shockwave","Perfected Strike+1"],"picked":"Flame Barrier","floor":19.0},{"not_picked":["Armaments+1","Twin Strike","Clash"],"picked":"SKIP","floor":20.0},{"not_picked":["Offering","Anger"],"picked":"Shrug It Off","floor":21}],"player_experience":775159,"relics_obtained":[{"floor":7.0,"key":"Charon\u0027s Ashes"},{"floor":9.0,"key":"Blue Candle"},{"floor":14.0,"key":"Smiling Mask"},{"floor":17.0,"key":"Pen Nib"},{"floor":17.0,"key":"Paper Frog"},{"floor":17.0,"key":"Du-Vu Doll"}],"event_choices":[{"cards_removed":["Defend_R"],"damage_healed":0.0,"max_hp_gain":0.0,"max_hp_loss":0.0,"gold_gain":0.0,"event_name":"Golden Wing","player_choice":"Card Removal","floor":2.0,"gold_loss":0.0,"damage_taken":7.0},{"damage_healed":0.0,"max_hp_gain":0.0,"max_hp_loss":0.0,"gold_gain":0.0,"event_name":"Living Wall","player_choice":"Grow","floor":3.0,"gold_loss":0.0,"damage_taken":0.0,"cards_upgraded":["Armaments"]},{"damage_healed":0.0,"max_hp_gain":0.0,"max_hp_loss":0.0,"gold_gain":0.0,"event_name":"Golden Idol","player_choice":"Take Damage","floor":4.0,"gold_loss":0.0,"damage_taken":26.0,"relics_obtained":["Golden Idol"]},{"damage_healed":0,"gold_gain":0,"player_choice":"Simplicity","damage_taken":0,"max_hp_gain":0,"max_hp_loss":0,"event_name":"Back to Basics","floor":22,"gold_loss":0,"cards_upgraded":["Strike_R","Strike_R","Strike_R","Strike_R","Strike_R","Defend_R","Defend_R","Defend_R"]}],"is_beta":true,"boss_relics":[{"not_picked":["Fusion Hammer","Ectoplasm"],"picked":"Calling Bell"}],"items_purged_floors":[],"is_endless":false,"potions_floor_spawned":[5,11,16,19,20],"killed_by":"Book of Stabbing","ascension_level":15}}