{"host":"27tk4xseidcli2mr","time":1609869932,"event":{"mods":["2.2 Compatiblity","AchievementEnabler","Aspiration","BaseMod","Better Third Choice","Conspire","Custom Start","Downfall","Hubris","Infinite Spire","Jorbs\u0027s Wanderer Trilogy","Minty Spire (QoL Compilation)","Replay The Spire","StSLib","SuperFastMode","[IsaacMod]????"],"gold_per_floor":[99,110,120,25,42,42,42,75,93,93,164,175,175,175,175,175,185,288,288,288,299,311,328,345,379,379,391,391,410,335,335,335,435,445,550,550,550,563,582,265,284,284,363,380,380,380,400,415,340,365,378,480,480,480,490,504,504,504,523,558,558,591,328,328,355,368,368,382,382,382,382],"floor_reached":69,"playtime":5460,"items_purged":["Guardian:Strike_Guardian","Guardian:Defend_Guardian","ReplayTheSpireMod:Restless Dread"],"score":985,"play_id":"5070bf4d-abbd-4e3b-82ac-9659e8a000fd","local_time":"20210105190532","is_ascension_mode":false,"campfire_choices":[{"data":"Guardian:TwinSlam","floor":1.0,"key":"SMITH"},{"data":"Guardian:DonusPower","floor":6.0,"key":"SMITH"},{"data":"Guardian:ConstructionForm","floor":10.0,"key":"SMITH"},{"data":"Guardian:BaubleBeam","floor":20.0,"key":"SMITH"},{"data":"Guardian:EvasiveProtocol","floor":30.0,"key":"SMITH"},{"data":"Guardian:DecasProtection","floor":32.0,"key":"SMITH"},{"data":"Guardian:RevengeProtocol","floor":37.0,"key":"SMITH"},{"floor":49.0,"key":"REST"},{"data":"Guardian:Strike_Guardian","floor":54.0,"key":"PURGE"},{"data":"infinitespire:OneForAll","floor":64.0,"key":"SMITH"}],"circlet_count":0,"master_deck":["Guardian:Defend_Guardian","Guardian:Defend_Guardian","Guardian:CurlUp","Guardian:TwinSlam+1","Guardian:ChargeUp","Guardian:DonusPower+1","Guardian:ConstructionForm+1","Guardian:ShieldCharger","Guardian:Recover","Guardian:BaubleBeam+1","Guardian:DecasProtection","Guardian:MultiBeam","Guardian:Suspension","Guardian:Recover","infinitespire:Starlight","Guardian:EvasiveProtocol+1","Guardian:DecasProtection+1","Guardian:FierceBash","Guardian:ArmoredProtocol","Guardian:ChargeCore","Replay:SS_fish_3","Guardian:MultiBeam","Guardian:RevengeProtocol+1","Guardian:PolyBeam","Guardian:RevengeProtocol","Guardian:PrimingBeam","Guardian:TimeBomb","expansioncontent:AwakenDeath","Guardian:Gem_Yellow","Guardian:ConstructionForm","Guardian:TimeSifter","Guardian:Gem_Red","Guardian:Gem_White","Guardian:Gem_Green","infinitespire:OneForAll+1"],"relics":["Guardian:ModeShifter","HushsDoor","GuppysTail","DeathBook","Eternal Feather","Juzu Bracelet","SatanicBible","downfall:HeartBlessingGreen","downfall:GremlinSack","aspiration:RunicSpoon","Replay:Wax Seal","Medical Kit","Mercury Hourglass","downfall:HeartBlessingBlue","TuHaoJin","SlaversCollar","StoneCalendar","aspiration:IroncladSkillbook","Guardian:PickAxe","conspire:TreasureMap"],"acts_visited":["Exordium","TheCity","TheBeyond","Exordium"],"potions_floor_usage":[69,69],"damage_taken":[{"damage":4.0,"enemies":"infinitespire:Voidling","floor":2.0,"turns":3.0},{"damage":4.0,"enemies":"Cultist","floor":3.0,"turns":4.0},{"damage":5.0,"enemies":"downfall:FleeingMerchant","floor":4.0,"turns":4.0},{"damage":0.0,"enemies":"conspire:RoseBush","floor":5.0,"turns":3.0},{"damage":0.0,"enemies":"3 Sentries","floor":8.0,"turns":1.0},{"damage":8.0,"enemies":"3 Louse","floor":9.0,"turns":4.0},{"damage":3.0,"enemies":"Exordium Thugs","floor":12.0,"turns":5.0},{"damage":17.0,"enemies":"Lots of Slimes","floor":17.0,"turns":5.0},{"damage":0.0,"enemies":"downfall:Ironclad","floor":18.0,"turns":10.0},{"damage":10.0,"enemies":"3 Byrds","floor":21.0,"turns":5.0},{"damage":0.0,"enemies":"conspire:FuzzyDice","floor":22.0,"turns":9.0},{"damage":0.0,"enemies":"Snake Plant","floor":23.0,"turns":7.0},{"damage":0.0,"enemies":"conspire:HollyBat","floor":24.0,"turns":10.0},{"damage":42.0,"enemies":"Nightmare","floor":25.0,"turns":15.0},{"damage":11.0,"enemies":"Centurion and Healer","floor":27.0,"turns":10.0},{"damage":0.0,"enemies":"Sentry and Sphere","floor":29.0,"turns":3.0},{"damage":10.0,"enemies":"Sentry and Sphere","floor":33.0,"turns":7.0},{"damage":11.0,"enemies":"conspire:HollyBat","floor":34.0,"turns":10.0},{"damage":39.0,"enemies":"downfall:Silent","floor":35.0,"turns":9.0},{"damage":30.0,"enemies":"3 Darklings","floor":38.0,"turns":5.0},{"damage":0.0,"enemies":"3 Shapes","floor":39.0,"turns":1.0},{"damage":2.0,"enemies":"downfall:FleeingMerchant","floor":40.0,"turns":4.0},{"damage":47.0,"enemies":"3 Darklings","floor":41.0,"turns":7.0},{"damage":13.0,"enemies":"4 Shapes","floor":44.0,"turns":10.0},{"damage":2.0,"enemies":"Transient","floor":47.0,"turns":5.0},{"damage":0.0,"enemies":"Sphere and 2 Shapes","floor":48.0,"turns":1.0},{"damage":0.0,"enemies":"Reptomancer","floor":50.0,"turns":12.0},{"damage":0.0,"enemies":"4 Shapes","floor":51.0,"turns":1.0},{"damage":0.0,"enemies":"downfall:Watcher","floor":52.0,"turns":10.0},{"damage":2.0,"enemies":"Jaw Worm","floor":55.0,"turns":7.0},{"damage":26.0,"enemies":"Small Slimes","floor":56.0,"turns":4.0},{"damage":0.0,"enemies":"Cultist","floor":59.0,"turns":7.0},{"damage":16.0,"enemies":"3 Sentries","floor":60.0,"turns":2.0},{"damage":12.0,"enemies":"3 Sentries","floor":61.0,"turns":3.0},{"damage":16.0,"enemies":"Replay:BlueRogue","floor":62.0,"turns":6.0},{"damage":24.0,"enemies":"downfall:FleeingMerchant","floor":63.0,"turns":4.0},{"damage":30.0,"enemies":"Lagavulin","floor":65.0,"turns":7.0},{"damage":0.0,"enemies":"2 Fungi Beasts","floor":66.0,"turns":2.0},{"damage":0.0,"enemies":"3 Louse","floor":68.0,"turns":1.0},{"damage":487,"enemies":"Delirium","floor":69,"turns":30}],"seed_played":"9222381595607086086","potions_obtained":[{"floor":9.0,"key":"Guardian:StasisDiscoveryPotion"},{"floor":12.0,"key":"ColorlessPotion"},{"floor":17.0,"key":"Energy Potion"},{"floor":18.0,"key":"Venom Potion"},{"floor":22.0,"key":"Venom Potion"},{"floor":23.0,"key":"Toxic Potion"},{"floor":34.0,"key":"Elixir"},{"floor":38.0,"key":"champ:CounterPotion"},{"floor":39.0,"key":"Weak Potion"},{"floor":41.0,"key":"Dexterity Potion"},{"floor":47.0,"key":"EssenceOfSteel"},{"floor":50.0,"key":"SpeedPotion"},{"floor":55.0,"key":"hexamod:EctoCoolerPotion"},{"floor":59.0,"key":"Swift Potion"},{"floor":62.0,"key":"Death Potion"}],"is_trial":false,"path_per_floor":["R","M","M","$","M","R","T","E","M","R","T","M","PTL","PTL","?","?","M","B",null,"R","M","M","M","M","NM","T","M","?","M","R","?","R","?","M","B",null,"R","M","M","$","M","?","T","M","?","?","M","M","R","E","M","B",null,"R","M","M","AVR","?","M","E","?","E","$","R","E","M","?","M","B"],"character_chosen":"GUARDIAN","items_purchased":["Guardian:DonusPower","Replay:Wax Seal","Guardian:PrimingBeam","Medical Kit","conspire:TreasureMap"],"campfire_rested":1,"item_purchase_floors":[4,40,40,40,63],"current_hp_per_floor":[80,80,76,71,71,71,71,71,63,72,72,69,69,69,69,69,52,52,80,80,70,70,70,70,28,28,27,27,37,49,49,61,51,50,21,80,80,50,50,58,21,21,21,28,28,28,26,26,81,90,90,90,90,90,90,70,70,70,90,78,70,68,58,79,63,77,90,90,0,0,0],"gold":382,"neow_bonus":"REMOVE_CARD","is_daily":false,"chose_seed":false,"campfire_upgraded":8,"win_rate":0.0,"timestamp":1609869932,"path_taken":["R","M","M","$","?","R","T","E","M","R","?","M","PTL","PTL","?","?","M","BOSS","R","M","M","M","M","NM","T","M","?","M","R","?","R","?","M","BOSS","R","M","M","$","M","?","T","M","?","?","M","M","R","E","M","BOSS","R","M","M","AVR","?","M","E","?","E","$","R","E","M","?","M","BOSS"],"items_purchased_type":["Card","Relic","Card","Relic","Relic"],"build_version":"2020-12-22","purchased_purges":3,"victory":false,"max_hp_per_floor":[80,80,80,80,80,80,80,80,80,80,80,80,80,80,80,80,80,80,80,80,80,80,80,80,80,80,80,80,80,80,80,80,80,80,80,80,80,80,80,80,80,80,80,80,80,80,80,80,90,90,90,90,90,90,90,90,90,90,90,90,90,90,90,90,90,90,90,90,90,90,90],"card_choices":[{"not_picked":["Guardian:Gem_Red","Guardian:GuardianWhirl"],"picked":"Bomb","floor":2.0},{"not_picked":["Guardian:TemporalStrike","Guardian:Planning"],"picked":"Guardian:Gem_Red","floor":3.0},{"not_picked":["Guardian:ShieldSpikes","Guardian:ChargeCore"],"picked":"Guardian:ChargeUp","floor":4.0},{"not_picked":["Guardian:MultiBeam","Guardian:Repulse"],"picked":"Guardian:ConstructionForm","floor":5.0},{"not_picked":["Guardian:Reroute","Guardian:Gem_Cyan"],"picked":"Guardian:ShieldCharger","floor":8.0},{"not_picked":["Guardian:Incinerate","Guardian:CrystalBeam"],"picked":"Guardian:Recover","floor":9.0},{"not_picked":["Guardian:PiercingHide","Guardian:Gem_Cyan"],"picked":"Guardian:BaubleBeam","floor":12.0},{"not_picked":["Guardian:Clone","Guardian:Gem_Red"],"picked":"Guardian:DecasProtection","floor":17.0},{"not_picked":["Guardian:StasisField","Guardian:HyperBeam_Guardian"],"picked":"Guardian:Gem_Synthetic","floor":18.0},{"not_picked":["Guardian:GuardianWhirl","Guardian:VentSteam"],"picked":"Guardian:Gem_Blue","floor":21.0},{"not_picked":["Guardian:Gem_Crimson","Guardian:Reroute"],"picked":"Guardian:MultiBeam","floor":22.0},{"not_picked":["Guardian:Gem_Lightblue","Guardian:TemporalStrike"],"picked":"Guardian:Suspension","floor":23.0},{"not_picked":["Guardian:CrystalBeam","Guardian:Gem_Cyan"],"picked":"Guardian:Recover","floor":24.0},{"not_picked":["ReplayTheSpireMod:??????????????????????","ReplayTheSpireMod:Echoes of Time"],"picked":"infinitespire:Starlight","floor":25.0},{"not_picked":["Guardian:TemporalStrike","Guardian:FloatingOrbs+1"],"picked":"Guardian:EvasiveProtocol","floor":25.0},{"not_picked":["Guardian:ChargeUp","Guardian:ShieldCharger+1"],"picked":"Guardian:DecasProtection","floor":27.0},{"not_picked":["Guardian:ChargeCore","Guardian:CrystalBeam"],"picked":"Guardian:Gem_Blue","floor":29.0},{"not_picked":["Guardian:Suspension","Guardian:ShieldCharger+1"],"picked":"Guardian:MultiBeam","floor":33.0},{"not_picked":["Guardian:GemFire","Guardian:Recover","Guardian:Gem_Green"],"picked":"SKIP","floor":34.0},{"not_picked":["Guardian:AncientConstruct","Guardian:StasisField"],"picked":"Guardian:RevengeProtocol","floor":35.0},{"not_picked":["Guardian:Gem_Lightblue","Guardian:ChargeUp+1","Guardian:Incinerate"],"picked":"SKIP","floor":38.0},{"not_picked":["Guardian:ChargeUp","Guardian:PrismaticBarrier+1"],"picked":"Guardian:PolyBeam","floor":39.0},{"not_picked":["Guardian:TemporalStrike","Guardian:ChargeCore"],"picked":"Guardian:RevengeProtocol","floor":40.0},{"not_picked":["Guardian:DecasProtection","Guardian:Gem_Green"],"picked":"Guardian:TimeBomb","floor":41.0},{"not_picked":["expansioncontent:LastStand","expansioncontent:DonusPower"],"picked":"expansioncontent:AwakenDeath","floor":42.0},{"not_picked":["Guardian:CrystalBeam","Guardian:Gem_Fragmented","Guardian:TemporalShield+1"],"picked":"SKIP","floor":44.0},{"not_picked":["Guardian:DonusPower+1","Guardian:FierceBash","Guardian:TemporalShield"],"picked":"SKIP","floor":47.0},{"not_picked":["Guardian:Emergency","Guardian:Recover+1"],"picked":"Guardian:Gem_Yellow","floor":48.0},{"not_picked":["Guardian:Clone","Guardian:RollAttack"],"picked":"Guardian:ConstructionForm","floor":50.0},{"not_picked":["Guardian:Incinerate","Guardian:PrismaticBeam","Guardian:PolyBeam"],"picked":"SKIP","floor":51.0},{"not_picked":["Guardian:BaubleBeam","Guardian:HyperBeam_Guardian"],"picked":"Guardian:TimeSifter","floor":52.0},{"not_picked":["Guardian:Repulse","Guardian:RollAttack","Guardian:Gem_Crimson"],"picked":"SKIP","floor":55.0},{"not_picked":["Guardian:Recover","Guardian:ChargeUp"],"picked":"Guardian:Gem_Red","floor":56.0},{"not_picked":["Iron Wave","Body Slam","Flame Barrier","Thunderclap"],"picked":"SKIP","floor":59.0},{"not_picked":["Iron Wave","Shockwave","Guardian:VentSteam","Anger"],"picked":"SKIP","floor":60.0},{"not_picked":["Feel No Pain","ReplayTheSpireMod:Muscle Training","Guardian:SpikerProtocol","Guardian:CrystalBeam"],"picked":"SKIP","floor":62.0},{"not_picked":["Sword Boomerang","Guardian:Emergency","Guardian:ConstructionForm"],"picked":"infinitespire:OneForAll","floor":63.0},{"not_picked":["Clash","Guardian:Gem_Cyan","Armaments","Dark Embrace"],"picked":"SKIP","floor":65.0},{"not_picked":["Seeing Red","ReplayTheSpireMod:Corrosion Curse","Inflame","Shrug It Off"],"picked":"SKIP","floor":66.0},{"not_picked":["Evolve","Armaments","Guardian:PrimingBeam","hubris:SharpeningStone"],"picked":"SKIP","floor":68.0}],"player_experience":1284226,"relics_obtained":[{"floor":7.0,"key":"DeathBook"},{"floor":8.0,"key":"Eternal Feather"},{"floor":25.0,"key":"Juzu Bracelet"},{"floor":26.0,"key":"SatanicBible"},{"floor":33.0,"key":"downfall:GremlinSack"},{"floor":43.0,"key":"Mercury Hourglass"},{"floor":50.0,"key":"TuHaoJin"}],"event_choices":[{"cards_removed":["Guardian:Gem_Lightblue"],"damage_healed":0.0,"max_hp_gain":0.0,"max_hp_loss":0.0,"gold_gain":0.0,"event_name":"Falling","player_choice":"Removed Skill","floor":46.0,"gold_loss":0.0,"damage_taken":0.0},{"cards_removed":["Guardian:Gem_Fragmented"],"damage_healed":13.0,"max_hp_gain":0.0,"max_hp_loss":0.0,"gold_gain":0.0,"event_name":"Bonfire Elementals","player_choice":"Offered Uncommon","floor":67.0,"gold_loss":0.0,"damage_taken":0.0}],"is_beta":false,"boss_relics":[{"not_picked":["Honey Jar","Replay:Bronze Core","Painkiller Herb"]},{"not_picked":["Philosopher\u0027s Stone","ReplayTheSpireMod:SealedPack"],"picked":"aspiration:RunicSpoon"},{"not_picked":[]},{"not_picked":["conspire:SeveredTorchhead","conspire:SlowCooker"],"picked":"SlaversCollar"},{"not_picked":[]}],"items_purged_floors":[40,57,63],"is_endless":true,"potions_floor_spawned":[9,12,17,18,22,23,24,34,38,39,41,47,50,55,59,62,65,68],"killed_by":"Delirium","ascension_level":0}}