{"host":"soyfmymeou4emntr","time":1609820731,"event":{"mods":["BaseMod","Minty Spire (QoL Compilation)","Relic Sorter","Relic Stats","StSLib"],"gold_per_floor":[110,185,25,25,40,65,77,77,77,90,102,131,131,12,12,84,84,96,9,9,21,21,21,34,46,73,102,102,17,37,37,37,112,112,132,132,148,148,166,166,5,37,117,142,142,158,158,0,0,0,0],"floor_reached":50,"playtime":4986,"items_purged":["Strike_G"],"score":1281,"play_id":"707d5931-6a7b-4173-86fe-82f4a82f0db7","local_time":"20210104212531","is_ascension_mode":true,"campfire_choices":[{"data":"Catalyst","floor":8.0,"key":"SMITH"},{"data":"After Image","floor":15.0,"key":"SMITH"},{"floor":23.0,"key":"REST"},{"floor":28.0,"key":"REST"},{"floor":32.0,"key":"REST"},{"floor":40,"key":"REST"},{"floor":45,"key":"RECALL"},{"floor":49,"key":"REST"}],"circlet_count":0,"master_deck":["AscendersBane","Strike_G","Strike_G","Defend_G","Defend_G+1","Defend_G","Defend_G","Defend_G","Neutralize","Poisoned Stab","Adrenaline+1","Bouncing Flask","Catalyst+1","Deadly Poison","After Image+1","Noxious Fumes","Night Terror","Catalyst","Leg Sweep","Skewer","Backstab","Footwork+1","Dash","Setup","Deflect+1","Tools of the Trade+1","Caltrops+1","Master of Strategy","Caltrops+1","Catalyst+1","Caltrops+1"],"relics":["Ring of the Snake","NeowsBlessing","Membership Card","Incense Burner","Shuriken","Unceasing Top","Ancient Tea Set","Runic Pyramid","White Beast Statue","Blood Vial","War Paint","Frozen Egg 2","SacredBark","Gambling Chip","Molten Egg 2","Ornamental Fan","Red Mask"],"acts_visited":["Exordium","TheCity","TheBeyond"],"potions_floor_usage":[37,39,44,44,46],"damage_taken":[{"damage":0.0,"enemies":"Small Slimes","floor":1.0,"turns":1.0},{"damage":0.0,"enemies":"Jaw Worm","floor":5.0,"turns":1.0},{"damage":0.0,"enemies":"3 Sentries","floor":6.0,"turns":1.0},{"damage":1.0,"enemies":"Cultist","floor":7.0,"turns":3.0},{"damage":3.0,"enemies":"Exordium Wildlife","floor":10.0,"turns":4.0},{"damage":2.0,"enemies":"Red Slaver","floor":11.0,"turns":3.0},{"damage":0.0,"enemies":"Lagavulin","floor":12.0,"turns":2.0},{"damage":23.0,"enemies":"Hexaghost","floor":16.0,"turns":4.0},{"damage":34.0,"enemies":"2 Thieves","floor":18.0,"turns":5.0},{"damage":0.0,"enemies":"Shell Parasite","floor":21.0,"turns":3.0},{"damage":0.0,"enemies":"Snecko","floor":24.0,"turns":4.0},{"damage":1.0,"enemies":"Snake Plant","floor":25.0,"turns":4.0},{"damage":29.0,"enemies":"Book of Stabbing","floor":27.0,"turns":9.0},{"damage":21.0,"enemies":"Sentry and Sphere","floor":30.0,"turns":6.0},{"damage":5.0,"enemies":"Champ","floor":33.0,"turns":6.0},{"damage":0.0,"enemies":"3 Shapes","floor":35.0,"turns":3.0},{"damage":13,"enemies":"3 Darklings","floor":37,"turns":7},{"damage":11,"enemies":"4 Shapes","floor":39,"turns":5},{"damage":0,"enemies":"Nemesis","floor":42,"turns":3},{"damage":6,"enemies":"Reptomancer","floor":44,"turns":3},{"damage":28,"enemies":"Jaw Worm Horde","floor":46,"turns":6},{"damage":61,"enemies":"Donu and Deca","floor":50,"turns":6}],"seed_played":"-4135413764731863946","potions_obtained":[{"floor":5.0,"key":"DuplicationPotion"},{"floor":6.0,"key":"Swift Potion"},{"floor":10.0,"key":"Explosive Potion"},{"floor":24.0,"key":"Dexterity Potion"},{"floor":27.0,"key":"Regen Potion"},{"floor":30.0,"key":"Ancient Potion"},{"floor":33.0,"key":"CunningPotion"},{"floor":35.0,"key":"Explosive Potion"},{"floor":37,"key":"PowerPotion"},{"floor":39,"key":"EssenceOfSteel"},{"floor":42,"key":"GhostInAJar"},{"floor":44,"key":"Weak Potion"},{"floor":46,"key":"SmokeBomb"}],"is_trial":false,"path_per_floor":["M","?","$","?","M","E","M","R","T","M","M","E","?","$","R","B",null,"M","$","?","M","?","R","M","M","T","E","R","?","M","$","R","B",null,"M","?","M","?","M","R","$","E","T","E","R","M","?","?","R","B"],"character_chosen":"THE_SILENT","items_purchased":["Membership Card","DuplicationPotion","Noxious Fumes","Catalyst","Leg Sweep","SpeedPotion","Gambling Chip"],"campfire_rested":5,"item_purchase_floors":[3,14,14,19,19,19,41],"current_hp_per_floor":[59,48,48,37,37,37,36,36,36,33,31,31,53,53,53,30,57,23,23,23,23,23,42,42,41,41,14,33,33,29,29,48,45,61,63,58,47,47,38,57,57,59,59,55,55,29,29,29,48,0,0],"gold":0,"neow_bonus":"THREE_ENEMY_KILL","is_daily":false,"chose_seed":false,"campfire_upgraded":2,"win_rate":0.0,"timestamp":1609820731,"path_taken":["M","?","$","?","M","E","M","R","T","M","M","E","?","?","R","BOSS","M","$","?","M","?","R","?","?","T","E","R","?","M","?","R","BOSS","M","?","M","?","M","R","$","E","T","E","R","?","?","?","R","BOSS"],"items_purchased_type":["Relic","Potion","Card","Card","Card","Potion","Relic"],"build_version":"2020-12-22","purchased_purges":1,"victory":false,"max_hp_per_floor":[66,66,66,66,66,66,66,66,66,66,66,66,66,66,66,66,66,66,66,66,66,66,66,66,66,66,66,66,66,66,66,66,66,66,66,66,66,66,66,66,66,66,66,66,66,66,66,66,66,66,66],"relic_stats":{"Blood Vial":20,"counters":[22,89],"Shuriken":[7],"Ornamental Fan":[4],"Gambling Chip":[10],"War Paint":["Defend_G","Adrenaline"],"obtain_stats":[{"NeowsBlessing":0,"SacredBark":34,"Incense Burner":4,"War Paint":27,"Frozen Egg 2":29,"Ancient Tea Set":12,"White Beast Statue":22,"Blood Vial":26,"Shuriken":6,"Ornamental Fan":43,"Gambling Chip":41,"Molten Egg 2":42,"Red Mask":48,"Membership Card":3,"Unceasing Top":9,"Ring of the Snake":0,"Runic Pyramid":17},{"NeowsBlessing":0,"SacredBark":15,"Incense Burner":1,"War Paint":13,"Frozen Egg 2":13,"Ancient Tea Set":7,"White Beast Statue":10,"Blood Vial":12,"Shuriken":3,"Ornamental Fan":19,"Gambling Chip":18,"Molten Egg 2":19,"Red Mask":21,"Membership Card":1,"Unceasing Top":4,"Ring of the Snake":0,"Runic Pyramid":8},{"NeowsBlessing":0,"SacredBark":56,"Incense Burner":1,"War Paint":44,"Frozen Egg 2":44,"Ancient Tea Set":15,"White Beast Statue":27,"Blood Vial":35,"Shuriken":3,"Ornamental Fan":74,"Gambling Chip":71,"Molten Egg 2":74,"Red Mask":83,"Membership Card":1,"Unceasing Top":6,"Ring of the Snake":0,"Runic Pyramid":19}],"Unceasing Top":[0],"Ring of the Snake":[44]},"card_choices":[{"not_picked":["Slice","Dagger Spray"],"picked":"Poisoned Stab","floor":1.0},{"not_picked":["Backflip","Deflect"],"picked":"Adrenaline","floor":5.0},{"not_picked":["Well Laid Plans","Poisoned Stab"],"picked":"Bouncing Flask","floor":6.0},{"not_picked":["Deflect","Well Laid Plans"],"picked":"Catalyst","floor":7.0},{"not_picked":["Bane","Prepared"],"picked":"Deadly Poison","floor":10.0},{"not_picked":["Prepared","Bane","Sucker Punch"],"picked":"SKIP","floor":11.0},{"not_picked":["Dagger Throw","Caltrops"],"picked":"After Image","floor":12.0},{"not_picked":["Storm of Steel","Doppelganger"],"picked":"Night Terror","floor":16.0},{"not_picked":["Deadly Poison","Bane"],"picked":"Dagger Spray","floor":18.0},{"not_picked":["Well Laid Plans","Deflect","Cloak And Dagger"],"picked":"SKIP","floor":21.0},{"not_picked":["Poisoned Stab","Underhanded Strike"],"picked":"Footwork+1","floor":24.0},{"not_picked":["Well Laid Plans","Setup"],"picked":"Dash","floor":25.0},{"not_picked":["Sucker Punch","Dash"],"picked":"Setup","floor":27.0},{"not_picked":["Acrobatics","Backflip"],"picked":"Deflect+1","floor":30.0},{"not_picked":["Glass Knife","Storm of Steel"],"picked":"Tools of the Trade+1","floor":33.0},{"not_picked":["Bane","Blur"],"picked":"Caltrops+1","floor":35.0},{"not_picked":["Dramatic Entrance","Jack Of All Trades"],"picked":"Master of Strategy","floor":36.0},{"not_picked":["Deflect","Finisher"],"picked":"Caltrops+1","floor":37},{"not_picked":["Setup","Deadly Poison","Outmaneuver"],"picked":"SKIP","floor":39},{"not_picked":["Infinite Blades+1","Prepared"],"picked":"Caltrops+1","floor":42},{"not_picked":["Flying Knee+1","Reflex","Cloak And Dagger"],"picked":"SKIP","floor":44},{"not_picked":["Expertise","Poisoned Stab+1","Reflex"],"picked":"SKIP","floor":46}],"player_experience":2796913,"relics_obtained":[{"floor":6.0,"key":"Shuriken"},{"floor":9.0,"key":"Unceasing Top"},{"floor":12.0,"key":"Ancient Tea Set"},{"floor":26.0,"key":"Blood Vial"},{"floor":27.0,"key":"War Paint"},{"floor":42,"key":"Molten Egg 2"},{"floor":43,"key":"Ornamental Fan"}],"event_choices":[{"damage_healed":0.0,"max_hp_gain":0.0,"max_hp_loss":0.0,"gold_gain":75.0,"event_name":"World of Goop","player_choice":"Gather Gold","floor":2.0,"gold_loss":0.0,"damage_taken":11.0},{"damage_healed":0.0,"max_hp_gain":0.0,"max_hp_loss":0.0,"gold_gain":0.0,"event_name":"Scrap Ooze","player_choice":"Success","floor":4.0,"gold_loss":0.0,"damage_taken":11.0,"relics_obtained":["Incense Burner"]},{"damage_healed":22.0,"max_hp_gain":0.0,"max_hp_loss":0.0,"gold_gain":0.0,"event_name":"Big Fish","player_choice":"Banana","floor":13.0,"gold_loss":0.0,"damage_taken":0.0},{"damage_healed":0.0,"max_hp_gain":0.0,"max_hp_loss":0.0,"gold_gain":0.0,"cards_transformed":["Strike_G","Strike_G"],"event_name":"Drug Dealer","player_choice":"Became Test Subject","floor":20.0,"gold_loss":0.0,"damage_taken":0.0,"cards_obtained":["Skewer","Backstab"]},{"cards_removed":["Dagger Spray"],"damage_healed":0.0,"max_hp_gain":0.0,"max_hp_loss":0.0,"gold_gain":0.0,"event_name":"WeMeetAgain","player_choice":"Gave Card","floor":22.0,"gold_loss":0.0,"damage_taken":0.0,"relics_obtained":["White Beast Statue"]},{"damage_healed":0.0,"max_hp_gain":0.0,"max_hp_loss":0.0,"gold_gain":0.0,"event_name":"Addict","player_choice":"Obtained Relic","floor":29.0,"gold_loss":85.0,"damage_taken":0.0,"relics_obtained":["Frozen Egg 2"]},{"damage_healed":0.0,"max_hp_gain":0.0,"max_hp_loss":0.0,"gold_gain":0.0,"event_name":"SensoryStone","player_choice":"Memory 2","floor":36.0,"gold_loss":0.0,"damage_taken":5.0},{"damage_healed":0,"gold_gain":0,"player_choice":"Copied","damage_taken":0,"max_hp_gain":0,"max_hp_loss":0,"event_name":"Duplicator","floor":38,"gold_loss":0,"cards_obtained":["Catalyst"]},{"cards_removed":["Survivor"],"damage_healed":0,"gold_gain":0,"player_choice":"Removed Skill","damage_taken":0,"max_hp_gain":0,"max_hp_loss":0,"event_name":"Falling","floor":47,"gold_loss":0},{"damage_healed":0,"gold_gain":0,"player_choice":"Paid","damage_taken":0,"relics_obtained":["Red Mask"],"max_hp_gain":0,"max_hp_loss":0,"event_name":"Tomb of Lord Red Mask","floor":48,"gold_loss":158}],"is_beta":false,"boss_relics":[{"not_picked":["Sozu","Empty Cage"],"picked":"Runic Pyramid"},{"not_picked":["Astrolabe","Busted Crown"],"picked":"SacredBark"}],"items_purged_floors":[14],"is_endless":false,"potions_floor_spawned":[5,6,10,24,25,27,30,33,35,37,39,42,44,46],"killed_by":"Donu and Deca","ascension_level":20}}