{"host":"9v3x998ddbx8o276","time":1609846439,"event":{"mods":["AchievementEnabler","BaseMod","Colored Map","Colored Powertips","Highlight Path","Minty Spire (QoL Compilation)","Quick Restart","Rare Cards Sparkle"],"gold_per_floor":[117,136,286,211,211,211,229,229,280,280,280,309,329,102,102,181,181,198,31,306,0,0,0,0,0],"floor_reached":24,"playtime":643,"items_purged":[],"score":380,"play_id":"2224652f-73b5-4110-845c-b107ea620acb","local_time":"20210105220359","is_ascension_mode":true,"campfire_choices":[{"floor":6.0,"key":"REST"},{"data":"Consume","floor":8.0,"key":"SMITH"},{"data":"Zap","floor":10.0,"key":"SMITH"},{"floor":15.0,"key":"REST"},{"data":"Creative AI","floor":23.0,"key":"SMITH"}],"circlet_count":0,"master_deck":["AscendersBane","Strike_B+1","Strike_B+1","Defend_B","Defend_B","Defend_B","Zap+1","Dualcast","Consume+1","Cold Snap","Coolheaded","Self Repair","Coolheaded","Turbo","Echo Form","White Noise","Go for the Eyes","Beam Cell","Gash","Ball Lightning","Creative AI+1","Meteor Strike+1","Self Repair+1","Barrage+1","Regret"],"relics":["Inserter","Ancient Tea Set","Ornamental Fan","Dream Catcher","Orrery","Astrolabe","Nunchaku","Membership Card","Bottled Tornado"],"acts_visited":["Exordium","TheCity"],"potions_floor_usage":[24,24],"damage_taken":[{"damage":6.0,"enemies":"Jaw Worm","floor":1.0,"turns":6.0},{"damage":6.0,"enemies":"2 Louse","floor":2.0,"turns":4.0},{"damage":8.0,"enemies":"Small Slimes","floor":7.0,"turns":4.0},{"damage":10.0,"enemies":"3 Sentries","floor":12.0,"turns":9.0},{"damage":4.0,"enemies":"Looter","floor":13.0,"turns":4.0},{"damage":31.0,"enemies":"The Guardian","floor":16.0,"turns":11.0},{"damage":25.0,"enemies":"Chosen","floor":18.0,"turns":7.0},{"damage":69,"enemies":"Slavers","floor":24,"turns":3}],"seed_played":"-3408230156742601834","potions_obtained":[{"floor":1.0,"key":"Strength Potion"},{"floor":7.0,"key":"BlessingOfTheForge"}],"is_trial":false,"path_per_floor":["M","M","?","?","?","R","M","R","T","R","T","E","M","$","R","B",null,"M","$","?","$","$","R","E"],"character_chosen":"DEFECT","items_purchased":["Turbo","Orrery","Nunchaku","Membership Card","Bottled Tornado"],"campfire_rested":2,"item_purchase_floors":[14,14,19,21,21],"current_hp_per_floor":[58,52,52,52,31,52,44,44,44,44,44,34,37,37,58,34,62,64,64,64,64,64,64,0,0],"gold":0,"neow_bonus":"BOSS_RELIC","is_daily":false,"chose_seed":false,"campfire_upgraded":3,"win_rate":0.0,"timestamp":1609846439,"path_taken":["M","M","?","?","?","R","M","R","T","R","?","E","?","$","R","BOSS","M","$","?","?","$","R","E"],"items_purchased_type":["Card","Relic","Relic","Relic","Relic"],"build_version":"2020-12-22","purchased_purges":0,"victory":false,"max_hp_per_floor":[71,71,71,71,71,71,71,71,71,71,71,71,71,71,71,71,71,71,71,71,71,71,71,71,71],"card_choices":[{"not_picked":["Chaos","Coolheaded"],"picked":"Consume","floor":1.0},{"not_picked":["Fusion","Rip and Tear"],"picked":"Cold Snap","floor":2.0},{"not_picked":["Turbo","Tempest"],"picked":"Coolheaded","floor":7.0},{"not_picked":["Rebound","Barrage"],"picked":"Self Repair","floor":12.0},{"not_picked":["Turbo","Streamline"],"picked":"Coolheaded","floor":13.0},{"not_picked":["Reprogram","Turbo"],"picked":"Echo Form","floor":14.0},{"not_picked":["Recycle","Double Energy"],"picked":"White Noise","floor":14.0},{"not_picked":["Steam","Scrape"],"picked":"Go for the Eyes","floor":14.0},{"not_picked":["Gash","Coolheaded"],"picked":"Beam Cell","floor":14.0},{"not_picked":["Fusion","Leap"],"picked":"Gash","floor":14.0},{"not_picked":["Beam Cell","Steam"],"picked":"Ball Lightning","floor":15.0},{"not_picked":["Multi-Cast","Buffer"],"picked":"Creative AI","floor":16.0},{"not_picked":["Consume","Chill","Coolheaded"],"picked":"SKIP","floor":18.0}],"player_experience":2087513,"relics_obtained":[{"floor":9.0,"key":"Ancient Tea Set"},{"floor":11.0,"key":"Ornamental Fan"},{"floor":12.0,"key":"Dream Catcher"}],"event_choices":[{"damage_healed":0.0,"max_hp_gain":0.0,"max_hp_loss":0.0,"gold_gain":150.0,"event_name":"Liars Game","player_choice":"AGREE","floor":3.0,"gold_loss":0.0,"damage_taken":0.0,"cards_obtained":["Doubt"]},{"cards_removed":["Doubt"],"damage_healed":0.0,"max_hp_gain":0.0,"max_hp_loss":0.0,"gold_gain":0.0,"event_name":"The Cleric","player_choice":"Card Removal","floor":4.0,"gold_loss":75.0,"damage_taken":0.0},{"damage_healed":0.0,"max_hp_gain":0.0,"max_hp_loss":0.0,"gold_gain":0.0,"event_name":"Shining Light","player_choice":"Entered Light","floor":5.0,"gold_loss":0.0,"damage_taken":21.0,"cards_upgraded":["Strike_B","Strike_B"]},{"damage_healed":0.0,"max_hp_gain":0.0,"max_hp_loss":0.0,"gold_gain":275.0,"event_name":"Golden Shrine","player_choice":"Desecrate","floor":20.0,"gold_loss":0.0,"damage_taken":0.0,"cards_obtained":["Regret"]}],"is_beta":false,"boss_relics":[{"not_picked":["Fusion Hammer","Busted Crown"],"picked":"Astrolabe"}],"items_purged_floors":[],"is_endless":false,"potions_floor_spawned":[1,7,18],"killed_by":"Slavers","ascension_level":20}}