{"host":"3vgzk5mhz751jdrj","time":1609842457,"event":{"mods":["2.2 Compatiblity","AchievementEnabler","Act Like it!","Aspiration","BaseMod","Better Match","Better Note","Better Sensory Stone","Better Skull","Better Third Choice","Block Reminder","Colored Map","Conspire","Displayed Cursed Tome","Downfall","Friendly Minions","GifTheSpireLib","Halation","Hubris","Marked Mod","Mimic Mod","Minty Spire (QoL Compilation)","Quick Restart","Rare Cards Sparkle","Replay The Spire","Reworked Bosses","Shop Mod","Spicy Shops","Spikes Relics","StSLib","Stuff the Spire","Trackpad","vexMod"],"gold_per_floor":[99,99,99,99,25,25,25,25,42,103,114,148,168,184,203,203,203,203],"floor_reached":16,"playtime":34710,"items_purged":[],"score":100,"play_id":"ef89da94-4727-4ff2-b61a-471ff6ddb25f","local_time":"20210105052737","is_ascension_mode":false,"campfire_choices":[{"data":"champ:Taunt","floor":1,"key":"SMITH"},{"data":"champ:IronFortress","floor":6,"key":"SMITH"}],"circlet_count":0,"master_deck":["champ:Strike","champ:Strike","champ:Strike","champ:Strike","champ:Defend","champ:Defend","champ:Defend","champ:Defend","champ:Execute","champ:Taunt+1","champ:EnragedBash","champ:AdrenalArmor","champ:IronFortress+1","champ:Duel","champ:GutPunch","ReplayTheSpireMod:Splinters","champ:FaceSlap","champ:Improvising","champ:FlashCut","champ:StanceDance","champ:Encircle"],"relics":["champ:ChampionCrown","downfall:HeartsMalice","trackpad:RapidFire","champ:DefensiveTrainingManual"],"acts_visited":["Exordium"],"potions_floor_usage":[12,12,16],"damage_taken":[{"damage":0,"enemies":"Jaw Worm","floor":2,"turns":1},{"damage":0,"enemies":"downfall:FleeingMerchant","floor":5,"turns":1},{"damage":0,"enemies":"2 Louse","floor":8,"turns":1},{"damage":7,"enemies":"Cultist","floor":9,"turns":3},{"damage":14,"enemies":"Large Slime","floor":11,"turns":5},{"damage":16,"enemies":"3 Sentries","floor":12,"turns":4},{"damage":18,"enemies":"Gremlin Gang","floor":13,"turns":5},{"damage":15,"enemies":"3 Louse","floor":14,"turns":4},{"damage":6,"enemies":"Exordium Wildlife","floor":15,"turns":2},{"damage":78,"enemies":"downfall:Ironclad","floor":16,"turns":6}],"seed_played":"-3301268971961996111","potions_obtained":[{"floor":10,"key":"champ:CounterPotion"},{"floor":11,"key":"Fire Potion"},{"floor":14,"key":"conspire:TimeTravelPotion"}],"is_trial":false,"path_per_floor":["R","M","?","?","$","R","T","M","M","?","M","E","M","M","M","B"],"character_chosen":"THE_CHAMP","items_purchased":["champ:IronFortress"],"campfire_rested":0,"item_purchase_floors":[5],"current_hp_per_floor":[90,90,90,90,90,90,90,90,90,90,86,72,60,53,49,0,0,0],"gold":203,"neow_bonus":"THREE_ENEMY_KILL","is_daily":false,"chose_seed":false,"campfire_upgraded":2,"win_rate":0.0,"timestamp":1609842457,"path_taken":["R","M","?","?","$","R","T","M","?","?","M","E","M","?","M","BOSS"],"items_purchased_type":["Card"],"build_version":"2020-12-22","purchased_purges":0,"victory":false,"max_hp_per_floor":[90,90,90,90,90,90,90,90,90,90,90,90,90,90,90,90,90,90],"card_choices":[{"not_picked":["champ:Haymaker","champ:BladeFlurry"],"picked":"champ:EnragedBash","floor":2},{"not_picked":["champ:Backstep","champ:RapidStrikes"],"picked":"champ:AdrenalArmor","floor":5},{"not_picked":["champ:PerfectedStrike","champ:Backstep"],"picked":"champ:Duel","floor":8},{"not_picked":["champ:GladiatorsShout","champ:BringItOn"],"picked":"champ:GutPunch","floor":9},{"not_picked":["champ:BerserkersShout","champ:EnragedBash"],"picked":"champ:FaceSlap","floor":10},{"not_picked":["champ:DefensiveStyle","champ:DefensiveShout"],"picked":"champ:Improvising","floor":11},{"not_picked":["champ:BerserkersShout","champ:FightOn"],"picked":"champ:FlashCut","floor":12},{"not_picked":["champ:Haymaker","champ:Shatter"],"picked":"champ:StanceDance","floor":13},{"not_picked":["champ:FlashCut","champ:CrookedStrike"],"picked":"champ:Encircle","floor":14},{"not_picked":["champ:TornadoPunch","champ:AdrenalArmor","champ:FocusedBerserking"],"picked":"SKIP","floor":15}],"player_experience":302404,"relics_obtained":[{"floor":10,"key":"trackpad:RapidFire"},{"floor":12,"key":"champ:DefensiveTrainingManual"}],"event_choices":[{"damage_healed":0,"gold_gain":1,"player_choice":"1","damage_taken":0,"max_hp_gain":0,"max_hp_loss":0,"event_name":"betterStone:BetterStone","floor":3,"gold_loss":0}],"is_beta":false,"boss_relics":[],"items_purged_floors":[],"is_endless":false,"potions_floor_spawned":[11,14],"killed_by":"downfall:Ironclad","ascension_level":0}}