{"host":"cwd5s03r1oaxs6mx","time":1609862149,"event":{"mods":["Act Like it!","BaseMod","Better Third Choice","BetterRewards","CapriCore","Card Filter","Colored Map","Custom Start","DeckTracker","Friendly Minions","Hubris","Infinite Spire","Marisa£¨Ùöéë¡¡Øª×âÞÞ£©","Minty Spire (QoL Compilation)","Quick Restart","Relic Stats","Shop Mod","Spicy Shops","StSLib","SuperFastMode"],"gold_per_floor":[113,129,143,143,143,143,170,65,92,92,111,140,153,165,165,242,242,257,257,267,1,1,1,33,33,33,33,83,114,114,114],"floor_reached":30,"playtime":885,"items_purged":["Strike_G","Strike_G"],"score":752,"play_id":"acf17954-2faa-4c70-ad5f-1a9e0704fd05","local_time":"20210106005549","is_ascension_mode":true,"campfire_choices":[{"data":"Blade Dance","floor":6,"key":"SMITH"},{"data":"Envenom","floor":10,"key":"SMITH"},{"data":"Accuracy","floor":15,"key":"SMITH"},{"data":"Envenom","floor":23,"key":"SMITH"}],"circlet_count":0,"master_deck":["AscendersBane","Defend_G+1","Defend_G+1","Defend_G+1","Defend_G+1","Defend_G+1","Survivor","Neutralize","Accuracy+1","Cloak And Dagger","Backflip","Blade Dance+1","Envenom+1","Blade Dance","Tactician","Unload","Cloak And Dagger","Prepared","Envenom+1","Well Laid Plans","Night Terror","Escape Plan","Blade Dance","Footwork","Escape Plan"],"relics":["Ring of the Snake","Eternal Feather","Tough Bandages","Regal Pillow","Strawberry","infinitespire:Cupcake","Art of War","infinitespire:Joker Card","StoneCalendar"],"acts_visited":["Exordium","TheCity"],"potions_floor_usage":[12,24,24],"damage_taken":[{"damage":14,"enemies":"infinitespire:Voidling","floor":1,"turns":6},{"damage":3,"enemies":"Small Slimes","floor":2,"turns":4},{"damage":3,"enemies":"2 Louse","floor":3,"turns":4},{"damage":29,"enemies":"Gremlin Nob","floor":7,"turns":4},{"damage":1,"enemies":"Exordium Wildlife","floor":11,"turns":3},{"damage":12,"enemies":"Lagavulin","floor":12,"turns":5},{"damage":4,"enemies":"3 Louse","floor":13,"turns":3},{"damage":7,"enemies":"Exordium Thugs","floor":14,"turns":4},{"damage":28,"enemies":"The Guardian","floor":16,"turns":9},{"damage":10,"enemies":"3 Byrds","floor":18,"turns":5},{"damage":15,"enemies":"2 Thieves","floor":20,"turns":3},{"damage":17,"enemies":"Gremlin Leader","floor":24,"turns":7},{"damage":25,"enemies":"Slavers","floor":29,"turns":6},{"damage":21,"enemies":"Shelled Parasite and Fungi","floor":30,"turns":1}],"seed_played":"-5633760370315612104","potions_obtained":[{"floor":2,"key":"SmokeBomb"},{"floor":3,"key":"DistilledChaos"},{"floor":7,"key":"Regen Potion"},{"floor":14,"key":"Block Potion"}],"is_trial":false,"path_per_floor":["M","M","M","?","?","R","E","$","T","R","M","E","M","M","R","B",null,"M","?","M","$","?","R","E","?","T","?","?","E","M"],"character_chosen":"THE_SILENT","items_purchased":["Accuracy","Cloak And Dagger","Eternal Feather","Backflip","Blade Dance","Footwork","Escape Plan"],"campfire_rested":0,"item_purchase_floors":[0,0,0,0,8,21,21],"current_hp_per_floor":[56,53,50,55,55,64,35,35,35,44,43,50,46,39,51,23,64,54,54,39,39,39,54,37,37,37,37,30,5,0,0],"gold":114,"neow_bonus":"","is_daily":false,"chose_seed":false,"campfire_upgraded":4,"win_rate":0.0,"timestamp":1609862149,"path_taken":["M","M","?","?","?","R","E","?","T","R","?","E","M","M","R","BOSS","M","?","M","$","?","R","E","?","T","?","?","E","M"],"items_purchased_type":["Card","Card","Relic","Card","Card","Card","Card"],"build_version":"2020-12-22","purchased_purges":2,"victory":false,"max_hp_per_floor":[66,66,66,71,71,71,71,71,71,71,71,78,78,78,78,78,78,78,78,78,78,78,78,78,78,78,78,78,78,78,78],"relic_stats":{"Tough Bandages":[72],"Regal Pillow":30,"counters":[30,117],"Eternal Feather":45,"StoneCalendar":[0],"Art of War":[1],"obtain_stats":[{"TwistedFunnel":0,"Girya":23,"Regal Pillow":9,"hubris:DuctTape":6,"Eternal Feather":0,"StoneCalendar":29,"infinitespire:FocusingShard":12,"infinitespire:Joker Card":26,"Tough Bandages":7,"DollysMirror":19,"Strawberry":12,"Art of War":24,"Membership Card":0,"hubris:CrackedHourglass":17,"Ring of the Snake":0,"Meat on the Bone":26,"infinitespire:Cupcake":17},{"TwistedFunnel":0,"Girya":12,"Regal Pillow":20,"hubris:DuctTape":5,"Eternal Feather":16,"StoneCalendar":29,"infinitespire:FocusingShard":6,"infinitespire:Joker Card":28,"Tough Bandages":20,"DollysMirror":10,"Strawberry":22,"Art of War":28,"Membership Card":0,"hubris:CrackedHourglass":9,"Ring of the Snake":0,"Meat on the Bone":13,"infinitespire:Cupcake":25},{"TwistedFunnel":0,"Girya":39,"Regal Pillow":71,"hubris:DuctTape":12,"Eternal Feather":53,"StoneCalendar":116,"infinitespire:FocusingShard":17,"infinitespire:Joker Card":110,"Tough Bandages":71,"DollysMirror":29,"Strawberry":79,"Art of War":110,"Membership Card":0,"hubris:CrackedHourglass":27,"Ring of the Snake":0,"Meat on the Bone":41,"infinitespire:Cupcake":95}],"Ring of the Snake":[60]},"card_choices":[{"not_picked":["Dagger Throw","Flechettes","Dodge and Roll"],"picked":"SKIP","floor":1},{"not_picked":["Distraction","Tactician","Endless Agony"],"picked":"SKIP","floor":2},{"not_picked":["Catalyst","Underhanded Strike"],"picked":"Blade Dance","floor":3},{"not_picked":["Unload","Outmaneuver"],"picked":"Envenom","floor":7},{"not_picked":["Slice","Acrobatics"],"picked":"Tactician","floor":11},{"not_picked":["Quick Slash","All Out Attack","Unload"],"picked":"SKIP","floor":12},{"not_picked":["Quick Slash","All Out Attack"],"picked":"Unload","floor":12},{"not_picked":["Slice","Caltrops"],"picked":"Cloak And Dagger","floor":13},{"not_picked":["PiercingWail","Backflip"],"picked":"Prepared","floor":14},{"not_picked":["Bullet Time","Night Terror"],"picked":"Envenom","floor":16},{"not_picked":["Sucker Punch","Quick Slash"],"picked":"Well Laid Plans","floor":18},{"not_picked":["Poisoned Stab","Flechettes"],"picked":"Blade Dance","floor":20},{"not_picked":["Backflip","Acrobatics","Deflect"],"picked":"SKIP","floor":24},{"not_picked":["Malaise","Dodge and Roll","Deflect"],"picked":"SKIP","floor":29}],"player_experience":1011310,"relics_obtained":[{"floor":7,"key":"Tough Bandages"},{"floor":9,"key":"Regal Pillow"},{"floor":12,"key":"Strawberry"},{"floor":24,"key":"Art of War"},{"floor":26,"key":"infinitespire:Joker Card"},{"floor":29,"key":"StoneCalendar"}],"event_choices":[{"damage_healed":0,"gold_gain":0,"player_choice":"Donut","damage_taken":0,"max_hp_gain":5,"max_hp_loss":0,"event_name":"Big Fish","floor":4,"gold_loss":0},{"cards_removed":["Strike_G"],"damage_healed":0,"gold_gain":0,"player_choice":"Forget","damage_taken":0,"max_hp_gain":0,"max_hp_loss":0,"event_name":"Living Wall","floor":5,"gold_loss":0},{"damage_healed":0,"gold_gain":0,"cards_transformed":["Strike_G","Strike_G"],"player_choice":"Became Test Subject","damage_taken":0,"max_hp_gain":0,"max_hp_loss":0,"event_name":"Drug Dealer","floor":19,"gold_loss":0,"cards_obtained":["Night Terror","Escape Plan"]},{"damage_healed":0,"gold_gain":0,"player_choice":"Ignored","damage_taken":0,"max_hp_gain":0,"max_hp_loss":0,"event_name":"Vampires","floor":22,"gold_loss":0},{"damage_healed":0,"gold_gain":0,"player_choice":"Simplicity","damage_taken":0,"max_hp_gain":0,"max_hp_loss":5,"event_name":"betterThird:BetterWriting","floor":27,"gold_loss":0},{"damage_healed":0,"gold_gain":50,"player_choice":"Touch","damage_taken":7,"max_hp_gain":0,"max_hp_loss":0,"event_name":"FaceTrader","floor":28,"gold_loss":0}],"is_beta":false,"boss_relics":[{"not_picked":["hubris:VirtuousBlindfold","Pandora\u0027s Box"],"picked":"infinitespire:Cupcake"}],"items_purged_floors":[8,21],"is_endless":false,"potions_floor_spawned":[2,3,7,14,16,18],"killed_by":"Shelled Parasite and Fungi","ascension_level":20}}