{"host":"ta9mufxydm4vkknf","time":1609854202,"event":{"mods":["AchievementEnabler","BaseMod","Minty Spire (QoL Compilation)","Quick Restart"],"gold_per_floor":[117,134,147,166,166,194,194,225,225,225,225,255,268,302,302,302,302],"floor_reached":16,"playtime":855,"items_purged":[],"score":150,"play_id":"e74224e8-68b7-4cfb-9029-6f0ea956be60","local_time":"20210105144322","is_ascension_mode":true,"campfire_choices":[{"data":"True Grit","floor":7,"key":"SMITH"},{"data":"Evolve","floor":11,"key":"SMITH"},{"data":"Reckless Charge","floor":15,"key":"SMITH"}],"circlet_count":0,"master_deck":["Strike_R","Strike_R","Strike_R","Strike_R","Defend_R","Defend_R","Defend_R","Defend_R","Bash","Body Slam","Reckless Charge+1","Evolve+1","Twin Strike","True Grit+1","Shrug It Off","Shrug It Off","Rage"],"relics":["Burning Blood","NeowsBlessing","Blood Vial","Juzu Bracelet","Smiling Mask","Mercury Hourglass","Art of War"],"acts_visited":["Exordium"],"potions_floor_usage":[6,6],"damage_taken":[{"damage":0,"enemies":"Cultist","floor":1,"turns":1},{"damage":0,"enemies":"2 Louse","floor":2,"turns":1},{"damage":0,"enemies":"Small Slimes","floor":3,"turns":1},{"damage":13,"enemies":"Gremlin Gang","floor":4,"turns":8},{"damage":20,"enemies":"Gremlin Nob","floor":6,"turns":4},{"damage":17,"enemies":"3 Sentries","floor":8,"turns":9},{"damage":39,"enemies":"Lagavulin","floor":12,"turns":11},{"damage":7,"enemies":"Lots of Slimes","floor":13,"turns":3},{"damage":11,"enemies":"3 Sentries","floor":14,"turns":7},{"damage":19,"enemies":"Slime Boss","floor":16,"turns":8}],"seed_played":"5202088104580851201","potions_obtained":[{"floor":2,"key":"Swift Potion"},{"floor":3,"key":"Block Potion"},{"floor":6,"key":"LiquidBronze"},{"floor":12,"key":"AttackPotion"}],"is_trial":false,"path_per_floor":["M","M","M","M","?","E","R","E","T","?","R","E","M","E","R","B"],"character_chosen":"IRONCLAD","items_purchased":[],"campfire_rested":0,"item_purchase_floors":[],"current_hp_per_floor":[80,80,80,73,66,52,52,43,43,48,48,17,18,15,15,0,0],"gold":302,"neow_bonus":"THREE_ENEMY_KILL","is_daily":false,"chose_seed":false,"campfire_upgraded":3,"win_rate":0.0,"timestamp":1609854202,"path_taken":["M","M","?","M","?","E","R","E","T","?","R","E","M","E","R","BOSS"],"items_purchased_type":[],"build_version":"2020-12-22","purchased_purges":0,"victory":false,"max_hp_per_floor":[80,80,80,80,80,80,80,80,80,85,85,85,85,85,85,85,85],"card_choices":[{"not_picked":["Heavy Blade","Pummel"],"picked":"Body Slam","floor":1},{"not_picked":["Shockwave","Hemokinesis"],"picked":"Reckless Charge","floor":2},{"not_picked":["Flex","Searing Blow"],"picked":"Evolve","floor":3},{"not_picked":["Havoc","Pommel Strike"],"picked":"Twin Strike","floor":4},{"not_picked":["Pommel Strike","Intimidate"],"picked":"True Grit","floor":6},{"not_picked":["Twin Strike","Headbutt"],"picked":"Shrug It Off","floor":8},{"not_picked":["Inflame","Sword Boomerang"],"picked":"Shrug It Off","floor":12},{"not_picked":["Reaper","Twin Strike","Warcry"],"picked":"SKIP","floor":13},{"not_picked":["Heavy Blade","Shockwave"],"picked":"Rage","floor":14}],"player_experience":220726,"relics_obtained":[{"floor":6,"key":"Blood Vial"},{"floor":8,"key":"Juzu Bracelet"},{"floor":9,"key":"Smiling Mask"},{"floor":12,"key":"Mercury Hourglass"},{"floor":14,"key":"Art of War"}],"event_choices":[{"cards_removed":["Strike_R"],"damage_healed":0,"gold_gain":0,"player_choice":"Card Removal","damage_taken":7,"max_hp_gain":0,"max_hp_loss":0,"event_name":"Golden Wing","floor":5,"gold_loss":0},{"damage_healed":0,"gold_gain":0,"player_choice":"Donut","damage_taken":0,"max_hp_gain":5,"max_hp_loss":0,"event_name":"Big Fish","floor":10,"gold_loss":0}],"is_beta":false,"boss_relics":[],"items_purged_floors":[],"is_endless":false,"potions_floor_spawned":[2,3,6,12],"killed_by":"Slime Boss","ascension_level":3}}