{"host":"40f49r155zsx8eqk","time":1609815891,"event":{"mods":["AchievementEnabler","Aspiration","BaseMod","Curses Come First","Dota2Spire","Evolution","Googly Eyes","Gremlin Skip","Minty Spire (QoL Compilation)","Relic Sorter","Replay The Spire","StSLib","The Gatherer"],"gold_per_floor":[110,110,40,115,115,148,148,182,260,294,311,341,341,359,359,455,455,443,65,65,80,94,94,128,128,128,140,140,153,93,119,119,218,218,232,282,282,292,303,338,357,390,390,390,425,425,70,70,70,70],"floor_reached":51,"playtime":2707,"items_purged":["Defend_G","Defend_G"],"score":964,"play_id":"0e2f191b-dbf2-45d1-bee7-ccfe4ac8579a","local_time":"20210105060451","is_ascension_mode":true,"campfire_choices":[{"data":"Replay:Poison Smokescreen","floor":7,"key":"SMITH"},{"floor":13,"key":"REST"},{"data":"Bouncing Flask","floor":15,"key":"SMITH"},{"data":"Sneak Up","floor":23,"key":"SMITH"},{"floor":25,"key":"REST"},{"data":"Venomology","floor":28,"key":"SMITH"},{"data":"Bane","floor":32,"key":"SMITH"},{"floor":44,"key":"REST"},{"floor":46,"key":"RECALL"}],"circlet_count":0,"master_deck":["Strike_G","Defend_G","Survivor+1","Neutralize","Toxin Wave+1","Replay:Poison Smokescreen+1","Backflip","Bouncing Flask+1","Venomology+1","Poisoned Stab","Cloak And Dagger","Sneak Up+1","Bullet Time","Distraction+1","Bane+1","After Image+1","Burst","Doppelganger","Noxious Fumes+1"],"relics":["Ring of the Snake","EVO:Axolotl","NeowsBlessing","aspiration:AnachronicSnailShell","War Paint","Dota2Spire:OrchidMalevolence","ReplayTheSpireMod:Lightbulb","Dota2Spire:ShivaGuard","Empty Cage","Chemical X","Dota2Spire:AghanimScepter","Mirror","Omamori","Fusion Hammer","Dota2Spire:HeartOfTarrasque","Replay:Bottled Steam","Basket Of Snakes","Gremlin Horn","Vajra","Dota2Spire:LinkenSphere"],"acts_visited":["Exordium","TheCity","TheBeyond"],"potions_floor_usage":[12,16,16,22,27,27,27,27,27,31,33,33,36,39,40,40,42,42,50,50,50],"damage_taken":[{"damage":0,"enemies":"2 Louse","floor":1,"turns":1},{"damage":0,"enemies":"Lagavulin","floor":6,"turns":1},{"damage":0,"enemies":"3 Sentries","floor":8,"turns":2},{"damage":5,"enemies":"Replay:BlueRogue","floor":10,"turns":6},{"damage":3,"enemies":"Small Slimes","floor":11,"turns":2},{"damage":5,"enemies":"Gremlin Nob","floor":12,"turns":4},{"damage":0,"enemies":"Cultist","floor":14,"turns":3},{"damage":54,"enemies":"Slime Boss","floor":16,"turns":13},{"damage":4,"enemies":"2 Thieves","floor":18,"turns":4},{"damage":4,"enemies":"3 Byrds","floor":21,"turns":3},{"damage":11,"enemies":"Shelled Parasite and Fungi","floor":22,"turns":5},{"damage":13,"enemies":"Book of Stabbing","floor":24,"turns":5},{"damage":0,"enemies":"Centurion and Healer","floor":27,"turns":5},{"damage":2,"enemies":"Snake Plant","floor":29,"turns":4},{"damage":16,"enemies":"Slavers","floor":31,"turns":5},{"damage":5,"enemies":"Champ","floor":33,"turns":11},{"damage":0,"enemies":"3 Shapes","floor":35,"turns":5},{"damage":0,"enemies":"Mind Bloom Boss Battle","floor":36,"turns":6},{"damage":0,"enemies":"3 Darklings","floor":38,"turns":4},{"damage":0,"enemies":"Writhing Mass","floor":39,"turns":4},{"damage":24,"enemies":"Reptomancer","floor":40,"turns":4},{"damage":1,"enemies":"Maw","floor":41,"turns":6},{"damage":3,"enemies":"Nemesis","floor":42,"turns":7},{"damage":4,"enemies":"Reptomancer","floor":45,"turns":5},{"damage":11,"enemies":"Awakened One","floor":50,"turns":11}],"seed_played":"6538652573244622672","potions_obtained":[{"floor":6,"key":"Flashbang"},{"floor":8,"key":"Explosive Potion"},{"floor":12,"key":"LiquidMemories"},{"floor":24,"key":"Dota2Spire:HealingSalve"},{"floor":29,"key":"Swift Potion"},{"floor":42,"key":"Regen Potion"}],"is_trial":false,"path_per_floor":["M","?","$","?","?","E","R","E","T","E","M","E","R","M","R","B",null,"M","$","?","M","M","R","E","R","T","M","R","M","?","E","R","B",null,"M","?","?","M","M","E","M","E","T","R","E","R","$","?","R","B",null],"character_chosen":"THE_SILENT","items_purchased":["Replay:Poison Smokescreen","Chemical X","DistilledChaos","DuplicationPotion","Dota2Spire:LinkenSphere"],"campfire_rested":3,"item_purchase_floors":[3,19,19,19,47],"current_hp_per_floor":[70,70,70,59,59,59,59,59,59,54,51,46,67,67,67,13,70,66,66,66,62,51,51,38,59,59,65,65,63,63,47,47,42,70,70,78,78,78,78,54,57,58,58,78,74,74,74,74,78,68],"gold":70,"neow_bonus":"THREE_ENEMY_KILL","is_daily":false,"chose_seed":false,"campfire_upgraded":5,"win_rate":0.0,"timestamp":1609815891,"path_taken":["M","?","$","?","?","E","R","E","T","E","?","E","R","M","R","BOSS","M","$","?","M","M","R","E","R","T","M","R","M","?","E","R","BOSS","M","?","?","M","M","E","M","E","T","R","E","R","$","?","R","BOSS"],"items_purchased_type":["Card","Relic","Potion","Potion","Relic"],"build_version":"2020-12-22","purchased_purges":2,"victory":true,"max_hp_per_floor":[70,70,70,70,70,70,70,70,70,70,70,70,70,70,70,70,70,70,70,70,70,70,70,70,70,70,70,70,70,70,70,70,70,70,70,78,78,78,78,78,78,78,78,78,78,78,78,78,78,78],"card_choices":[{"not_picked":["Hidden Blade","Deflect"],"picked":"Toxin Wave","floor":1},{"not_picked":["Acrobatics","Outmaneuver"],"picked":"Backflip","floor":6},{"not_picked":["Blur","Phantasmal Killer","Predator"],"picked":"SKIP","floor":8},{"not_picked":["Dagger Spray","Quick Slash","Blade Dance"],"picked":"SKIP","floor":10},{"not_picked":["Deflect","Skewer"],"picked":"Bouncing Flask","floor":11},{"not_picked":["PiercingWail","Sucker Punch","Choke"],"picked":"SKIP","floor":12},{"not_picked":["Slice","Choke","Leg Sweep"],"picked":"SKIP","floor":14},{"not_picked":["Envenom","aspiration:Lunge"],"picked":"Venomology","floor":16},{"not_picked":["Acrobatics+1","Quick Slash"],"picked":"Poisoned Stab","floor":18},{"not_picked":["Infinite Blades+1","Eviscerate+1","Dagger Spray"],"picked":"SKIP","floor":21},{"not_picked":["Underhanded Strike","Deadly Poison","Dash"],"picked":"SKIP","floor":22},{"not_picked":["Quick Slash+1","Acrobatics"],"picked":"Bullet Time","floor":24},{"not_picked":["Cloak And Dagger","Dagger Spray"],"picked":"Distraction+1","floor":27},{"not_picked":["PiercingWail","Hidden Blade","Sucker Punch"],"picked":"SKIP","floor":29},{"not_picked":["ReplayTheSpireMod:Shiv Toss","Blade Dance"],"picked":"Bane","floor":31},{"not_picked":["Night Terror","Corpse Explosion"],"picked":"After Image","floor":33},{"not_picked":["Dagger Throw","ReplayTheSpireMod:The Works+1","Acrobatics+1"],"picked":"SKIP","floor":35},{"not_picked":["Dagger Spray","PiercingWail+1"],"picked":"Burst","floor":38},{"not_picked":["Heel Hook+1","Blade Dance","Backflip+1"],"picked":"SKIP","floor":39},{"not_picked":["Acrobatics+1","Accuracy+1","Bouncing Flask+1"],"picked":"SKIP","floor":40},{"not_picked":["Acrobatics+1","Accuracy+1","Bouncing Flask+1"],"picked":"SKIP","floor":40},{"not_picked":["Acrobatics+1","Cloak And Dagger+1"],"picked":"Doppelganger","floor":41},{"not_picked":["Flying Knee+1","Acrobatics+1","Outmaneuver"],"picked":"SKIP","floor":42},{"not_picked":["Deadly Poison","All Out Attack"],"picked":"Noxious Fumes+1","floor":45}],"player_experience":144244,"relics_obtained":[{"floor":6,"key":"aspiration:AnachronicSnailShell"},{"floor":8,"key":"War Paint"},{"floor":9,"key":"Dota2Spire:OrchidMalevolence"},{"floor":10,"key":"ReplayTheSpireMod:Lightbulb"},{"floor":12,"key":"Dota2Spire:ShivaGuard"},{"floor":24,"key":"Dota2Spire:AghanimScepter"},{"floor":26,"key":"Mirror"},{"floor":31,"key":"Omamori"},{"floor":36,"key":"Dota2Spire:HeartOfTarrasque"},{"floor":40,"key":"Replay:Bottled Steam"},{"floor":42,"key":"Basket Of Snakes"},{"floor":43,"key":"Gremlin Horn"},{"floor":45,"key":"Vajra"}],"event_choices":[{"damage_healed":0,"gold_gain":0,"player_choice":"Grow","damage_taken":0,"max_hp_gain":0,"max_hp_loss":0,"event_name":"Living Wall","floor":2,"gold_loss":0,"cards_upgraded":["Toxin Wave"]},{"damage_healed":0,"gold_gain":75,"player_choice":"Gather Gold","damage_taken":11,"max_hp_gain":0,"max_hp_loss":0,"event_name":"World of Goop","floor":4,"gold_loss":0},{"cards_removed":["Strike_G"],"damage_healed":0,"gold_gain":0,"player_choice":"Offered Basic","damage_taken":0,"max_hp_gain":0,"max_hp_loss":0,"event_name":"Bonfire Elementals","floor":5,"gold_loss":0},{"damage_healed":0,"gold_gain":0,"cards_transformed":["Strike_G","Defend_G"],"player_choice":"Became Test Subject","damage_taken":0,"max_hp_gain":0,"max_hp_loss":0,"event_name":"Drug Dealer","floor":20,"gold_loss":0,"cards_obtained":["Cloak And Dagger","Sneak Up"]},{"damage_healed":0,"gold_gain":0,"player_choice":"Fight","damage_taken":0,"max_hp_gain":0,"max_hp_loss":0,"event_name":"MindBloom","floor":36,"gold_loss":0},{"damage_healed":0,"gold_gain":0,"player_choice":"Ignored","damage_taken":0,"max_hp_gain":0,"max_hp_loss":0,"event_name":"Tomb of Lord Red Mask","floor":37,"gold_loss":0},{"cards_removed":["Strike_G"],"damage_healed":0,"gold_gain":0,"player_choice":"Purged","damage_taken":0,"max_hp_gain":0,"max_hp_loss":0,"event_name":"Purifier","floor":48,"gold_loss":0}],"is_beta":false,"boss_relics":[{"not_picked":["Sozu","Replay:Wanted Poster"],"picked":"Empty Cage"},{"not_picked":["aspiration:SecretTechniqueScroll","aspiration:PoetsPen_weak"],"picked":"Fusion Hammer"}],"items_purged_floors":[19,47],"is_endless":false,"potions_floor_spawned":[6,8,12,24,29,31,35,38,41,42],"ascension_level":1}}