{"host":"cfnmff32z0ky6ioz","time":1609867119,"event":{"mods":["Act Like it!","BaseMod","Colored Powertips","Friendly Minions","Gensokyo","Highlight Path","KinomotoSakuraMod(¤ì¤§¥»?)","Minty Spire (QoL Compilation)","Pale of the Ancients","Quick Restart","Replay The Spire","StSLib","The Animator","The Hierophant","The IronCluck","The Jungle"],"gold_per_floor":[118,138,138,138,157,157,171,171,198,211,14,45,56,80,80,183,233,245,320,333,346,20,20,44,87,87,87,126,165,12,68,68,193,193,246,246,288,388,426,426,475,535,584,626,626,659,704,737,737,757],"floor_reached":51,"playtime":5586,"items_purged":["Pain"],"score":932,"play_id":"cdf93901-f215-4f27-b97a-f53413cabc4c","local_time":"20210106011839","is_ascension_mode":false,"campfire_choices":[{"data":"Flechettes","floor":6,"key":"SMITH"},{"data":"Underhanded Strike","floor":8,"key":"SMITH"},{"floor":15,"key":"REST"},{"floor":23,"key":"REST"},{"data":"After Image","floor":27,"key":"SMITH"},{"floor":32,"key":"REST"},{"data":"Glass Knife","floor":40,"key":"SMITH"}],"circlet_count":0,"master_deck":["Strike_G","Strike_G","Strike_G","Strike_G+1","Defend_G","Defend_G+1","Defend_G","Defend_G","Defend_G","Survivor","Neutralize","Prepared+1","Dagger Spray","Flechettes+1","Underhanded Strike+1","Backflip+1","Concentrate","Underhanded Strike","PiercingWail","Prepared","After Image+1","Backstab","Sucker Punch","Acrobatics","Distraction","Panache","Acrobatics+1","Eviscerate","Calculated Gamble","Infinite Blades+1","Pot Of Greed","Pot Of Greed","Pot Of Greed","Deflect","Glass Knife+1","CurseOfTheBell","Tactician+1","Madness","Madness","Dagger Throw","Deflect","Skewer+1","Burst","Sneak Up+1","Replay:Sssssssssshield","Outmaneuver","ReplayTheSpireMod:Speed Training+1"],"relics":["Ring of the Snake","WarpedTongs","War Paint","Bag of Preparation","Lantern","Tiny House","Replay:Bandana","InkBottle","Pet Ghost","Grinning Jar","Calling Bell","Boot","Letter Opener","Counterbalance","Replay:Multitool","Anchor"],"acts_visited":["Exordium","TheCity","TheBeyond"],"potions_floor_usage":[12,21,21,29,35,35,41,44,46,46],"damage_taken":[{"damage":0,"enemies":"Small Slimes","floor":1,"turns":5},{"damage":1,"enemies":"Cultist","floor":2,"turns":4},{"damage":5,"enemies":"Jaw Worm","floor":5,"turns":4},{"damage":7,"enemies":"Large Slime","floor":7,"turns":5},{"damage":8,"enemies":"Red Slaver","floor":10,"turns":3},{"damage":2,"enemies":"Lagavulin","floor":12,"turns":6},{"damage":2,"enemies":"3 Louse","floor":13,"turns":3},{"damage":48,"enemies":"Fading Forest","floor":16,"turns":11},{"damage":0,"enemies":"Chosen","floor":18,"turns":4},{"damage":18,"enemies":"Spheric Guardian","floor":20,"turns":4},{"damage":1,"enemies":"Centurion and Healer","floor":21,"turns":5},{"damage":0,"enemies":"Cultist and Chosen","floor":24,"turns":8},{"damage":15,"enemies":"Chosen and Byrds","floor":25,"turns":7},{"damage":3,"enemies":"Book of Stabbing","floor":28,"turns":6},{"damage":4,"enemies":"Snake Plant","floor":29,"turns":4},{"damage":0,"enemies":"Cultist and Chosen","floor":31,"turns":3},{"damage":37,"enemies":"Pondfish","floor":33,"turns":10},{"damage":2,"enemies":"3 Darklings","floor":35,"turns":3},{"damage":1,"enemies":"3 Shapes","floor":37,"turns":2},{"damage":0,"enemies":"Sphere and 2 Shapes","floor":39,"turns":3},{"damage":0,"enemies":"3 Darklings","floor":41,"turns":4},{"damage":6,"enemies":"Nemesis","floor":42,"turns":4},{"damage":0,"enemies":"Maw","floor":44,"turns":6},{"damage":14,"enemies":"Spire Growth","floor":46,"turns":5},{"damage":6,"enemies":"3 Darklings","floor":47,"turns":4},{"damage":4,"enemies":"Maw","floor":48,"turns":8},{"damage":52,"enemies":"Donu and Deca","floor":50,"turns":9}],"seed_played":"-141507243743676485","potions_obtained":[{"floor":0,"key":"BlessingOfTheForge"},{"floor":0,"key":"Milkshake"},{"floor":0,"key":"Adrenaline Potion"},{"floor":2,"key":"CunningPotion"},{"floor":10,"key":"BlessingOfTheForge"},{"floor":13,"key":"Toxic Potion"},{"floor":24,"key":"Weak Potion"},{"floor":28,"key":"LiquidMemories"},{"floor":29,"key":"DistilledChaos"},{"floor":31,"key":"Strength Potion"},{"floor":41,"key":"Regen Potion"},{"floor":42,"key":"Swift Potion"},{"floor":44,"key":"BlessingOfTheForge"}],"is_trial":false,"path_per_floor":["M","M","?","?","M","R","M","R","T","M","$","E","M","T","R","B",null,"M","?","M","M","$","R","M","M","T","R","E","M","$","M","R","B",null,"M","?","M","?","M","R","M","E","T","M","?","M","M","M","R","B",null],"character_chosen":"THE_SILENT","items_purchased":["Concentrate","Underhanded Strike","Replay:Bandana","Panache","Grinning Jar"],"campfire_rested":3,"item_purchase_floors":[11,11,22,22,30],"current_hp_per_floor":[70,69,62,62,57,57,50,50,50,42,42,40,38,38,59,21,75,75,68,50,49,49,71,71,56,56,56,53,49,49,49,71,34,75,73,64,63,63,63,63,63,57,57,57,57,55,49,45,67,15],"gold":757,"neow_bonus":"THREE_SMALL_POTIONS","is_daily":false,"chose_seed":false,"campfire_upgraded":4,"win_rate":0.0,"timestamp":1609867119,"path_taken":["M","M","?","?","M","R","M","R","T","?","$","E","M","?","R","BOSS","M","?","M","M","$","R","M","M","T","R","E","?","$","M","R","BOSS","M","?","M","?","M","R","M","E","T","?","?","?","M","M","R","BOSS"],"items_purchased_type":["Card","Card","Relic","Card","Relic"],"build_version":"2020-12-22","purchased_purges":1,"victory":true,"max_hp_per_floor":[70,70,70,70,70,70,70,70,70,70,70,70,70,70,70,70,75,75,75,75,75,75,75,75,75,75,75,75,75,75,75,75,75,75,75,75,75,75,75,75,75,75,75,75,75,75,75,75,75,75],"card_choices":[{"not_picked":["Well Laid Plans","Slice"],"picked":"Prepared","floor":1},{"not_picked":["Caltrops","PiercingWail"],"picked":"Dagger Spray","floor":2},{"not_picked":["Setup","Dodge and Roll"],"picked":"Flechettes","floor":5},{"not_picked":["Dagger Throw","Riddle With Holes"],"picked":"Underhanded Strike","floor":7},{"not_picked":["Flying Knee","Hidden Blade"],"picked":"Backflip","floor":10},{"not_picked":["Cloak And Dagger","Escape Plan"],"picked":"PiercingWail","floor":12},{"not_picked":["Sucker Punch","Dagger Spray"],"picked":"Prepared","floor":13},{"not_picked":["ReplayTheSpireMod:Necrosis","A Thousand Cuts"],"picked":"After Image","floor":16},{"not_picked":["Predator","Sneak Up"],"picked":"Backstab","floor":17},{"not_picked":["Blade Dance","Draining Mist"],"picked":"Sucker Punch","floor":18},{"not_picked":["Bane","Dagger Spray"],"picked":"Acrobatics","floor":20},{"not_picked":["Blade Dance+1","Deflect"],"picked":"Distraction","floor":21},{"not_picked":["Draining Mist","Dodge and Roll+1"],"picked":"Acrobatics+1","floor":24},{"not_picked":["Sneak Up","Well Laid Plans"],"picked":"Eviscerate","floor":25},{"not_picked":["Leg Sweep+1","Outmaneuver+1"],"picked":"Calculated Gamble","floor":28},{"not_picked":["Bullet Time","Quick Slash"],"picked":"Infinite Blades+1","floor":29},{"not_picked":["Bane","Blade Dance"],"picked":"Deflect","floor":31},{"not_picked":["Doppelganger","Phantasmal Killer"],"picked":"Glass Knife","floor":33},{"not_picked":["Poisoned Stab","Dodge and Roll+1"],"picked":"Tactician+1","floor":35},{"not_picked":["Bane+1","Slice+1"],"picked":"Dagger Throw","floor":37},{"not_picked":["Replay:Poison Smokescreen","Sucker Punch"],"picked":"Deflect","floor":39},{"not_picked":["Dodge and Roll","Footwork"],"picked":"Skewer+1","floor":41},{"not_picked":["Finisher+1","Infinite Blades"],"picked":"Burst","floor":42},{"not_picked":["Riddle With Holes","Bane"],"picked":"Sneak Up+1","floor":44},{"not_picked":["Dodge and Roll","Toxin Wave","Bane"],"picked":"SKIP","floor":46},{"not_picked":["Backflip","Underhanded Strike"],"picked":"Outmaneuver","floor":47},{"not_picked":["Catalyst","PiercingWail+1"],"picked":"ReplayTheSpireMod:Speed Training+1","floor":48}],"player_experience":342024,"relics_obtained":[{"floor":9,"key":"War Paint"},{"floor":12,"key":"Bag of Preparation"},{"floor":14,"key":"Lantern"},{"floor":26,"key":"InkBottle"},{"floor":28,"key":"Pet Ghost"},{"floor":34,"key":"Boot"},{"floor":34,"key":"Letter Opener"},{"floor":34,"key":"Counterbalance"},{"floor":42,"key":"Replay:Multitool"},{"floor":43,"key":"Anchor"}],"event_choices":[{"cards_removed":["Strike_G"],"damage_healed":0,"gold_gain":0,"player_choice":"Card Removal","damage_taken":7,"max_hp_gain":0,"max_hp_loss":0,"event_name":"Golden Wing","floor":3,"gold_loss":0},{"damage_healed":0,"gold_gain":0,"player_choice":"Rummage","damage_taken":0,"relics_obtained":["WarpedTongs"],"max_hp_gain":0,"max_hp_loss":0,"event_name":"Accursed Blacksmith","floor":4,"gold_loss":0,"cards_obtained":["Pain"]},{"damage_healed":0,"gold_gain":75,"player_choice":"Touch","damage_taken":7,"max_hp_gain":0,"max_hp_loss":0,"event_name":"FaceTrader","floor":19,"gold_loss":0},{"damage_healed":0,"gold_gain":0,"player_choice":"Embrace Madness","damage_taken":9,"max_hp_gain":0,"max_hp_loss":0,"event_name":"Winding Halls","floor":36,"gold_loss":0,"cards_obtained":["Madness","Madness"]},{"damage_healed":0,"gold_gain":100,"player_choice":"Pray","damage_taken":0,"max_hp_gain":0,"max_hp_loss":0,"event_name":"Golden Shrine","floor":38,"gold_loss":0},{"damage_healed":0,"gold_gain":0,"player_choice":"1 cards matched","damage_taken":0,"max_hp_gain":0,"max_hp_loss":0,"event_name":"Match and Keep!","floor":45,"gold_loss":0,"cards_obtained":["Replay:Sssssssssshield"]}],"is_beta":false,"boss_relics":[{"not_picked":["ReplayTheSpireMod:DimensionalGlitch","Pandora\u0027s Box"],"picked":"Tiny House"},{"not_picked":["Black Star","WristBlade"],"picked":"Calling Bell"}],"items_purged_floors":[11],"is_endless":false,"potions_floor_spawned":[2,10,13,24,28,29,31,33,41,42,44],"ascension_level":0}}