{"host":"g01l53quoe6lrer0","time":1609874544,"event":{"mods":["2.2 Compatiblity","AchievementEnabler","BaseMod","Colored Map","Highlight Path","Keyboard Shortcuts","Minty Spire (QoL Compilation)","Permanent Neow","Quick Restart","StSLib","SuperFastMode","everything is the same but u backflip on backflip"],"gold_per_floor":[109,109,126,126,141,141,158,83,83,83,100,133,133,161,161,256,256,269,269,90,189,177,177,210,210,233,264,264,293,309,319,319,414,414,429,429,429,444,444,165,165,200,246,271,271,32,32,32,32,32,32,32,32,60,60],"floor_reached":56,"playtime":2483,"items_purged":["Strike_R","Strike_R","Strike_R","Strike_R+1"],"score":1673,"play_id":"68c2d45d-86c2-462a-b0a8-cb37d639a7b0","local_time":"20210106042224","is_ascension_mode":true,"campfire_choices":[{"data":"Fiend Fire","floor":6.0,"key":"SMITH"},{"data":"Wild Strike","floor":10.0,"key":"SMITH"},{"data":"Bash","floor":13.0,"key":"SMITH"},{"data":"Entrench","floor":15.0,"key":"SMITH"},{"data":"Evolve","floor":23.0,"key":"SMITH"},{"data":"Sever Soul","floor":25.0,"key":"SMITH"},{"floor":28.0,"key":"REST"},{"data":"Barricade","floor":32.0,"key":"SMITH"},{"floor":41.0,"key":"RECALL"},{"floor":45.0,"key":"DIG"},{"data":"Dark Embrace","floor":47.0,"key":"SMITH"},{"floor":49.0,"key":"DIG"},{"floor":52,"key":"REST"}],"circlet_count":0,"master_deck":["Strike_R+1","Defend_R","Defend_R","Defend_R","Defend_R","Bash+1","Fiend Fire+1","Wild Strike+1","Power Through","True Grit","Sever Soul+1","Power Through","Entrench+1","Ghostly Armor","Metallicize","Evolve+1","Havoc+1","Body Slam+1","Fire Breathing","Warcry+1","Barricade+1","Thunderclap+1","Master of Strategy+1","Dual Wield+1","Battle Trance+1","Body Slam+1","Entrench+1","Warcry+1","Dark Embrace+1"],"relics":["Burning Blood","Self Forming Clay","Mercury Hourglass","Anchor","FossilizedHelix","Paper Frog","Runic Cube","Champion Belt","Toxic Egg 2","Bag of Marbles","Shovel","StoneCalendar","Mark of Pain","Thread and Needle","Orrery","Kunai","Juzu Bracelet","Whetstone","Centennial Puzzle","Red Skull"],"acts_visited":["Exordium","TheCity","TheBeyond","TheEnding"],"potions_floor_usage":[54,54],"damage_taken":[{"damage":4.0,"enemies":"2 Louse","floor":1.0,"turns":4.0},{"damage":8.0,"enemies":"Jaw Worm","floor":3.0,"turns":4.0},{"damage":1.0,"enemies":"Cultist","floor":5.0,"turns":3.0},{"damage":11.0,"enemies":"Exordium Wildlife","floor":7.0,"turns":3.0},{"damage":0.0,"enemies":"Exordium Thugs","floor":11.0,"turns":3.0},{"damage":8.0,"enemies":"Gremlin Nob","floor":12.0,"turns":3.0},{"damage":20.0,"enemies":"Lagavulin","floor":14.0,"turns":4.0},{"damage":31.0,"enemies":"The Guardian","floor":16.0,"turns":11.0},{"damage":9.0,"enemies":"Chosen","floor":18.0,"turns":5.0},{"damage":0.0,"enemies":"2 Thieves","floor":22.0,"turns":4.0},{"damage":28.0,"enemies":"Slavers","floor":24.0,"turns":8.0},{"damage":40.0,"enemies":"Gremlin Leader","floor":27.0,"turns":11.0},{"damage":2.0,"enemies":"Book of Stabbing","floor":29.0,"turns":6.0},{"damage":0.0,"enemies":"Snecko","floor":30.0,"turns":4.0},{"damage":0.0,"enemies":"Cultist and Chosen","floor":31.0,"turns":4.0},{"damage":5.0,"enemies":"Automaton","floor":33.0,"turns":10.0},{"damage":0.0,"enemies":"Orb Walker","floor":35.0,"turns":2.0},{"damage":0.0,"enemies":"3 Shapes","floor":38.0,"turns":6.0},{"damage":0.0,"enemies":"Reptomancer","floor":42.0,"turns":5.0},{"damage":0.0,"enemies":"Nemesis","floor":44.0,"turns":5.0},{"damage":57.0,"enemies":"Time Eater","floor":50.0,"turns":10.0},{"damage":5,"enemies":"Shield and Spear","floor":54,"turns":6},{"damage":28,"enemies":"The Heart","floor":55,"turns":7}],"seed_played":"-456772770836921326","potions_obtained":[{"floor":3.0,"key":"Ancient Potion"},{"floor":11.0,"key":"FearPotion"},{"floor":14.0,"key":"LiquidBronze"},{"floor":18.0,"key":"BloodPotion"},{"floor":29.0,"key":"LiquidMemories"}],"is_trial":false,"path_per_floor":["M","?","M","?","M","R","M","$","T","R","M","E","R","E","R","B",null,"M","T","$","?","M","R","E","R","T","E","R","E","M","M","R","B",null,"M","?","?","M","T","$","R","E","T","E","R","$","R","?","R","B",null,"R","$","E","B",null],"character_chosen":"IRONCLAD","items_purchased":["Metallicize","Orrery","Warcry+1","Dark Embrace"],"campfire_rested":2,"item_purchase_floors":[20,40,46,46],"current_hp_per_floor":[74,71,69,69,74,74,69,69,69,69,75,73,73,59,59,34,69,66,66,66,66,72,72,50,50,50,32,56,60,66,72,72,73,78,80,76,76,76,76,76,76,76,76,76,76,76,76,86,86,35,73,86,86,86,64],"gold":60,"neow_bonus":"ONE_RANDOM_RARE_CARD","is_daily":false,"chose_seed":false,"campfire_upgraded":8,"win_rate":0.0,"timestamp":1609874544,"path_taken":["M","?","M","?","M","R","M","$","T","R","M","E","R","E","R","BOSS","M","?","$","?","M","R","E","R","T","E","R","E","?","M","R","BOSS","M","?","?","M","?","?","R","E","T","E","R","$","R","?","R","BOSS","R","$","E","BOSS"],"items_purchased_type":["Card","Relic","Card","Card"],"build_version":"2020-12-22","purchased_purges":4,"victory":true,"max_hp_per_floor":[80,80,80,80,80,80,80,80,80,80,80,80,80,80,80,80,80,80,80,80,80,80,80,80,80,80,80,80,80,80,80,80,80,80,80,76,76,76,76,76,76,76,76,76,76,76,76,86,86,86,86,86,86,86,86],"card_choices":[{"not_picked":["Body Slam","Blood for Blood"],"picked":"Wild Strike","floor":1.0},{"not_picked":["Twin Strike","Thunderclap","Rage"],"picked":"SKIP","floor":3.0},{"not_picked":["Havoc","Sword Boomerang"],"picked":"Power Through","floor":5.0},{"not_picked":["Carnage","Power Through"],"picked":"True Grit","floor":7.0},{"not_picked":["Searing Blow","Flame Barrier"],"picked":"Sever Soul","floor":11.0},{"not_picked":["Fiend Fire","Dropkick"],"picked":"Power Through","floor":12.0},{"not_picked":["Inflame","Armaments"],"picked":"Entrench","floor":14.0},{"not_picked":["Immolate","Double Tap"],"picked":"Demon Form","floor":16.0},{"not_picked":["Thunderclap","Sword Boomerang"],"picked":"Ghostly Armor","floor":18.0},{"not_picked":["Dual Wield","Havoc"],"picked":"Evolve","floor":22.0},{"not_picked":["Body Slam","Hemokinesis+1"],"picked":"Havoc+1","floor":24.0},{"not_picked":["Shrug It Off+1","Combust"],"picked":"Body Slam+1","floor":27.0},{"not_picked":["Pummel+1","Rupture"],"picked":"Fire Breathing","floor":29.0},{"not_picked":["Twin Strike+1","Burning Pact+1"],"picked":"Warcry+1","floor":30.0},{"not_picked":["Anger+1","Ghostly Armor+1"],"picked":"Barricade","floor":31.0},{"not_picked":["Shrug It Off+1","Flex+1"],"picked":"Thunderclap+1","floor":35.0},{"not_picked":["Purity+1","Enlightenment+1"],"picked":"Master of Strategy+1","floor":37.0},{"not_picked":["Intimidate+1","Dropkick"],"picked":"Dual Wield+1","floor":38.0},{"not_picked":["Thunderclap+1","Headbutt+1"],"picked":"Battle Trance+1","floor":40.0},{"not_picked":["Spot Weakness+1","Feel No Pain+1"],"picked":"Body Slam+1","floor":40.0},{"not_picked":["Iron Wave+1","Anger+1"],"picked":"Entrench+1","floor":40.0},{"not_picked":["Anger","Fiend Fire","Reckless Charge"],"picked":"SKIP","floor":42.0},{"not_picked":["Power Through+1","Wild Strike","Havoc+1"],"picked":"SKIP","floor":44.0},{"not_picked":["Sword Boomerang","Inflame+1","Twin Strike"],"picked":"SKIP","floor":54}],"player_experience":80464,"relics_obtained":[{"floor":4.0,"key":"Mercury Hourglass"},{"floor":9.0,"key":"Anchor"},{"floor":12.0,"key":"FossilizedHelix"},{"floor":14.0,"key":"Paper Frog"},{"floor":19.0,"key":"Champion Belt"},{"floor":24.0,"key":"Toxic Egg 2"},{"floor":26.0,"key":"Bag of Marbles"},{"floor":27.0,"key":"Shovel"},{"floor":29.0,"key":"StoneCalendar"},{"floor":39.0,"key":"Thread and Needle"},{"floor":42.0,"key":"Kunai"},{"floor":44.0,"key":"Juzu Bracelet"},{"floor":45.0,"key":"Whetstone"},{"floor":49.0,"key":"Centennial Puzzle"},{"floor":54,"key":"Red Skull"}],"event_choices":[{"damage_healed":0.0,"max_hp_gain":0.0,"max_hp_loss":0.0,"gold_gain":0.0,"event_name":"Scrap Ooze","player_choice":"Success","floor":2.0,"gold_loss":0.0,"damage_taken":3.0,"relics_obtained":["Self Forming Clay"]},{"damage_healed":0.0,"max_hp_gain":0.0,"max_hp_loss":0.0,"gold_gain":0.0,"event_name":"Wheel of Change","player_choice":"Relic","floor":4.0,"gold_loss":0.0,"damage_taken":0.0},{"damage_healed":0.0,"max_hp_gain":0.0,"max_hp_loss":0.0,"gold_gain":99.0,"event_name":"Nest","player_choice":"Stole From Cult","floor":21.0,"gold_loss":0.0,"damage_taken":0.0},{"damage_healed":0.0,"max_hp_gain":0.0,"max_hp_loss":4.0,"gold_gain":0.0,"event_name":"Winding Halls","player_choice":"Max HP","floor":36.0,"gold_loss":0.0,"damage_taken":0.0},{"damage_healed":0.0,"max_hp_gain":0.0,"max_hp_loss":0.0,"gold_gain":0.0,"event_name":"SensoryStone","player_choice":"Memory 1","floor":37.0,"gold_loss":0.0,"damage_taken":0.0},{"cards_removed":["Demon Form"],"damage_healed":0.0,"max_hp_gain":10.0,"max_hp_loss":0.0,"gold_gain":0.0,"event_name":"Bonfire Elementals","player_choice":"Offered Rare","floor":48.0,"gold_loss":0.0,"damage_taken":0.0}],"is_beta":false,"boss_relics":[{"not_picked":["Pandora\u0027s Box","Snecko Eye"],"picked":"Runic Cube"},{"not_picked":["Coffee Dripper","Tiny House"],"picked":"Mark of Pain"}],"items_purged_floors":[8,20,40,46],"is_endless":false,"potions_floor_spawned":[3,11,14,18,29,33,38],"ascension_level":7}}