{"host":"d2y4rmbezebiv8aj","time":1609837889,"event":{"mods":["AchievementEnabler","BaseMod","Bestiary","BetterRewards","Colored Map","Colored Powertips","Custom Start","Highlight Path","Minty Spire (QoL Compilation)","Quick Restart","Rare Cards Sparkle","Relic Sorter","Relic Stats","Shop Mod","Slay-I","StSLib","SuperFastMode"],"gold_per_floor":[112,124,138,138,188,188,215,41,65,65,81,97,97,125,125,229,229,247,23,23,33,50,80,80,106,157,157,157,157],"floor_reached":28,"playtime":1190,"items_purged":[],"score":458,"play_id":"0e82c0aa-3026-47d3-adae-0a79fdb74954","local_time":"20210105101129","is_ascension_mode":true,"campfire_choices":[{"data":"Backstab","floor":6,"key":"SMITH"},{"floor":13,"key":"REST"},{"data":"Apotheosis","floor":15,"key":"SMITH"},{"floor":24,"key":"REST"}],"circlet_count":0,"master_deck":["Strike_G","Strike_G","Strike_G","Strike_G","Strike_G","Defend_G","Defend_G","Defend_G","Defend_G","Defend_G","Survivor","Neutralize","Backstab+1","Masterful Stab","Dagger Spray","Deflect","Backflip","Unload","Apotheosis+1","Flying Knee","Masterful Stab","Dodge and Roll","Tools of the Trade","Blade Dance","Footwork","Accuracy","Outmaneuver","Storm of Steel","Calculated Gamble","PiercingWail+1","Blade Dance+1"],"relics":["Ring of the Snake","Tiny Chest","Oddly Smooth Stone","Dream Catcher","Cursed Key","Omamori","Darkstone Periapt","Pen Nib","MealTicket","Mummified Hand"],"acts_visited":["Exordium","TheCity"],"potions_floor_usage":[7,14,16,16,23,23,23,25],"damage_taken":[{"damage":0,"enemies":"Jaw Worm","floor":1,"turns":3},{"damage":0,"enemies":"Small Slimes","floor":2,"turns":3},{"damage":0,"enemies":"Cultist","floor":3,"turns":3},{"damage":40,"enemies":"Gremlin Nob","floor":7,"turns":5},{"damage":0,"enemies":"2 Fungi Beasts","floor":11,"turns":2},{"damage":0,"enemies":"Exordium Thugs","floor":12,"turns":3},{"damage":5,"enemies":"Lagavulin","floor":14,"turns":5},{"damage":2,"enemies":"Slime Boss","floor":16,"turns":10},{"damage":0,"enemies":"Spheric Guardian","floor":18,"turns":3},{"damage":0,"enemies":"Chosen","floor":21,"turns":4},{"damage":0,"enemies":"Centurion and Healer","floor":22,"turns":6},{"damage":44,"enemies":"Gremlin Leader","floor":23,"turns":8},{"damage":23,"enemies":"Slavers","floor":25,"turns":9},{"damage":20,"enemies":"3 Cultists","floor":28,"turns":4}],"seed_played":"5016958665519162690","potions_obtained":[{"floor":3,"key":"EssenceOfSteel"},{"floor":10,"key":"SkillPotion"},{"floor":10,"key":"ColorlessPotion"},{"floor":10,"key":"SteroidPotion"},{"floor":14,"key":"LiquidMemories"},{"floor":16,"key":"Explosive Potion"},{"floor":18,"key":"AttackPotion"},{"floor":23,"key":"Strength Potion"}],"is_trial":false,"path_per_floor":["M","M","M","$","?","R","E","$","T","?","M","M","R","E","R","B",null,"M","$","?","M","M","E","R","E","T","T","M"],"character_chosen":"THE_SILENT","items_purchased":["Backstab","Apotheosis","Omamori","Footwork"],"campfire_rested":2,"item_purchase_floors":[0,8,19,19],"current_hp_per_floor":[70,70,70,70,70,70,30,30,30,30,30,30,51,46,46,44,64,64,64,64,64,64,20,41,18,18,18,0,0],"gold":157,"neow_bonus":"","is_daily":false,"chose_seed":false,"campfire_upgraded":2,"win_rate":0.0,"timestamp":1609837889,"path_taken":["M","M","M","$","?","R","E","$","T","?","?","M","R","E","R","BOSS","M","$","?","M","M","E","R","E","T","?","M"],"items_purchased_type":["Card","Card","Relic","Card"],"build_version":"2020-12-22","purchased_purges":0,"victory":false,"max_hp_per_floor":[70,70,70,70,70,70,70,70,70,70,70,70,70,70,70,70,70,70,70,70,70,70,70,70,70,70,70,70,70],"relic_stats":{"Darkstone Periapt":0,"Dream Catcher":1,"counters":[23,128],"Mummified Hand":[2],"Tiny Chest":1,"MealTicket":15,"Pen Nib":[1],"Cursed Key":2,"obtain_stats":[{"Darkstone Periapt":23,"Oddly Smooth Stone":9,"Pen Nib":25,"Bag of Preparation":2,"Omamori":19,"Orichalcum":14,"Cursed Key":17,"Nunchaku":0,"Centennial Puzzle":3,"Dream Catcher":14,"Ornamental Fan":6,"Mummified Hand":27,"MealTicket":9,"Tiny Chest":7,"Ring of the Snake":0},{"Darkstone Periapt":21,"Oddly Smooth Stone":13,"Pen Nib":22,"Bag of Preparation":1,"Omamori":18,"Orichalcum":8,"Cursed Key":17,"Nunchaku":0,"Centennial Puzzle":1,"Dream Catcher":16,"Ornamental Fan":4,"Mummified Hand":22,"MealTicket":5,"Tiny Chest":13,"Ring of the Snake":0},{"Darkstone Periapt":115,"Oddly Smooth Stone":74,"Pen Nib":124,"Bag of Preparation":8,"Omamori":97,"Orichalcum":49,"Cursed Key":94,"Nunchaku":0,"Centennial Puzzle":8,"Dream Catcher":84,"Ornamental Fan":32,"Mummified Hand":124,"MealTicket":35,"Tiny Chest":74,"Ring of the Snake":0}],"Ring of the Snake":[46]},"card_choices":[{"not_picked":["Dodge and Roll","Distraction"],"picked":"Dagger Spray","floor":1},{"not_picked":["Choke","Acrobatics"],"picked":"Deflect","floor":2},{"not_picked":["Reflex","Escape Plan"],"picked":"Backflip","floor":3},{"not_picked":["Dagger Spray","Eviscerate"],"picked":"Unload","floor":7},{"not_picked":["Underhanded Strike","Bane"],"picked":"Flying Knee","floor":11},{"not_picked":["Underhanded Strike","Leg Sweep"],"picked":"Masterful Stab","floor":12},{"not_picked":["Bane","Poisoned Stab"],"picked":"Dodge and Roll","floor":14},{"not_picked":["Grand Finale","Doppelganger"],"picked":"Tools of the Trade","floor":16},{"not_picked":["Acrobatics","Slice"],"picked":"Blade Dance","floor":18},{"not_picked":["Endless Agony","Dagger Throw"],"picked":"Outmaneuver","floor":21},{"not_picked":["Dagger Throw+1","Slice"],"picked":"Storm of Steel","floor":22},{"not_picked":["Finisher","Poisoned Stab"],"picked":"Calculated Gamble","floor":23},{"not_picked":["Acrobatics","Deflect"],"picked":"PiercingWail+1","floor":24},{"not_picked":["Dash+1","Finisher"],"picked":"Blade Dance+1","floor":25}],"player_experience":345770,"relics_obtained":[{"floor":7,"key":"Tiny Chest"},{"floor":9,"key":"Oddly Smooth Stone"},{"floor":14,"key":"Dream Catcher"},{"floor":23,"key":"Darkstone Periapt"},{"floor":25,"key":"Pen Nib"},{"floor":26,"key":"MealTicket"},{"floor":27,"key":"Mummified Hand"}],"event_choices":[{"damage_healed":0,"gold_gain":50,"player_choice":"Gained Gold","damage_taken":0,"max_hp_gain":0,"max_hp_loss":0,"event_name":"Golden Wing","floor":5,"gold_loss":0},{"damage_healed":0,"gold_gain":0,"player_choice":"Got Potions","damage_taken":0,"max_hp_gain":0,"max_hp_loss":0,"event_name":"Lab","floor":10,"gold_loss":0},{"damage_healed":0,"gold_gain":0,"player_choice":"Read","damage_taken":0,"max_hp_gain":0,"max_hp_loss":0,"event_name":"The Library","floor":20,"gold_loss":0,"cards_obtained":["Accuracy"]}],"is_beta":false,"boss_relics":[{"not_picked":["Astrolabe","Ring of the Serpent"],"picked":"Cursed Key"}],"items_purged_floors":[],"is_endless":false,"potions_floor_spawned":[3,14,16,18,23],"killed_by":"3 Cultists","ascension_level":5}}