{"host":"mydft8i2zzydgggw","time":1609859811,"event":{"mods":["AchievementEnabler","BaseMod","Colored Map","Colored Powertips","DeckTracker","Keyboard Shortcuts","Minty Spire (QoL Compilation)","Quick Restart","Rare Cards Sparkle","StSLib","SuperFastMode","The Poker Player","everything is the same but u backflip on backflip"],"gold_per_floor":[110,110,125,50,68,101,164,193,193,193,253,253,272,172,172,275,275,292,310,324,342,361,361,361,361],"floor_reached":24,"playtime":995,"items_purged":["Defend_P","Strike_P"],"score":239,"play_id":"d9c6e72f-de99-4236-9edb-5ef8cf30da6d","local_time":"20210106001651","is_ascension_mode":true,"campfire_choices":[{"floor":10,"key":"REST"},{"floor":15,"key":"REST"},{"data":"Vault","floor":23,"key":"SMITH"}],"circlet_count":0,"master_deck":["Strike_P","Strike_P+1","Defend_P","Defend_P+1","Defend_P","Eruption","Vigilance+1","Conclude","InnerPeace+1","Prostrate+1","FlurryOfBlows","Adaptation+1","LessonLearned+1","Vault+1","DeceiveReality"],"relics":["PureWater","NeowsBlessing","Gremlin Horn","War Paint","Omamori","Runic Pyramid"],"acts_visited":["Exordium","TheCity"],"potions_floor_usage":[6,8,24,24],"damage_taken":[{"damage":0,"enemies":"Small Slimes","floor":1,"turns":1},{"damage":0,"enemies":"Cultist","floor":3,"turns":1},{"damage":0,"enemies":"2 Louse","floor":5,"turns":1},{"damage":48,"enemies":"Lagavulin","floor":6,"turns":6},{"damage":5,"enemies":"Gremlin Nob","floor":8,"turns":3},{"damage":18,"enemies":"Gremlin Nob","floor":11,"turns":3},{"damage":3,"enemies":"Looter","floor":13,"turns":2},{"damage":32,"enemies":"The Guardian","floor":16,"turns":11},{"damage":12,"enemies":"3 Byrds","floor":18,"turns":5},{"damage":0,"enemies":"Chosen","floor":19,"turns":5},{"damage":28,"enemies":"Snake Plant","floor":20,"turns":5},{"damage":30,"enemies":"Chosen and Byrds","floor":21,"turns":7},{"damage":25,"enemies":"Shelled Parasite and Fungi","floor":22,"turns":7},{"damage":49,"enemies":"Gremlin Leader","floor":24,"turns":5}],"seed_played":"-7630134177428679494","potions_obtained":[{"floor":2,"key":"Energy Potion"},{"floor":2,"key":"FairyPotion"},{"floor":2,"key":"FairyPotion"},{"floor":3,"key":"Strength Potion"},{"floor":6,"key":"Explosive Potion"},{"floor":11,"key":"Ancient Potion"},{"floor":22,"key":"AttackPotion"}],"is_trial":false,"path_per_floor":["M","?","M","$","M","E","?","E","T","R","?","?","M","$","R","B",null,"M","M","M","M","M","R","E"],"character_chosen":"WATCHER","items_purchased":[],"campfire_rested":2,"item_purchase_floors":[],"current_hp_per_floor":[72,72,72,72,72,24,24,19,19,40,22,22,19,19,40,8,72,60,60,32,2,21,21,0,0],"gold":361,"neow_bonus":"THREE_ENEMY_KILL","is_daily":false,"chose_seed":false,"campfire_upgraded":1,"win_rate":0.0,"timestamp":1609859811,"path_taken":["M","?","?","$","M","E","?","E","T","R","?","?","M","?","R","BOSS","M","M","M","M","M","R","E"],"items_purchased_type":[],"build_version":"2020-12-22","purchased_purges":2,"victory":false,"max_hp_per_floor":[72,72,72,72,72,72,72,72,72,72,72,72,72,72,72,72,72,72,72,72,72,72,72,72,72],"card_choices":[{"not_picked":["ClearTheMind","Halt"],"picked":"Conclude","floor":1},{"not_picked":["Halt","JustLucky"],"picked":"InnerPeace","floor":3},{"not_picked":["CutThroughFate","TalkToTheHand"],"picked":"Prostrate","floor":5},{"not_picked":["Weave","Crescendo"],"picked":"FlurryOfBlows","floor":6},{"not_picked":["Weave","Sanctity","Consecrate"],"picked":"SKIP","floor":8},{"not_picked":["ClearTheMind","SashWhip"],"picked":"Adaptation","floor":11},{"not_picked":["WindmillStrike","SashWhip"],"picked":"LessonLearned","floor":13},{"not_picked":["MasterReality","Ragnarok"],"picked":"Vault","floor":16},{"not_picked":["SashWhip+1","Crescendo","WreathOfFlame"],"picked":"SKIP","floor":18},{"not_picked":["Consecrate","Meditate+1"],"picked":"DeceiveReality","floor":19},{"not_picked":["Study","CrushJoints+1","TalkToTheHand"],"picked":"SKIP","floor":20},{"not_picked":["FlurryOfBlows","Nirvana","CutThroughFate+1"],"picked":"SKIP","floor":21},{"not_picked":["Weave","Adaptation","Crescendo"],"picked":"SKIP","floor":22}],"player_experience":105247,"relics_obtained":[{"floor":6,"key":"Gremlin Horn"},{"floor":8,"key":"War Paint"}],"event_choices":[{"damage_healed":0,"gold_gain":0,"player_choice":"Got Potions","damage_taken":0,"max_hp_gain":0,"max_hp_loss":0,"event_name":"Lab","floor":2,"gold_loss":0},{"damage_healed":0,"gold_gain":63,"player_choice":"Gained Gold","damage_taken":0,"max_hp_gain":0,"max_hp_loss":0,"event_name":"Golden Wing","floor":7,"gold_loss":0},{"damage_healed":0,"gold_gain":30,"player_choice":"Searched \u00273\u0027 times","damage_taken":0,"relics_obtained":["Omamori"],"max_hp_gain":0,"max_hp_loss":0,"event_name":"Dead Adventurer","floor":11,"gold_loss":0},{"cards_removed":["Strike_P"],"damage_healed":0,"gold_gain":0,"player_choice":"Forget","damage_taken":0,"max_hp_gain":0,"max_hp_loss":0,"event_name":"Living Wall","floor":12,"gold_loss":0}],"is_beta":false,"boss_relics":[{"not_picked":["HolyWater","Tiny House"],"picked":"Runic Pyramid"}],"items_purged_floors":[4,14],"is_endless":false,"potions_floor_spawned":[3,5,6,11,18,19,22],"killed_by":"Gremlin Leader","ascension_level":3}}