{"host":"dcj2yvrgcvh5dl2s","time":1609833388,"event":{"mods":["BaseMod","Better Note","Block Reminder","Colored Powertips","DeckTracker","Minty Spire (QoL Compilation)","Quick Restart","Rare Cards Sparkle","Relic Stats","StSLib"],"gold_per_floor":[116,116,36,48,66,94,19,19,19],"floor_reached":8,"playtime":271,"items_purged":["Normality"],"score":109,"play_id":"622439e1-0545-4e34-8655-dc58a9ff4247","local_time":"20210105175628","is_ascension_mode":true,"campfire_choices":[],"circlet_count":0,"master_deck":["AscendersBane","Strike_R","Strike_R","Strike_R","Strike_R","Strike_R","Defend_R","Defend_R","Defend_R","Defend_R","Bash","Sword Boomerang","Inflame","Shrug It Off","Intimidate","Intimidate"],"relics":["Burning Blood","Bronze Scales"],"acts_visited":["Exordium"],"potions_floor_usage":[8],"damage_taken":[{"damage":11,"enemies":"2 Louse","floor":1,"turns":4},{"damage":6,"enemies":"Cultist","floor":4,"turns":3},{"damage":12,"enemies":"Jaw Worm","floor":5,"turns":3},{"damage":56,"enemies":"Gremlin Nob","floor":6,"turns":5},{"damage":37,"enemies":"3 Sentries","floor":8,"turns":6}],"seed_played":"-1115500417896002485","potions_obtained":[{"floor":5,"key":"EssenceOfSteel"}],"is_trial":false,"path_per_floor":["M","?","$","M","M","E","$","E"],"character_chosen":"IRONCLAD","items_purchased":["Inflame"],"campfire_rested":0,"item_purchase_floors":[3],"current_hp_per_floor":[77,89,89,89,83,33,33,0,0],"gold":19,"neow_bonus":"TWENTY_PERCENT_HP_BONUS","is_daily":false,"chose_seed":false,"campfire_upgraded":0,"win_rate":0.0,"timestamp":1609833388,"path_taken":["M","?","$","M","M","E","?","E"],"items_purchased_type":["Card"],"build_version":"2020-12-22","purchased_purges":1,"victory":false,"max_hp_per_floor":[89,89,89,89,89,89,89,89,89],"relic_stats":{"counters":[5,21],"Bronze Scales":[18],"obtain_stats":[{"Bronze Scales":6,"Burning Blood":0},{"Bronze Scales":4,"Burning Blood":0},{"Bronze Scales":15,"Burning Blood":0}],"Burning Blood":24},"card_choices":[{"not_picked":["Power Through","Dual Wield"],"picked":"Sword Boomerang","floor":1},{"not_picked":["Wild Strike","Reckless Charge"],"picked":"Shrug It Off","floor":4},{"not_picked":["Evolve","Burning Pact"],"picked":"Intimidate","floor":5},{"not_picked":["Second Wind","Rage"],"picked":"Intimidate","floor":6}],"player_experience":2199988,"relics_obtained":[{"floor":6,"key":"Bronze Scales"}],"event_choices":[{"damage_healed":12,"gold_gain":0,"player_choice":"Full Heal","damage_taken":0,"max_hp_gain":0,"max_hp_loss":0,"event_name":"Wheel of Change","floor":2,"gold_loss":0}],"is_beta":false,"boss_relics":[],"items_purged_floors":[7],"is_endless":false,"potions_floor_spawned":[5],"killed_by":"3 Sentries","ascension_level":19}}