{"host":"9sqwgc7o3s0c6ttp","time":1609832642,"event":{"mods":["AchievementEnabler","Act Like it!","Arknights The Spire","Aspiration","BaseMod","CapriCore","Colored Map","Colored Powertips","Dota2Spire","Friendly Minions","Gensokyo","HololiveMod","Infinite Spire","Minty Spire (QoL Compilation)","Pale of the Ancients","Replay The Spire","StSLib","Waifu the Spire","WarShipGirlsR/??á´Ò³R mod"],"gold_per_floor":[117,117,186,200,214,239,239,271,295,185,185,198,198,102,102,199,199,363,363,375,394,413,442,442,476,476,476,476,507,507,519,519,617,617,630,630,630,540,552,586,586,621,621,636,706,706,738,102,102,102,102],"floor_reached":50,"playtime":5011,"items_purged":["ReplayTheSpireMod:Restless Dread","Poison Darts"],"score":733,"play_id":"519e65ad-e02c-4f5b-8718-ab62e6744b53","local_time":"20210105164402","is_ascension_mode":true,"campfire_choices":[{"data":"ats:Armor Crushing Shot","floor":7.0,"key":"SMITH"},{"data":"ats:Thermite Blade","floor":11.0,"key":"SMITH"},{"data":"ats:Demon Strength","floor":13.0,"key":"SMITH"},{"data":"ReplayUltimateDefense","floor":15.0,"key":"SMITH"},{"data":"ats:Roar Of Ursus","floor":24.0,"key":"SMITH"},{"data":"ats:Disruption Kick","floor":28.0,"key":"SMITH"},{"data":"Gensokyo:SpontaneousHumanCombustion","floor":32.0,"key":"SMITH"},{"data":"ats:Composite Medical Shells","floor":41.0,"key":"SMITH"},{"data":"ats:Healing Strengthening","floor":46.0,"key":"SMITH"},{"data":"Gensokyo:TurboGranny","floor":49.0,"key":"SMITH"}],"circlet_count":0,"master_deck":["ats:Strike G","ats:Strike S","ats:Armor Crushing Shot+1","ats:Defend","ats:Defend","ats:Defend","ats:Powerful Strike","ats:Curse Doll","ats:Thermite Blade+1","ats:Demon Strength+1","ReplayUltimateDefense+1","ats:Roar Of Ursus+1","ats:Hammer On","ats:Apocalypse+1","ats:Disruption Kick+1","ats:Assault Order","Gensokyo:SpontaneousHumanCombustion+1","ats:Soul Rend","ats:Cat Scratch","Reflex","Expertise","Gensokyo:CustomPotion","ats:Composite Medical Shells+1","ats:Cat Scratch+1","ats:Healing Strengthening+1","ats:Consecutive Shot Auto+1","ats:Consecutive Shot Auto","ats:Steam Pump+1","Gensokyo:TurboGranny+1","ReplayUltimateDefense+1"],"relics":["Dota2Spire:Bloodstone","Eternal Feather","ats:Originium","Replay:Mystery Machine","Pen Nib","Orichalcum","ReplayTheSpireMod:CursedCoin","Replay:Drink Me","Gensokyo:ChorusOfJoy","Pocketwatch","Dota2Spire:MantaStyle","Chameleon Ring","Gremlin Horn","infinitespire:Joker Card","Black Star","ats:Omniscience","Mercury Hourglass","Vajra","Dota2Spire:AghanimScepter","ReplayTheSpireMod:TigerMarble","Dota2Spire:HeartOfTarrasque","infinitespire:BottledMercury","ats:Spiritual Recovery","Potion Belt","aspiration:FrozenJewel","DollysMirror","Strange Spoon","ats:Assault"],"acts_visited":["Gensokyo:Gensokyo","Gensokyo:Gensokyoer","Gensokyo:Gensokyoest"],"potions_floor_usage":[],"damage_taken":[{"damage":0.0,"enemies":"Gensokyo:Python","floor":1.0,"turns":3.0},{"damage":0.0,"enemies":"Gensokyo:2_Kodama","floor":4.0,"turns":3.0},{"damage":0.0,"enemies":"Gensokyo:3_Fairies","floor":5.0,"turns":4.0},{"damage":35.0,"enemies":"Gensokyo:Cirno","floor":6.0,"turns":5.0},{"damage":15.0,"enemies":"Gensokyo:Mamizou","floor":8.0,"turns":8.0},{"damage":0.0,"enemies":"Gensokyo:LivingMonolith","floor":12.0,"turns":2.0},{"damage":53.0,"enemies":"Gensokyo:Yukari","floor":16.0,"turns":15.0},{"damage":25.0,"enemies":"Gensokyo:3_Dogs","floor":18.0,"turns":6.0},{"damage":4.0,"enemies":"Gensokyo:CosmicMonolith","floor":20.0,"turns":3.0},{"damage":4.0,"enemies":"Gensokyo:Wraith","floor":21.0,"turns":5.0},{"damage":0.0,"enemies":"Gensokyo:Chomper_and_Gloop","floor":22.0,"turns":6.0},{"damage":20.0,"enemies":"Gensokyo:Tenshi","floor":23.0,"turns":5.0},{"damage":3.0,"enemies":"Gensokyo:Reisen","floor":25.0,"turns":7.0},{"damage":13.0,"enemies":"Nightmare","floor":29.0,"turns":7.0},{"damage":16.0,"enemies":"Gensokyo:3_Gloops","floor":31.0,"turns":5.0},{"damage":55.0,"enemies":"Gensokyo:Eternal_Rivals","floor":33.0,"turns":9.0},{"damage":6.0,"enemies":"Gensokyo:3_Boulders","floor":35.0,"turns":3.0},{"damage":0.0,"enemies":"Gensokyo:3_Bats","floor":39.0,"turns":3.0},{"damage":11.0,"enemies":"Gensokyo:Marisa","floor":40.0,"turns":5.0},{"damage":1.0,"enemies":"Gensokyo:Kasen","floor":42.0,"turns":7.0},{"damage":0.0,"enemies":"Gensokyo:AtlasGolem","floor":44.0,"turns":5.0},{"damage":17.0,"enemies":"Nightmare","floor":47.0,"turns":7.0},{"damage":0,"enemies":"Gensokyo:Shinki","floor":50,"turns":1}],"seed_played":"2655941132108712248","potions_obtained":[{"floor":5.0,"key":"ats:Top Emergency Sanity Potion"},{"floor":8.0,"key":"PowerPotion"},{"floor":16.0,"key":"Reflective Coating"},{"floor":22.0,"key":"Strength Potion"},{"floor":23.0,"key":"Strength Potion"},{"floor":33.0,"key":"Strength Potion"}],"is_trial":false,"path_per_floor":["M","?","T","M","M","E","R","E","T","COS","R","M","R","$","R","B",null,"M","?","M","M","M","E","R","E","T","?","R","NM","?","M","R","B",null,"M","?","AVR","?","M","E","R","E","T","M","?","R","NM","COS","R","B"],"character_chosen":"DOCTOR_CLASS","items_purchased":["ReplayTheSpireMod:CursedCoin","ReplayUltimateDefense"],"campfire_rested":0,"item_purchase_floors":[14,14],"current_hp_per_floor":[72,72,72,72,72,40,46,36,36,36,45,53,62,62,71,39,54,41,41,37,38,54,34,43,54,54,54,54,54,49,33,45,19,49,43,43,43,43,49,49,49,57,57,57,43,57,52,52,57,57,57],"gold":102,"neow_bonus":"BOSS_RELIC","is_daily":false,"chose_seed":false,"campfire_upgraded":10,"win_rate":0.0,"timestamp":1609832642,"path_taken":["M","?","?","M","M","E","R","E","T","COS","R","M","R","$","R","BOSS","M","?","M","M","?","E","R","E","T","?","R","NM","?","M","R","BOSS","M","?","AVR","?","M","E","R","E","T","M","?","R","NM","COS","R","BOSS"],"items_purchased_type":["Relic","Card"],"build_version":"2020-12-22","purchased_purges":2,"victory":false,"max_hp_per_floor":[72,72,72,72,72,72,72,72,72,72,72,72,72,72,72,72,54,54,54,54,54,54,54,54,54,54,54,54,54,49,49,49,49,49,49,49,49,49,49,49,49,57,57,57,57,57,57,57,57,57,57],"card_choices":[{"not_picked":["ats:Collapsing Strike","ats:Consecutive Shot Auto"],"picked":"ats:Powerful Strike","floor":1.0},{"not_picked":["ats:Explosion Area Strengthen","ats:Powerful Strike"],"picked":"ats:Revitalization","floor":4.0},{"not_picked":["ats:Assault Order","ats:Explosion Area Strengthen"],"picked":"ats:Curse Doll","floor":5.0},{"not_picked":["ats:Encircling Forest","ats:Explosion Area Strengthen"],"picked":"ats:Thermite Blade","floor":6.0},{"not_picked":["ats:Spore Proliferation","ats:Closed Bolt Burst Fire"],"picked":"ats:Healing Drone","floor":8.0},{"not_picked":["ats:Magnetic Hammer","ats:Ignite"],"picked":"ats:Demon Strength","floor":12.0},{"not_picked":["ats:Volcano","ats:Fractured Body"],"picked":"ats:Roar Of Ursus","floor":16.0},{"not_picked":["ats:Ignite+1","ats:Poison Spread"],"picked":"ats:Hammer On","floor":18.0},{"not_picked":["ats:Demon Strength+1","ats:Explosion Area Strengthen"],"picked":"ats:Apocalypse+1","floor":20.0},{"not_picked":["ats:Sunburst","ats:Childhood Dance"],"picked":"ats:Disruption Kick","floor":21.0},{"not_picked":["ats:Flame Of Heaven","ats:Revitalization","ats:Spore Proliferation"],"picked":"SKIP","floor":22.0},{"not_picked":["ats:Curse Doll","ats:Spore Proliferation","ats:Apocalypse"],"picked":"SKIP","floor":23.0},{"not_picked":["ats:Defend Order","ats:Spore Proliferation","ats:Shadow Raid"],"picked":"SKIP","floor":25.0},{"not_picked":["ats:Hook Shot","ats:LN2 Cannon","ats:Disruption Kick"],"picked":"SKIP","floor":29.0},{"not_picked":["Gensokyo:MenInBlack","Gensokyo:ManorOfTheDishes"],"picked":"Gensokyo:SpontaneousHumanCombustion","floor":30.0},{"not_picked":["ats:Song Of Battle","ats:Hammer On","ats:Poison Spread"],"picked":"SKIP","floor":31.0},{"not_picked":["ats:Volcano","ats:Calcification"],"picked":"ats:Soul Rend","floor":33.0},{"not_picked":["ats:Childhood Dance","ats:Apocalypse+1"],"picked":"ats:Cat Scratch","floor":35.0},{"not_picked":["ats:Ignite","ats:Revitalization+1"],"picked":"ats:Composite Medical Shells","floor":39.0},{"not_picked":["ats:Neurotoxin","ats:Encircling Forest+1"],"picked":"ats:Cat Scratch+1","floor":40.0},{"not_picked":["ats:Cat Scratch+1","ats:Ambush"],"picked":"ats:Healing Strengthening","floor":42.0},{"not_picked":["ats:Automatic Cover+1","ats:Apocalypse","ats:LN2 Cannon+1"],"picked":"SKIP","floor":44.0},{"not_picked":["ats:Powerful Strike+1","ats:Flexible Camouflage+1"],"picked":"ats:Consecutive Shot Auto+1","floor":45.0},{"not_picked":["ats:Hammer On+1","ats:Curse Doll"],"picked":"ats:Consecutive Shot Auto","floor":45.0},{"not_picked":["ats:Revitalization+1","ats:Childhood Dance+1"],"picked":"ats:Steam Pump+1","floor":47.0}],"player_experience":320230,"relics_obtained":[{"floor":3.0,"key":"Eternal Feather"},{"floor":6.0,"key":"ats:Originium"},{"floor":6.0,"key":"Replay:Mystery Machine"},{"floor":8.0,"key":"ats:Originium"},{"floor":8.0,"key":"Pen Nib"},{"floor":9.0,"key":"Orichalcum"},{"floor":23.0,"key":"ats:Originium"},{"floor":23.0,"key":"Dota2Spire:MantaStyle"},{"floor":25.0,"key":"Chameleon Ring"},{"floor":26.0,"key":"Gremlin Horn"},{"floor":29.0,"key":"infinitespire:Joker Card"},{"floor":40.0,"key":"Vajra"},{"floor":40.0,"key":"Dota2Spire:AghanimScepter"},{"floor":42.0,"key":"ReplayTheSpireMod:TigerMarble"},{"floor":42.0,"key":"Dota2Spire:HeartOfTarrasque"},{"floor":43.0,"key":"infinitespire:BottledMercury"},{"floor":45.0,"key":"ats:Spiritual Recovery"},{"floor":47.0,"key":"Potion Belt"},{"floor":47.0,"key":"aspiration:FrozenJewel"}],"event_choices":[],"is_beta":false,"boss_relics":[{"not_picked":["infinitespire:Cupcake","Ring of Chaos"],"picked":"Replay:Drink Me"},{"not_picked":["Busted Crown","ChewingGum"],"picked":"Black Star"}],"items_purged_floors":[14,37],"is_endless":false,"potions_floor_spawned":[5,8,16,22,23,25,33,39,40,42],"killed_by":"Gensokyo:Shinki","ascension_level":3}}