{"host":"za51qju8r56bcr85","time":1609862368,"event":{"mods":["Act Like it!","BaseMod","Block Reminder","Googly Eyes","Minty Spire (QoL Compilation)","Quick Restart","Relic Sorter","Relic Stats","Shop Mod","StSLib","SuperFastMode"],"gold_per_floor":[114,114,114,114,134,169,169,210,210,210,235,248,248,248,248,338,338,356,271,296,296,296,296,332,332,332,365,380,217,48,69,69,160,160,180,180,211,232,257,257,296,296,296,335,395,428,92,106,106,106,106,106,106,56,94,94],"floor_reached":57,"playtime":2075,"items_purged":["Strike_R","Strike_R","Bash"],"score":3164,"play_id":"c8153307-c75b-4035-aefe-8fb612ba00ce","local_time":"20210105235928","is_ascension_mode":true,"campfire_choices":[{"data":"Armaments","floor":7.0,"key":"SMITH"},{"data":"Carnage","floor":10.0,"key":"SMITH"},{"data":"Fire Breathing","floor":13.0,"key":"SMITH"},{"data":"Evolve","floor":15.0,"key":"SMITH"},{"floor":23.0,"key":"RECALL"},{"floor":25.0,"key":"REST"},{"floor":32.0,"key":"REST"},{"floor":40.0,"key":"REST"},{"floor":42.0,"key":"REST"},{"floor":49.0,"key":"REST"},{"floor":53.0,"key":"REST"}],"circlet_count":0,"master_deck":["AscendersBane","Defend_R","Defend_R","Defend_R","Defend_R","Carnage+1","Ghostly Armor","Armaments+1","Second Wind","Fire Breathing+1","Evolve+1","Feed","Reckless Charge","Ghostly","Ghostly","Ghostly","Bloodletting+1","Dark Embrace","Exhume","Dual Wield","Power Through","Burning Pact+1","Feel No Pain","Entrench"],"relics":["Burning Blood","Frozen Eye","Golden Idol","Meat on the Bone","Happy Flower","Orichalcum","Potion Belt","Fusion Hammer","Blue Candle","PreservedInsect","Mercury Hourglass","Regal Pillow","Toolbox","Black Star","FossilizedHelix","Red Skull","Bronze Scales","Oddly Smooth Stone","Toy Ornithopter","CaptainsWheel","Calipers","Smiling Mask","Darkstone Periapt","Bottled Tornado","Bag of Marbles","Bottled Lightning"],"acts_visited":["Exordium","TheCity","TheBeyond","TheEnding"],"potions_floor_usage":[56,56,56,56,56,56,56],"damage_taken":[{"damage":3.0,"enemies":"Small Slimes","floor":1.0,"turns":3.0},{"damage":0.0,"enemies":"2 Louse","floor":5.0,"turns":2.0},{"damage":15.0,"enemies":"3 Sentries","floor":6.0,"turns":5.0},{"damage":28.0,"enemies":"Gremlin Nob","floor":8.0,"turns":4.0},{"damage":7.0,"enemies":"Jaw Worm","floor":12.0,"turns":2.0},{"damage":25.0,"enemies":"Slime Boss","floor":16.0,"turns":6.0},{"damage":18.0,"enemies":"2 Thieves","floor":18.0,"turns":5.0},{"damage":15.0,"enemies":"Shell Parasite","floor":20.0,"turns":6.0},{"damage":0.0,"enemies":"Slavers","floor":24.0,"turns":4.0},{"damage":30.0,"enemies":"Book of Stabbing","floor":27.0,"turns":5.0},{"damage":6.0,"enemies":"Centurion and Healer","floor":28.0,"turns":8.0},{"damage":18.0,"enemies":"Snake Plant","floor":31.0,"turns":6.0},{"damage":33.0,"enemies":"Collector","floor":33.0,"turns":8.0},{"damage":10.0,"enemies":"3 Shapes","floor":35.0,"turns":4.0},{"damage":3.0,"enemies":"Mind Bloom Boss Battle","floor":37.0,"turns":6.0},{"damage":1.0,"enemies":"Orb Walker","floor":38.0,"turns":5.0},{"damage":34.0,"enemies":"Maw","floor":39.0,"turns":9.0},{"damage":29.0,"enemies":"Nemesis","floor":41.0,"turns":7.0},{"damage":44.0,"enemies":"Reptomancer","floor":44.0,"turns":5.0},{"damage":4.0,"enemies":"2 Orb Walkers","floor":45.0,"turns":5.0},{"damage":3.0,"enemies":"Nemesis","floor":46.0,"turns":5.0},{"damage":0.0,"enemies":"Spire Growth","floor":48.0,"turns":5.0},{"damage":4.0,"enemies":"Awakened One","floor":50.0,"turns":9.0},{"damage":0.0,"enemies":"Time Eater","floor":51.0,"turns":10.0},{"damage":3.0,"enemies":"Shield and Spear","floor":55.0,"turns":6.0},{"damage":14,"enemies":"The Heart","floor":56,"turns":7}],"seed_played":"-8538102614693524074","potions_obtained":[{"floor":6.0,"key":"Fire Potion"},{"floor":8.0,"key":"Weak Potion"},{"floor":12.0,"key":"Dexterity Potion"},{"floor":16.0,"key":"SneckoOil"},{"floor":20.0,"key":"Explosive Potion"},{"floor":27.0,"key":"SteroidPotion"},{"floor":31.0,"key":"PowerPotion"},{"floor":39.0,"key":"Energy Potion"},{"floor":41.0,"key":"Ancient Potion"},{"floor":44.0,"key":"EntropicBrew"}],"is_trial":false,"path_per_floor":["M","?","?","?","M","E","R","E","T","R","T","M","R","?","R","B",null,"M","?","M","?","?","R","E","R","T","E","M","$","$","M","R","B",null,"M","?","?","M","M","R","E","R","T","E","?","E","$","M","R","B","B",null,"R","$","E","B",null],"character_chosen":"IRONCLAD","items_purchased":["Dark Embrace","Toolbox","Bottled Tornado"],"campfire_rested":6,"item_purchase_floors":[29,30,47],"current_hp_per_floor":[68,73,73,48,54,45,45,35,35,35,35,46,46,28,28,21,60,51,51,58,58,40,40,40,40,40,28,31,31,31,35,47,36,47,49,49,56,62,50,66,47,70,70,48,57,64,64,74,89,101,105,105,105,105,113,117],"gold":94,"neow_bonus":"TRANSFORM_TWO_CARDS","is_daily":false,"chose_seed":false,"campfire_upgraded":4,"win_rate":0.0,"timestamp":1609862368,"path_taken":["M","?","?","?","M","E","R","E","T","R","?","M","R","?","R","BOSS","M","?","M","?","?","R","E","R","T","E","M","?","$","?","R","BOSS","M","?","?","?","M","R","E","R","T","E","?","E","$","M","R","BOSS","BOSS","R","$","E","BOSS"],"items_purchased_type":["Card","Relic","Relic"],"build_version":"2020-12-22","purchased_purges":3,"victory":true,"max_hp_per_floor":[68,73,73,73,73,73,73,73,73,73,73,73,73,73,73,73,73,76,76,80,80,40,40,40,40,40,40,43,43,43,47,47,51,51,57,54,58,62,66,66,70,70,70,74,81,85,85,89,89,101,105,105,105,105,113,117],"relic_stats":{"Darkstone Periapt":0,"Regal Pillow":2,"Happy Flower":[44],"counters":[26,146],"Golden Idol":209,"Blue Candle":[3],"PreservedInsect":282,"Orichalcum":[198],"Smiling Mask":125,"Burning Blood":129,"Mercury Hourglass":[417],"Bronze Scales":[286],"Black Star":4,"obtain_stats":[{"Darkstone Periapt":46,"Regal Pillow":27,"Calipers":45,"Bottled Tornado":47,"Smiling Mask":46,"Burning Blood":0,"Frozen Eye":1,"Toolbox":30,"Fusion Hammer":17,"Red Skull":41,"Potion Belt":14,"Happy Flower":8,"Golden Idol":4,"Blue Candle":19,"Oddly Smooth Stone":43,"PreservedInsect":24,"Orichalcum":9,"Mercury Hourglass":26,"CaptainsWheel":44,"Bronze Scales":41,"Black Star":34,"Bag of Marbles":55,"Bottled Lightning":55,"FossilizedHelix":37,"Toy Ornithopter":44,"Meat on the Bone":6},{"Darkstone Periapt":21,"Regal Pillow":10,"Calipers":20,"Bottled Tornado":21,"Smiling Mask":21,"Burning Blood":0,"Frozen Eye":1,"Toolbox":11,"Fusion Hammer":6,"Red Skull":18,"Potion Belt":5,"Happy Flower":4,"Golden Idol":1,"Blue Candle":7,"Oddly Smooth Stone":18,"PreservedInsect":9,"Orichalcum":4,"Mercury Hourglass":9,"CaptainsWheel":19,"Bronze Scales":18,"Black Star":13,"Bag of Marbles":25,"Bottled Lightning":25,"FossilizedHelix":15,"Toy Ornithopter":19,"Meat on the Bone":3},{"Darkstone Periapt":109,"Regal Pillow":42,"Calipers":104,"Bottled Tornado":109,"Smiling Mask":109,"Burning Blood":0,"Frozen Eye":1,"Toolbox":50,"Fusion Hammer":22,"Red Skull":95,"Potion Belt":16,"Happy Flower":14,"Golden Idol":3,"Blue Candle":27,"Oddly Smooth Stone":95,"PreservedInsect":37,"Orichalcum":14,"Mercury Hourglass":37,"CaptainsWheel":100,"Bronze Scales":95,"Black Star":64,"Bag of Marbles":139,"Bottled Lightning":139,"FossilizedHelix":74,"Toy Ornithopter":100,"Meat on the Bone":10}],"Toy Ornithopter":12,"Meat on the Bone":108},"card_choices":[{"not_picked":["Twin Strike","Reckless Charge"],"picked":"Armaments","floor":1.0},{"not_picked":["Sentinel","Seeing Red"],"picked":"Fire Breathing","floor":5.0},{"not_picked":["Body Slam","True Grit","Sentinel"],"picked":"SKIP","floor":6.0},{"not_picked":["Body Slam","True Grit","Sentinel"],"picked":"SKIP","floor":6.0},{"not_picked":["Hemokinesis","Inflame","Perfected Strike"],"picked":"SKIP","floor":8.0},{"not_picked":["Hemokinesis","Inflame","Perfected Strike"],"picked":"SKIP","floor":8.0},{"not_picked":["Iron Wave","Anger"],"picked":"Evolve","floor":12.0},{"not_picked":["Brutality","Exhume"],"picked":"Feed","floor":16.0},{"not_picked":["Twin Strike+1","Armaments","Clash"],"picked":"SKIP","floor":18.0},{"not_picked":["Entrench","Combust"],"picked":"Reckless Charge","floor":20.0},{"not_picked":["Limit Break","Seeing Red","Whirlwind"],"picked":"SKIP","floor":24.0},{"not_picked":["True Grit+1","Rampage","Clash"],"picked":"SKIP","floor":27.0},{"not_picked":["Flex","Infernal Blade"],"picked":"Bloodletting+1","floor":28.0},{"not_picked":["Perfected Strike","Wild Strike","Searing Blow"],"picked":"SKIP","floor":31.0},{"not_picked":["Corruption","Immolate"],"picked":"Exhume","floor":33.0},{"not_picked":["Seeing Red","Headbutt","Sword Boomerang"],"picked":"SKIP","floor":35.0},{"not_picked":["Anger","Dual Wield","Iron Wave"],"picked":"SKIP","floor":38.0},{"not_picked":["Bloodletting","Carnage"],"picked":"Dual Wield","floor":39.0},{"not_picked":["Heavy Blade","Flex"],"picked":"Power Through","floor":41.0},{"not_picked":["Clash","Battle Trance"],"picked":"Burning Pact+1","floor":44.0},{"not_picked":["Perfected Strike+1","Thunderclap+1"],"picked":"Feel No Pain","floor":46.0},{"not_picked":["Sword Boomerang","Flex"],"picked":"Entrench","floor":48.0},{"not_picked":["Twin Strike","Blood for Blood","Wild Strike+1"],"picked":"SKIP","floor":55.0}],"player_experience":1346906,"relics_obtained":[{"floor":6.0,"key":"Meat on the Bone"},{"floor":8.0,"key":"Happy Flower"},{"floor":9.0,"key":"Orichalcum"},{"floor":24.0,"key":"PreservedInsect"},{"floor":26.0,"key":"Mercury Hourglass"},{"floor":27.0,"key":"Regal Pillow"},{"floor":37.0,"key":"FossilizedHelix"},{"floor":41.0,"key":"Red Skull"},{"floor":41.0,"key":"Bronze Scales"},{"floor":43.0,"key":"Oddly Smooth Stone"},{"floor":44.0,"key":"Toy Ornithopter"},{"floor":44.0,"key":"CaptainsWheel"},{"floor":45.0,"key":"Calipers"},{"floor":46.0,"key":"Smiling Mask"},{"floor":46.0,"key":"Darkstone Periapt"},{"floor":55.0,"key":"Bag of Marbles"},{"floor":55.0,"key":"Bottled Lightning"}],"event_choices":[{"damage_healed":0.0,"max_hp_gain":5.0,"max_hp_loss":0.0,"gold_gain":0.0,"event_name":"Big Fish","player_choice":"Donut","floor":2.0,"gold_loss":0.0,"damage_taken":0.0},{"damage_healed":0.0,"max_hp_gain":0.0,"max_hp_loss":0.0,"gold_gain":0.0,"cards_transformed":["Strike_R"],"event_name":"Living Wall","player_choice":"Change","floor":3.0,"gold_loss":0.0,"damage_taken":0.0,"cards_obtained":["Second Wind"]},{"damage_healed":0.0,"max_hp_gain":0.0,"max_hp_loss":0.0,"gold_gain":0.0,"event_name":"Golden Idol","player_choice":"Take Damage","floor":4.0,"gold_loss":0.0,"damage_taken":25.0,"relics_obtained":["Golden Idol"]},{"damage_healed":0.0,"max_hp_gain":0.0,"max_hp_loss":0.0,"gold_gain":0.0,"event_name":"Scrap Ooze","player_choice":"Success","floor":14.0,"gold_loss":0.0,"damage_taken":18.0,"relics_obtained":["Potion Belt"]},{"damage_healed":0.0,"max_hp_gain":0.0,"max_hp_loss":0.0,"gold_gain":0.0,"event_name":"Addict","player_choice":"Obtained Relic","floor":19.0,"gold_loss":85.0,"damage_taken":0.0,"relics_obtained":["Blue Candle"]},{"damage_healed":0.0,"max_hp_gain":0.0,"max_hp_loss":0.0,"gold_gain":0.0,"event_name":"Vampires","player_choice":"Ignored","floor":21.0,"gold_loss":0.0,"damage_taken":0.0},{"damage_healed":0.0,"max_hp_gain":0.0,"max_hp_loss":40.0,"gold_gain":0.0,"event_name":"Ghosts","player_choice":"Became a Ghost","floor":22.0,"gold_loss":0.0,"damage_taken":0.0,"cards_obtained":["Ghostly","Ghostly","Ghostly"]},{"damage_healed":0.0,"max_hp_gain":0.0,"max_hp_loss":3.0,"gold_gain":0.0,"event_name":"Winding Halls","player_choice":"Max HP","floor":36.0,"gold_loss":0.0,"damage_taken":0.0},{"damage_healed":0.0,"max_hp_gain":0.0,"max_hp_loss":0.0,"gold_gain":0.0,"event_name":"MindBloom","player_choice":"Fight","floor":37.0,"gold_loss":0.0,"damage_taken":0.0},{"damage_healed":0.0,"max_hp_gain":0.0,"max_hp_loss":0.0,"gold_gain":0.0,"event_name":"Mysterious Sphere","player_choice":"Fight","floor":45.0,"gold_loss":0.0,"damage_taken":0.0}],"is_beta":false,"boss_relics":[{"not_picked":["Calling Bell","Cursed Key"],"picked":"Fusion Hammer"},{"not_picked":["SlaversCollar","Sozu"],"picked":"Black Star"}],"items_purged_floors":[29,47,54],"is_endless":false,"potions_floor_spawned":[6,8,12,16,20,27,31,39,41,44,45,55],"ascension_level":20}}