{"host":"ox77rn1xcurm2t5a","time":1609884001,"event":{"mods":["2.2 Compatiblity","AchievementEnabler","Act Like it!","Aspiration","BaseMod","Best Route Mod","Better Match","Better Note","Better Sensory Stone","Block Reminder","Colored Map","Colored Powertips","Conjunction","Conspire","Custom Start","Energized Spire","GifTheSpireLib","Gold Saver","Gremlin Skip","Halation","Highlight Path","Hubris","Infinite Spire","Minty Spire (QoL Compilation)","Pale of the Ancients","Quick Restart","Replay The Spire","Reworked Bosses","ShortenTheSpire","Spire Exporter","StSLib","Stuff the Spire","Wandering Minibosses","vexMod"],"gold_per_floor":[544,561,561,573,592,617,617,717,717,717,745,180,196,196,196],"floor_reached":14,"playtime":16575,"items_purged":["Strike_B"],"score":160,"play_id":"121b42d8-0b77-44cd-af12-afd58883ff51","local_time":"20210106000001","is_ascension_mode":true,"campfire_choices":[{"data":"Defragment","floor":7,"key":"SMITH"},{"floor":10,"key":"REST"}],"circlet_count":0,"master_deck":["AscendersBane","Strike_B","Strike_B","Strike_B","Defend_B","Defend_B","Defend_B","Defend_B","Zap+1","Dualcast+1","Ball Lightning","Defragment+1","FIFO Queue"],"relics":["Cracked Core","Juzu Bracelet","halation:PromiseList","Bag of Marbles","StuffTheSpire:EmeraldSignet"],"acts_visited":["Exordium"],"potions_floor_usage":[4,11,14],"damage_taken":[{"damage":7,"enemies":"Jaw Worm","floor":1,"turns":2},{"damage":0,"enemies":"Cultist","floor":2,"turns":3},{"damage":0,"enemies":"2 Louse","floor":4,"turns":1},{"damage":7,"enemies":"Large Slime","floor":5,"turns":4},{"damage":44,"enemies":"Lagavulin","floor":6,"turns":7},{"damage":4,"enemies":"Gremlin Nob","floor":11,"turns":3},{"damage":14,"enemies":"3 Louse","floor":13,"turns":3},{"damage":15,"enemies":"3 Sentries","floor":14,"turns":2}],"seed_played":"4158809607439376998","potions_obtained":[{"floor":1,"key":"Explosive Potion"},{"floor":2,"key":"Milkshake"},{"floor":6,"key":"FocusPotion"},{"floor":13,"key":"EssenceOfDarkness"}],"is_trial":false,"path_per_floor":["M","M","?","M","M","E","R","?","T","R","E","$","M","E"],"character_chosen":"DEFECT","items_purchased":["Bag of Marbles","StuffTheSpire:EmeraldSignet","FIFO Queue"],"campfire_rested":1,"item_purchase_floors":[12,12,12],"current_hp_per_floor":[61,61,61,61,54,10,10,10,10,32,28,28,14,0,0],"gold":196,"neow_bonus":"RANDOM_EVENT","is_daily":false,"chose_seed":false,"campfire_upgraded":1,"win_rate":0.0,"timestamp":1609884001,"path_taken":["M","M","?","M","?","E","R","?","T","R","E","$","M","E"],"items_purchased_type":["Relic","Relic","Card"],"build_version":"2020-12-22","purchased_purges":1,"victory":false,"max_hp_per_floor":[75,75,75,75,75,75,75,75,75,75,75,75,75,75,75],"card_choices":[{"not_picked":["Beam Cell","Doom and Gloom","ReplayTheSpireMod:System Scan"],"picked":"SKIP","floor":1},{"not_picked":["Compile Driver","Coolheaded"],"picked":"Ball Lightning","floor":2},{"not_picked":["Fusion","Barrage","Leap"],"picked":"SKIP","floor":4},{"not_picked":["Barrage","Leap","Cold Snap"],"picked":"SKIP","floor":5},{"not_picked":["Ball Lightning","Cold Snap"],"picked":"Defragment","floor":6},{"not_picked":["BootSequence","ReplayTheSpireMod:Dual Polarity","StuffTheSpire:LoadUp"],"picked":"SKIP","floor":11},{"not_picked":["Time Bomb","Steam","Redo"],"picked":"SKIP","floor":13}],"player_experience":2920882,"relics_obtained":[{"floor":6,"key":"Juzu Bracelet"},{"floor":11,"key":"halation:PromiseList"}],"event_choices":[{"damage_healed":0,"gold_gain":0,"player_choice":"Forge","damage_taken":0,"max_hp_gain":0,"max_hp_loss":0,"event_name":"Accursed Blacksmith","floor":3,"gold_loss":0,"cards_upgraded":["Dualcast"]},{"damage_healed":0,"gold_gain":100,"player_choice":"Pray","damage_taken":0,"max_hp_gain":0,"max_hp_loss":0,"event_name":"Golden Shrine","floor":8,"gold_loss":0}],"is_beta":false,"boss_relics":[],"items_purged_floors":[12],"is_endless":false,"potions_floor_spawned":[1,2,6,13],"killed_by":"3 Sentries","ascension_level":12}}