{"host":"dnd25fcf5l5puhl9","time":1609815002,"event":{"mods":["AchievementEnabler","Act Like it!","BaseMod","BetterRewards","Colored Map","Colored Powertips","Downfall","Infinite Spire","Minty Spire (QoL Compilation)","Replay The Spire","StSLib","SuperFastMode"],"gold_per_floor":[114,129,129,129,150,150,194,212,212,212,212],"floor_reached":10,"playtime":799,"items_purged":[],"score":82,"play_id":"5a907a31-4bcc-411e-8fc8-f155ae6356f8","local_time":"20210105005002","is_ascension_mode":true,"campfire_choices":[{"data":"Eruption","floor":6,"key":"SMITH"}],"circlet_count":0,"master_deck":["Strike_P","Strike_P","Strike_P","Strike_P","Defend_P","Defend_P","Defend_P","Eruption+1","Vigilance","Conclude","Replay:DivineShield","Worship+1","Consecrate","EmptyBody"],"relics":["ReplayTheSpireMod:DimensionalGlitch","Golden Idol","Boot","Damaru"],"acts_visited":["Exordium"],"potions_floor_usage":[10],"damage_taken":[{"damage":2,"enemies":"2 Louse","floor":1,"turns":5},{"damage":0,"enemies":"Jaw Worm","floor":2,"turns":3},{"damage":0,"enemies":"Small Slimes","floor":5,"turns":2},{"damage":15,"enemies":"3 Sentries","floor":7,"turns":6},{"damage":4,"enemies":"Looter","floor":8,"turns":2},{"damage":75,"enemies":"Lagavulin","floor":10,"turns":5}],"seed_played":"-5503486206812714461","potions_obtained":[{"floor":2,"key":"GamblersBrew"},{"floor":5,"key":"Elixir"}],"is_trial":false,"path_per_floor":["M","M","?","?","M","R","E","M","T","E"],"character_chosen":"WATCHER","items_purchased":[],"campfire_rested":0,"item_purchase_floors":[],"current_hp_per_floor":[70,70,67,67,67,67,52,48,48,0,0],"gold":212,"neow_bonus":"BOSS_RELIC","is_daily":false,"chose_seed":false,"campfire_upgraded":1,"win_rate":0.0,"timestamp":1609815002,"path_taken":["M","M","?","?","M","R","E","M","T","E"],"items_purchased_type":[],"build_version":"2020-12-22","purchased_purges":0,"victory":false,"max_hp_per_floor":[72,72,67,67,67,67,67,67,67,67,67],"card_choices":[{"not_picked":["SandsOfTime","EmptyFist"],"picked":"Conclude","floor":1},{"not_picked":["Prostrate","MentalFortress"],"picked":"Replay:DivineShield","floor":2},{"not_picked":["Halt","Replay:BluntJabs"],"picked":"Consecrate","floor":5},{"not_picked":["Replay:AllIn","FollowUp"],"picked":"EmptyBody","floor":7},{"not_picked":["EmptyFist","PathToVictory","Fasting2"],"picked":"SKIP","floor":8}],"player_experience":503916,"relics_obtained":[{"floor":7,"key":"Boot"},{"floor":9,"key":"Damaru"}],"event_choices":[{"damage_healed":0,"gold_gain":0,"player_choice":"Lose Max HP","damage_taken":0,"relics_obtained":["Golden Idol"],"max_hp_gain":0,"max_hp_loss":5,"event_name":"Golden Idol","floor":3,"gold_loss":0}],"is_beta":false,"boss_relics":[],"items_purged_floors":[],"is_endless":false,"potions_floor_spawned":[2,5],"killed_by":"Lagavulin","ascension_level":4}}