{"host":"m77rrhbqzv44va4v","time":1609865715,"event":{"mods":["AchievementEnabler","BaseMod","Colored Map","DeckTracker","Keyboard Shortcuts","Minty Spire (QoL Compilation)","StSLib","SuperFastMode","everything is the same but u backflip on backflip"],"gold_per_floor":[119,132,146,221,221,252,266,286,309,351,370,392,417,439,439,525,525,549,570,67,87,98,98,98,98],"floor_reached":24,"playtime":627,"items_purged":[],"score":439,"play_id":"54a0cb4f-e186-4386-99b0-9fd5e58eeea2","local_time":"20210106015515","is_ascension_mode":true,"campfire_choices":[{"floor":15,"key":"REST"},{"data":"Apotheosis","floor":23,"key":"SMITH"}],"circlet_count":0,"master_deck":["AscendersBane","Strike_B","Strike_B","Strike_B+1","Defend_B","Defend_B","Defend_B+1","Zap","Dualcast","Cold Snap","Streamline","Leap","Beam Cell","Coolheaded","Conserve Battery","Self Repair","Capacitor","Ball Lightning","Chill","Biased Cognition","Compile Driver","Static Discharge+1","Apotheosis+1","Sweeping Beam"],"relics":["Cracked Core","Akabeko","Blood Vial","Boot","CeramicFish","Empty Cage","Calipers"],"acts_visited":["Exordium","TheCity"],"potions_floor_usage":[6,16,19],"damage_taken":[{"damage":1,"enemies":"Cultist","floor":1,"turns":3},{"damage":7,"enemies":"Jaw Worm","floor":2,"turns":3},{"damage":0,"enemies":"Small Slimes","floor":3,"turns":2},{"damage":6,"enemies":"Gremlin Nob","floor":6,"turns":3},{"damage":0,"enemies":"2 Fungi Beasts","floor":7,"turns":3},{"damage":4,"enemies":"Exordium Thugs","floor":8,"turns":3},{"damage":15,"enemies":"Lagavulin","floor":10,"turns":7},{"damage":11,"enemies":"Red Slaver","floor":11,"turns":4},{"damage":0,"enemies":"Large Slime","floor":12,"turns":4},{"damage":2,"enemies":"2 Fungi Beasts","floor":13,"turns":3},{"damage":6,"enemies":"Blue Slaver","floor":14,"turns":4},{"damage":0,"enemies":"The Guardian","floor":16,"turns":12},{"damage":1,"enemies":"Spheric Guardian","floor":18,"turns":4},{"damage":8,"enemies":"3 Byrds","floor":19,"turns":5},{"damage":34,"enemies":"3 Cultists","floor":21,"turns":6},{"damage":47,"enemies":"Shelled Parasite and Fungi","floor":22,"turns":6},{"damage":23,"enemies":"Snecko","floor":24,"turns":3}],"seed_played":"7081960812607060642","potions_obtained":[{"floor":2,"key":"Explosive Potion"},{"floor":3,"key":"FocusPotion"},{"floor":6,"key":"PowerPotion"},{"floor":16,"key":"Ancient Potion"},{"floor":22,"key":"Explosive Potion"}],"is_trial":false,"path_per_floor":["M","M","M","?","?","E","M","M","T","E","M","M","M","M","R","B",null,"M","M","$","M","M","R","M"],"character_chosen":"DEFECT","items_purchased":["Calipers","Apotheosis"],"campfire_rested":1,"item_purchase_floors":[20,20],"current_hp_per_floor":[67,60,60,49,34,28,30,28,28,15,6,15,15,18,40,49,69,75,74,74,51,16,16,0,0],"gold":98,"neow_bonus":"RANDOM_COMMON_RELIC","is_daily":false,"chose_seed":false,"campfire_upgraded":1,"win_rate":0.0,"timestamp":1609865715,"path_taken":["M","M","M","?","?","E","M","M","T","E","M","M","M","M","R","BOSS","M","M","$","M","M","R","M"],"items_purchased_type":["Relic","Card"],"build_version":"2020-12-22","purchased_purges":0,"victory":false,"max_hp_per_floor":[75,75,75,75,75,75,75,75,75,75,75,75,75,75,75,75,75,75,75,75,75,75,75,75,75],"card_choices":[{"not_picked":["Hello World","BootSequence"],"picked":"Cold Snap","floor":1},{"not_picked":["Hello World","Skim"],"picked":"Streamline","floor":2},{"not_picked":["Streamline","Double Energy"],"picked":"Leap","floor":3},{"not_picked":["Skim","Heatsinks"],"picked":"Beam Cell","floor":6},{"not_picked":["Barrage","Melter","Streamline"],"picked":"SKIP","floor":7},{"not_picked":["Go for the Eyes","Turbo"],"picked":"Coolheaded","floor":8},{"not_picked":["Force Field","Sunder"],"picked":"Conserve Battery","floor":10},{"not_picked":["Reprogram","BootSequence"],"picked":"Self Repair","floor":11},{"not_picked":["Stack","Coolheaded"],"picked":"Capacitor","floor":12},{"not_picked":["Compile Driver","Redo"],"picked":"Ball Lightning","floor":13},{"not_picked":["Beam Cell","Steam"],"picked":"Chill","floor":14},{"not_picked":["Thunder Strike","All For One"],"picked":"Biased Cognition","floor":16},{"not_picked":["Sweeping Beam","Leap"],"picked":"Compile Driver","floor":18},{"not_picked":["Lockon","Compile Driver"],"picked":"Static Discharge+1","floor":19},{"not_picked":["BootSequence","FTL"],"picked":"Sweeping Beam","floor":21},{"not_picked":["Rip and Tear","Reprogram","Doom and Gloom"],"picked":"SKIP","floor":22}],"player_experience":903736,"relics_obtained":[{"floor":6,"key":"Blood Vial"},{"floor":9,"key":"Boot"},{"floor":10,"key":"CeramicFish"}],"event_choices":[{"damage_healed":0,"gold_gain":75,"player_choice":"Gather Gold","damage_taken":11,"max_hp_gain":0,"max_hp_loss":0,"event_name":"World of Goop","floor":4,"gold_loss":0},{"damage_healed":0,"gold_gain":0,"player_choice":"Entered Light","damage_taken":15,"max_hp_gain":0,"max_hp_loss":0,"event_name":"Shining Light","floor":5,"gold_loss":0,"cards_upgraded":["Defend_B","Strike_B"]}],"is_beta":false,"boss_relics":[{"not_picked":["Snecko Eye","Runic Dome"],"picked":"Empty Cage"}],"items_purged_floors":[],"is_endless":false,"potions_floor_spawned":[2,3,6,10,14,16,22],"killed_by":"Snecko","ascension_level":13}}