{"host":"zxkjcgzis4pm3za5","time":1609861979,"event":{"mods":["AchievementEnabler","BaseMod","Colored Map","Colored Powertips","Minty Spire (QoL Compilation)","Quick Restart","RNG Fix","Random Character Button","StSLib"],"gold_per_floor":[210,224,241,241,260,294,324,353,377,407,149,149,49,66,66,138,138,150,162,77,88,88,88,88],"floor_reached":23,"playtime":950,"items_purged":["Decay","Strike_R"],"score":332,"play_id":"39eeee7f-1221-409b-9288-d0bddc6baa28","local_time":"20210105212259","is_ascension_mode":true,"campfire_choices":[{"data":"Berserk","floor":12,"key":"SMITH"},{"data":"Spot Weakness","floor":15,"key":"SMITH"}],"circlet_count":0,"master_deck":["AscendersBane","Strike_R","Strike_R","Strike_R","Strike_R","Defend_R","Defend_R","Defend_R","Defend_R","Bash","Shrug It Off","Fire Breathing","Hemokinesis","Blood for Blood","Armaments","Disarm","Berserk+1","Rupture+1","Spot Weakness+1","Brutality+1","Clothesline+1","Heavy Blade","Feed","J.A.X."],"relics":["Burning Blood","Strawberry","Odd Mushroom","Eternal Feather","Art of War","Frozen Egg 2","Bronze Scales","Sozu","Sundial"],"acts_visited":["Exordium","TheCity"],"potions_floor_usage":[18],"damage_taken":[{"damage":2.0,"enemies":"2 Louse","floor":1.0,"turns":4.0},{"damage":0.0,"enemies":"Small Slimes","floor":2.0,"turns":3.0},{"damage":6.0,"enemies":"Cultist","floor":3.0,"turns":3.0},{"damage":13.0,"enemies":"Looter","floor":5.0,"turns":2.0},{"damage":38.0,"enemies":"Gremlin Nob","floor":6.0,"turns":4.0},{"damage":12.0,"enemies":"The Mushroom Lair","floor":7.0,"turns":5.0},{"damage":17.0,"enemies":"Lagavulin","floor":8.0,"turns":6.0},{"damage":17,"enemies":"Exordium Thugs","floor":14,"turns":5},{"damage":30,"enemies":"The Guardian","floor":16,"turns":9},{"damage":4,"enemies":"Spheric Guardian","floor":18,"turns":3},{"damage":27,"enemies":"Chosen","floor":19,"turns":5},{"damage":24,"enemies":"Centurion and Healer","floor":21,"turns":4},{"damage":39,"enemies":"Gremlin Leader","floor":23,"turns":2}],"seed_played":"1264338381110855237","potions_obtained":[{"floor":5.0,"key":"Dexterity Potion"},{"floor":6.0,"key":"SteroidPotion"},{"floor":7.0,"key":"Strength Potion"},{"floor":16,"key":"AttackPotion"}],"is_trial":false,"path_per_floor":["M","M","M","?","M","E","?","E","T","?","$","R","$","M","R","B",null,"M","M","?","M","?","E"],"character_chosen":"IRONCLAD","items_purchased":["Rupture+1","Bronze Scales"],"campfire_rested":0,"item_purchase_floors":[11,11],"current_hp_per_floor":[76,80,80,80,73,48,42,31,31,31,31,40,40,29,38,14,69,71,50,50,32,32,0,0],"gold":88,"neow_bonus":"HUNDRED_GOLD","is_daily":false,"chose_seed":false,"campfire_upgraded":2,"win_rate":0.0,"timestamp":1609861979,"path_taken":["M","M","?","?","M","E","?","E","T","?","$","R","?","M","R","BOSS","M","M","?","M","?","E"],"items_purchased_type":["Card","Relic"],"build_version":"2020-12-22","purchased_purges":2,"victory":false,"max_hp_per_floor":[80,80,80,80,80,87,87,87,87,87,87,87,87,87,87,87,87,87,87,87,87,87,87,87],"card_choices":[{"not_picked":["Body Slam","Dark Embrace"],"picked":"Shrug It Off","floor":1.0},{"not_picked":["Wild Strike","Heavy Blade"],"picked":"Fire Breathing","floor":2.0},{"not_picked":["Fire Breathing","True Grit"],"picked":"Hemokinesis","floor":3.0},{"not_picked":["Pommel Strike","Ghostly Armor"],"picked":"Blood for Blood","floor":5.0},{"not_picked":["Wild Strike","Heavy Blade"],"picked":"Armaments","floor":6.0},{"not_picked":["Anger","Exhume"],"picked":"Disarm","floor":7.0},{"not_picked":["Iron Wave","Wild Strike"],"picked":"Berserk","floor":8.0},{"not_picked":["Twin Strike","Metallicize+1"],"picked":"Spot Weakness","floor":14},{"not_picked":["Reaper","Fiend Fire"],"picked":"Brutality+1","floor":16},{"not_picked":["Carnage","Flex"],"picked":"Clothesline+1","floor":18},{"not_picked":["Spot Weakness","Armaments"],"picked":"Heavy Blade","floor":19},{"not_picked":["Flex","Headbutt"],"picked":"Feed","floor":21}],"player_experience":184286,"relics_obtained":[{"floor":6.0,"key":"Strawberry"},{"floor":7.0,"key":"Odd Mushroom"},{"floor":8.0,"key":"Eternal Feather"},{"floor":9.0,"key":"Art of War"}],"event_choices":[{"damage_healed":0.0,"max_hp_gain":0.0,"max_hp_loss":0.0,"gold_gain":0.0,"event_name":"Wheel of Change","player_choice":"Cursed","floor":4.0,"gold_loss":0.0,"damage_taken":0.0,"cards_obtained":["Decay"]},{"damage_healed":0.0,"max_hp_gain":0.0,"max_hp_loss":0.0,"gold_gain":0.0,"event_name":"Mushrooms","player_choice":"Fought Mushrooms","floor":7.0,"gold_loss":0.0,"damage_taken":0.0},{"damage_healed":0,"gold_gain":30,"player_choice":"Searched \u00272\u0027 times","damage_taken":0,"relics_obtained":["Frozen Egg 2"],"max_hp_gain":0,"max_hp_loss":0,"event_name":"Dead Adventurer","floor":10,"gold_loss":0},{"damage_healed":0,"gold_gain":0,"player_choice":"Obtained Relic","damage_taken":0,"relics_obtained":["Sundial"],"max_hp_gain":0,"max_hp_loss":0,"event_name":"Addict","floor":20,"gold_loss":85},{"damage_healed":0,"gold_gain":0,"player_choice":"Obtain J.A.X.","damage_taken":0,"max_hp_gain":0,"max_hp_loss":0,"event_name":"Drug Dealer","floor":22,"gold_loss":0,"cards_obtained":["J.A.X."]}],"is_beta":false,"boss_relics":[{"not_picked":["Snecko Eye","SacredBark"],"picked":"Sozu"}],"items_purged_floors":[11,13],"is_endless":false,"potions_floor_spawned":[5,6,7,16,18],"killed_by":"Gremlin Leader","ascension_level":13}}