{"host":"eemx8njkng76fu5x","time":1609836064,"event":{"mods":["2.2 Compatiblity","BaseMod","Downfall","Minty Spire (QoL Compilation)","Permanent Neow","StSLib","Unceasing Turn Reminder","Unknown Chances"],"gold_per_floor":[99,118,118,128,128,78,103,118,68,90,140,155,173,199,219,291,291,166,186,204,215,234,184,265,175,175,175,175],"floor_reached":26,"playtime":848,"items_purged":["Regret"],"score":378,"play_id":"ae49a1d5-c002-4ddd-b337-f1e0aec31825","local_time":"20210105164104","is_ascension_mode":true,"campfire_choices":[{"data":"Slimebound:Split","floor":1,"key":"SMITH"},{"data":"Slimebound:Overexert","floor":6,"key":"SMITH"},{"data":"Slimebound:Replication","floor":9,"key":"SMITH"},{"data":"Slimebound:Recycling","floor":18,"key":"SMITH"},{"data":"Slimebound:Darklings","floor":23,"key":"SMITH"}],"circlet_count":0,"master_deck":["AscendersBane","Slimebound:Strike_Slimebound","Slimebound:Strike_Slimebound","Slimebound:Tackle","Slimebound:Defend_Slimebound","Slimebound:Defend_Slimebound","Slimebound:Defend_Slimebound","Slimebound:Defend_Slimebound","Slimebound:Split+1","Slimebound:CorrosiveSpit","Slimebound:Overexert+1","Slimebound:SamplingLick","Slimebound:Replication+1","Slimebound:Prepare","Slimebound:Nibble","Slimebound:Recycling+1","Slimebound:SplitLeeching","Slimebound:Darklings+1","Slimebound:SplitAcid","Slimebound:ProtectTheBoss+1"],"relics":["Slimebound:AbsorbEndCombat","Slimebound:GreedOozeRelic","Blood Vial","Odd Mushroom","Boot","Cursed Key","downfall:HeartBlessingGreen"],"acts_visited":["Exordium","TheCity"],"potions_floor_usage":[14,16],"damage_taken":[{"damage":15,"enemies":"Jaw Worm","floor":2,"turns":5},{"damage":8,"enemies":"Small Slimes","floor":4,"turns":3},{"damage":8,"enemies":"2 Louse","floor":8,"turns":3},{"damage":8,"enemies":"The Mushroom Lair","floor":10,"turns":2},{"damage":8,"enemies":"2 Fungi Beasts","floor":12,"turns":1},{"damage":13,"enemies":"Blue Slaver","floor":13,"turns":3},{"damage":20,"enemies":"Gremlin Nob","floor":14,"turns":3},{"damage":16,"enemies":"2 Fungi Beasts","floor":15,"turns":3},{"damage":17,"enemies":"downfall:Watcher","floor":16,"turns":5},{"damage":4,"enemies":"Spheric Guardian","floor":19,"turns":3},{"damage":21,"enemies":"Shell Parasite","floor":20,"turns":2},{"damage":40,"enemies":"Shelled Parasite and Fungi","floor":21,"turns":3},{"damage":36,"enemies":"Cultist and Chosen","floor":22,"turns":5},{"damage":33,"enemies":"downfall:FleeingMerchant","floor":25,"turns":4},{"damage":41,"enemies":"Slavers","floor":26,"turns":2}],"seed_played":"-7019939114915410277","potions_obtained":[{"floor":2,"key":"Strength Potion"},{"floor":13,"key":"FearPotion"},{"floor":15,"key":"hexamod:EctoCoolerPotion"},{"floor":16,"key":"EntropicBrew"}],"is_trial":false,"path_per_floor":["R","M","?","M","?","R","T","M","R","?","?","M","M","E","M","B",null,"R","M","M","M","M","R","T","$","E"],"character_chosen":"SLIMEBOUND","items_purchased":[],"campfire_rested":0,"item_purchase_floors":[],"current_hp_per_floor":[49,50,50,54,54,54,54,54,54,54,54,54,53,44,50,53,54,54,54,47,35,29,29,29,38,0,0,0],"gold":175,"neow_bonus":"ONE_RANDOM_RARE_CARD","is_daily":false,"chose_seed":false,"campfire_upgraded":5,"win_rate":0.0,"timestamp":1609836064,"path_taken":["R","M","?","M","?","R","T","M","R","?","?","M","M","E","M","BOSS","R","M","M","M","M","R","T","$","E"],"items_purchased_type":[],"build_version":"2020-12-22","purchased_purges":1,"victory":false,"max_hp_per_floor":[54,54,54,54,54,54,54,54,54,54,54,54,54,54,54,54,54,54,54,54,54,54,54,54,54,54,54,54],"card_choices":[{"not_picked":["Slimebound:AcidTongue","Slimebound:FinishingTackle"],"picked":"Slimebound:SamplingLick","floor":2},{"not_picked":["Slimebound:SamplingLick","Slimebound:PressTheAttack"],"picked":"Slimebound:Replication","floor":4},{"not_picked":["Slimebound:SplitMire","Slimebound:GoopSpray"],"picked":"Slimebound:Prepare","floor":8},{"not_picked":["Slimebound:LeechEnergy","Slimebound:SplitBruiser"],"picked":"Slimebound:Nibble","floor":10},{"not_picked":["Slimebound:GoopTackle","Slimebound:DivideAndConquer","Slimebound:SlimeBrawl"],"picked":"SKIP","floor":12},{"not_picked":["Slimebound:ComboTackle","Slimebound:DivideAndConquer"],"picked":"Slimebound:Recycling","floor":13},{"not_picked":["Slimebound:SlimeSpikes","Slimebound:FinishingTackle"],"picked":"Slimebound:SplitLeeching","floor":14},{"not_picked":["Slimebound:LivingWall","Slimebound:Nibble","Slimebound:Schlurp"],"picked":"SKIP","floor":15},{"not_picked":["Slimebound:MassFeed","Slimebound:MinionMaster"],"picked":"Slimebound:Darklings","floor":16},{"not_picked":["Slimebound:DivideAndConquer+1","Slimebound:ComboTackle","Slimebound:RollThrough"],"picked":"SKIP","floor":19},{"not_picked":["Slimebound:FinishingTackle","Slimebound:SpikyOuterGoop","Slimebound:Nibble"],"picked":"SKIP","floor":20},{"not_picked":["Slimebound:SplitMire","Slimebound:LeechingTouch"],"picked":"Slimebound:SplitAcid","floor":21},{"not_picked":["Slimebound:AcidTongue","Slimebound:Nibble+1"],"picked":"Slimebound:ProtectTheBoss+1","floor":22},{"not_picked":["Slimebound:SplitAcid+1","Slimebound:Schlurp","Slimebound:FinishingTackle"],"picked":"SKIP","floor":25}],"player_experience":456591,"relics_obtained":[{"floor":7,"key":"Blood Vial"},{"floor":10,"key":"Odd Mushroom"},{"floor":14,"key":"Boot"}],"event_choices":[{"damage_healed":0,"gold_gain":0,"player_choice":"Fought Mushrooms","damage_taken":0,"max_hp_gain":0,"max_hp_loss":0,"event_name":"Mushrooms","floor":10,"gold_loss":0}],"is_beta":false,"boss_relics":[{"not_picked":["Velvet Choker","Snecko Eye"],"picked":"Cursed Key"}],"items_purged_floors":[25],"is_endless":false,"potions_floor_spawned":[2,13,15,16,19],"killed_by":"Slavers","ascension_level":16}}