{"host":"ig7tc0uedzltt2sr","time":1609831402,"event":{"mods":["BaseMod","Better Twitch Integration","Block Reminder","Colored Map","Colored Powertips","Communication Mod","Current Relic Mod","GifTheSpireLib","HexUI Lib","Minty Spire (QoL Compilation)","Quick Restart","Random Character Button","Rare Cards Sparkle","Relic Sorter","Relic Stats","Slay the Relics Exporter","StSLib","SuperFastMode","Synergy Search","Twitch Decklist","Twitch Utils","everything is the same but u backflip on backflip","slay the spire mod where everything is the same but ironclad has a cowboy hat"],"gold_per_floor":[115,135,135,135,85,85,85,101,178,194,194,194,218,218,218,218,218],"floor_reached":16,"playtime":98,"items_purged":[],"score":102,"play_id":"5689652d-c35a-4cf1-89ff-749a457f1837","local_time":"20210104232322","is_ascension_mode":false,"campfire_choices":[{"data":"Searing Blow","floor":11,"key":"SMITH"},{"data":"Defend_R","floor":15,"key":"SMITH"}],"circlet_count":0,"master_deck":["Strike_R","Strike_R","Strike_R","Strike_R","Strike_R","Defend_R+1","Defend_R","Defend_R","Bash","Clothesline","Ghostly Armor","Regret","Injury","Searing Blow+1","Havoc","Shrug It Off"],"relics":["Burning Blood","Orichalcum","Golden Idol","White Beast Statue","Matryoshka"],"acts_visited":["Exordium"],"potions_floor_usage":[],"damage_taken":[{"damage":5,"enemies":"Small Slimes","floor":1,"turns":5},{"damage":18,"enemies":"Jaw Worm","floor":2,"turns":8},{"damage":0,"enemies":"Gremlin Nob","floor":6,"turns":1},{"damage":5,"enemies":"2 Louse","floor":8,"turns":5},{"damage":12,"enemies":"Looter","floor":10,"turns":4},{"damage":0,"enemies":"Large Slime","floor":12,"turns":1},{"damage":25,"enemies":"Exordium Thugs","floor":13,"turns":8},{"damage":77,"enemies":"The Guardian","floor":16,"turns":13}],"seed_played":"-2756529447839593344","potions_obtained":[{"floor":1,"key":"BlessingOfTheForge"},{"floor":2,"key":"SmokeBomb"},{"floor":10,"key":"SmokeBomb"},{"floor":13,"key":"Swift Potion"}],"is_trial":false,"path_per_floor":["M","M","$","?","?","E","?","M","T","M","R","M","M","T","R","B"],"character_chosen":"IRONCLAD","items_purchased":[],"campfire_rested":0,"item_purchase_floors":[],"current_hp_per_floor":[88,76,76,76,76,82,82,83,83,77,77,83,64,64,64,0,0],"gold":218,"neow_bonus":"TEN_PERCENT_HP_BONUS","is_daily":false,"chose_seed":false,"campfire_upgraded":2,"win_rate":0.0,"timestamp":1609831402,"path_taken":["M","M","$","?","?","E","?","M","T","M","R","M","M","?","R","BOSS"],"items_purchased_type":[],"build_version":"2020-12-22","purchased_purges":0,"victory":false,"max_hp_per_floor":[88,88,88,88,88,88,88,88,88,88,88,88,88,88,88,88,88],"relic_stats":{"counters":[8,45],"Golden Idol":14,"Orichalcum":[12],"obtain_stats":[{"Matryoshka":14,"Golden Idol":7,"Orichalcum":4,"Burning Blood":0,"White Beast Statue":9},{"Matryoshka":7,"Golden Idol":3,"Orichalcum":2,"Burning Blood":0,"White Beast Statue":4},{"Matryoshka":32,"Golden Idol":14,"Orichalcum":13,"Burning Blood":0,"White Beast Statue":19}],"Burning Blood":41},"card_choices":[{"not_picked":["Inflame","Pommel Strike"],"picked":"Clothesline","floor":1},{"not_picked":["Sword Boomerang","Anger"],"picked":"Ghostly Armor","floor":2},{"not_picked":["Blood for Blood","Headbutt"],"picked":"Searing Blow","floor":8},{"not_picked":["Headbutt","Sword Boomerang"],"picked":"Havoc","floor":10},{"not_picked":["Flex","Clothesline"],"picked":"Shrug It Off","floor":13}],"player_experience":1430952,"relics_obtained":[{"floor":9,"key":"White Beast Statue"},{"floor":14,"key":"Matryoshka"}],"event_choices":[{"damage_healed":0,"gold_gain":0,"player_choice":"Box","damage_taken":0,"relics_obtained":["Orichalcum"],"max_hp_gain":0,"max_hp_loss":0,"event_name":"Big Fish","floor":4,"gold_loss":0,"cards_obtained":["Regret"]},{"cards_removed":["Defend_R"],"damage_healed":0,"gold_gain":0,"player_choice":"Card Removal","damage_taken":0,"max_hp_gain":0,"max_hp_loss":0,"event_name":"The Cleric","floor":5,"gold_loss":50},{"damage_healed":0,"gold_gain":0,"player_choice":"Take Wound","damage_taken":0,"relics_obtained":["Golden Idol"],"max_hp_gain":0,"max_hp_loss":0,"event_name":"Golden Idol","floor":7,"gold_loss":0,"cards_obtained":["Injury"]}],"is_beta":false,"boss_relics":[],"items_purged_floors":[],"is_endless":false,"potions_floor_spawned":[1,2,10,12,13],"killed_by":"The Guardian","ascension_level":0}}