{"host":"ig7tc0uedzltt2sr","time":1609833070,"event":{"mods":["BaseMod","Better Twitch Integration","Block Reminder","Colored Map","Colored Powertips","Communication Mod","Current Relic Mod","GifTheSpireLib","HexUI Lib","Minty Spire (QoL Compilation)","Quick Restart","Random Character Button","Rare Cards Sparkle","Relic Sorter","Relic Stats","Slay the Relics Exporter","StSLib","SuperFastMode","Synergy Search","Twitch Decklist","Twitch Utils","everything is the same but u backflip on backflip","slay the spire mod where everything is the same but ironclad has a cowboy hat"],"gold_per_floor":[118,118,83,101,121,121,91,91,118,142,158,176,176,189,189,189,189],"floor_reached":16,"playtime":114,"items_purged":[],"score":96,"play_id":"f165bf1b-6696-49ed-bf3b-3c682d91d28c","local_time":"20210104235110","is_ascension_mode":false,"campfire_choices":[{"data":"Defend_R","floor":6,"key":"SMITH"},{"floor":15,"key":"REST"}],"circlet_count":0,"master_deck":["Strike_R","Strike_R","Strike_R","Strike_R","Strike_R","Defend_R+1","Defend_R","Defend_R","Defend_R","Bash","Hemokinesis","Bloodletting","Flame Barrier","Iron Wave","Rage","Armaments","Battle Trance","Carnage","Whirlwind"],"relics":["Burning Blood","NeowsBlessing","Golden Idol","Anchor"],"acts_visited":["Exordium"],"potions_floor_usage":[],"damage_taken":[{"damage":0,"enemies":"2 Louse","floor":1,"turns":2},{"damage":0,"enemies":"Cultist","floor":4,"turns":1},{"damage":0,"enemies":"Jaw Worm","floor":5,"turns":1},{"damage":31,"enemies":"Exordium Thugs","floor":7,"turns":7},{"damage":11,"enemies":"Blue Slaver","floor":10,"turns":6},{"damage":3,"enemies":"2 Fungi Beasts","floor":11,"turns":6},{"damage":23,"enemies":"Red Slaver","floor":12,"turns":6},{"damage":15,"enemies":"Gremlin Gang","floor":14,"turns":11},{"damage":48,"enemies":"Slime Boss","floor":16,"turns":6}],"seed_played":"4442726372813934733","potions_obtained":[{"floor":1,"key":"CultistPotion"},{"floor":5,"key":"Regen Potion"},{"floor":7,"key":"ColorlessPotion"}],"is_trial":false,"path_per_floor":["M","?","$","M","M","R","M","?","T","M","M","M","$","M","R","B"],"character_chosen":"IRONCLAD","items_purchased":["Bloodletting"],"campfire_rested":1,"item_purchase_floors":[3],"current_hp_per_floor":[80,80,80,80,80,80,65,45,45,40,43,26,26,17,41,0,0],"gold":189,"neow_bonus":"THREE_ENEMY_KILL","is_daily":false,"chose_seed":false,"campfire_upgraded":1,"win_rate":0.0,"timestamp":1609833070,"path_taken":["M","?","$","M","?","R","M","?","T","M","M","M","?","M","R","BOSS"],"items_purchased_type":["Card"],"build_version":"2020-12-22","purchased_purges":0,"victory":false,"max_hp_per_floor":[80,80,80,80,80,80,80,80,80,80,80,80,80,80,80,80,80],"relic_stats":{"counters":[9,46],"Golden Idol":15,"obtain_stats":[{"Anchor":9,"NeowsBlessing":0,"Golden Idol":8,"Burning Blood":0},{"Anchor":4,"NeowsBlessing":0,"Golden Idol":4,"Burning Blood":0},{"Anchor":11,"NeowsBlessing":0,"Golden Idol":11,"Burning Blood":0}],"Burning Blood":30},"card_choices":[{"not_picked":["Clash","Seeing Red"],"picked":"Hemokinesis","floor":1},{"not_picked":["Havoc","Clothesline"],"picked":"Flame Barrier","floor":4},{"not_picked":["Shrug It Off","True Grit"],"picked":"Iron Wave","floor":5},{"not_picked":["Havoc","Battle Trance"],"picked":"Rage","floor":7},{"not_picked":["Havoc","Wild Strike"],"picked":"Armaments","floor":10},{"not_picked":["Dropkick","Warcry"],"picked":"Battle Trance","floor":11},{"not_picked":["Sever Soul","Bloodletting"],"picked":"Carnage","floor":12},{"not_picked":["Dark Embrace","Perfected Strike"],"picked":"Whirlwind","floor":14}],"player_experience":1432331,"relics_obtained":[{"floor":9,"key":"Anchor"}],"event_choices":[{"damage_healed":0,"gold_gain":0,"player_choice":"Ignored","damage_taken":0,"max_hp_gain":0,"max_hp_loss":0,"event_name":"WeMeetAgain","floor":2,"gold_loss":0},{"damage_healed":0,"gold_gain":0,"player_choice":"Take Damage","damage_taken":20,"relics_obtained":["Golden Idol"],"max_hp_gain":0,"max_hp_loss":0,"event_name":"Golden Idol","floor":8,"gold_loss":0}],"is_beta":false,"boss_relics":[],"items_purged_floors":[],"is_endless":false,"potions_floor_spawned":[1,5,7],"killed_by":"Slime Boss","ascension_level":0}}