{"host":"4w8ocelhatf0iefc","time":1609861067,"event":{"mods":["AchievementEnabler","Act Like it!","Aspiration","BaseMod","Colored Map","Colored Powertips","Downfall","GifTheSpireLib","Hubris","Infinite Spire","Minty Spire (QoL Compilation)","Replay The Spire","StSLib"],"gold_per_floor":[110,110,127,127,145,173,192,249,275,291,320,70,109,109,109,216,216,241,156,181,181,200,200,200,200],"floor_reached":24,"playtime":1028,"items_purged":["ReplayTheSpireMod:Splinters"],"score":238,"play_id":"94ed9b6e-78ba-4dc3-903a-763d1087bf01","local_time":"20210105233747","is_ascension_mode":true,"campfire_choices":[{"floor":15.0,"key":"DIG"},{"data":"Noxious Fumes","floor":23,"key":"SMITH"}],"circlet_count":0,"master_deck":["Strike_G","Strike_G","Strike_G","Strike_G","Strike_G","Defend_G","Defend_G","Defend_G","Defend_G","Survivor","Neutralize","Underhanded Strike","Blade Dance","Infinite Blades","Bouncing Flask","hexamod:SpectersWail","Cloak And Dagger","aspiration:Lunge","Bane+1","Noxious Fumes+1","Envenom","Eviscerate","hexamod:NightmareStrike","Bane+1"],"relics":["aspiration:Nostalgia","m_DevilBlood","Sizzling Blood","aspiration:TomeofQuesting","Blue Doll","CeramicFish","ClockworkSouvenir","Odd Mushroom","Strawberry","ReplayTheSpireMod:DimensionalGlitch","infinitespire:Eraser","hubris:BottledHeart"],"acts_visited":["Exordium","TheCity"],"potions_floor_usage":[22],"damage_taken":[{"damage":3.0,"enemies":"2 Louse","floor":1.0,"turns":3.0},{"damage":15.0,"enemies":"Jaw Worm","floor":3.0,"turns":7.0},{"damage":0.0,"enemies":"Cultist","floor":5.0,"turns":2.0},{"damage":29.0,"enemies":"Replay:BlueRogue","floor":6.0,"turns":6.0},{"damage":17.0,"enemies":"2 Fungi Beasts","floor":7.0,"turns":4.0},{"damage":1.0,"enemies":"Large Slime","floor":10.0,"turns":4.0},{"damage":6.0,"enemies":"Looter","floor":11.0,"turns":3.0},{"damage":1.0,"enemies":"The Mushroom Lair","floor":13.0,"turns":2.0},{"damage":27.0,"enemies":"Fading Forest","floor":16.0,"turns":11.0},{"damage":7.0,"enemies":"3 Byrds","floor":18.0,"turns":5.0},{"damage":22,"enemies":"2 Thieves","floor":20,"turns":3},{"damage":0,"enemies":"Centurion and Healer","floor":22,"turns":7},{"damage":3,"enemies":"Slavers","floor":24,"turns":2}],"seed_played":"952788374073394367","potions_obtained":[{"floor":5.0,"key":"Ancient Potion"},{"floor":6.0,"key":"Block Potion"},{"floor":7.0,"key":"sneckomod:MuddlingPotion"},{"floor":8.0,"key":"SkillPotion"},{"floor":11.0,"key":"AttackPotion"},{"floor":18.0,"key":"Strength Potion"},{"floor":20,"key":"AttackPotion"}],"is_trial":false,"path_per_floor":["M","?","M","?","M","E","M","?","T","M","M","$","?","?","R_BF","B",null,"M","?","M","?","M","R","E"],"character_chosen":"THE_SILENT","items_purchased":["ClockworkSouvenir","Bane+1"],"campfire_rested":0,"item_purchase_floors":[12,12],"current_hp_per_floor":[67,71,60,53,57,32,19,19,19,22,20,20,23,45,52,37,81,76,76,56,1,1,1,0,0],"gold":200,"neow_bonus":"NOSTALGIA","is_daily":false,"chose_seed":false,"campfire_upgraded":1,"win_rate":0.0,"timestamp":1609861067,"path_taken":["M","?","M","?","M","E","M","?","T","M","?","$","?","?","R_BF","BOSS","M","?","M","?","M","R","E"],"items_purchased_type":["Relic","Card"],"build_version":"2020-12-22","purchased_purges":1,"victory":false,"max_hp_per_floor":[70,74,74,74,74,74,74,74,74,74,74,74,74,74,81,81,81,81,81,81,1,1,1,1,1],"card_choices":[{"not_picked":["Dagger Spray","Finisher"],"picked":"Underhanded Strike","floor":1.0},{"not_picked":["Hidden Blade","Slice"],"picked":"Blade Dance","floor":3.0},{"not_picked":["ReplayTheSpireMod:The Works","Acrobatics"],"picked":"Infinite Blades","floor":5.0},{"not_picked":["hexamod:Hexaguard","Doppelganger"],"picked":"Bouncing Flask","floor":6.0},{"not_picked":["PiercingWail","Quick Slash"],"picked":"hexamod:SpectersWail","floor":7.0},{"not_picked":["hexamod:EtherealExpedition","Sentinel"],"picked":"Cloak And Dagger","floor":8.0},{"not_picked":["Skewer","hubris:TrickCloak","ReplayTheSpireMod:Speed Training"],"picked":"SKIP","floor":10.0},{"not_picked":["Escape Plan","Accuracy"],"picked":"aspiration:Lunge","floor":11.0},{"not_picked":["Dodge and Roll","hubris:Counter"],"picked":"Noxious Fumes","floor":13.0},{"not_picked":["Fiend Fire","Tools of the Trade"],"picked":"Envenom","floor":16.0},{"not_picked":["Hidden Blade","Sucker Punch"],"picked":"Eviscerate","floor":18.0},{"not_picked":["Heel Hook","Blade Dance"],"picked":"hexamod:NightmareStrike","floor":20},{"not_picked":["hexamod:FirstSeal","Caltrops"],"picked":"Bane+1","floor":22}],"player_experience":526386,"relics_obtained":[{"floor":6.0,"key":"aspiration:TomeofQuesting"},{"floor":8.0,"key":"Blue Doll"},{"floor":9.0,"key":"CeramicFish"},{"floor":13.0,"key":"Odd Mushroom"},{"floor":15.0,"key":"Strawberry"}],"event_choices":[{"cards_removed":["Defend_G"],"damage_healed":0.0,"max_hp_gain":0.0,"max_hp_loss":0.0,"gold_gain":0.0,"event_name":"Golden Wing","player_choice":"Card Removal","floor":4.0,"gold_loss":0.0,"damage_taken":7.0},{"damage_healed":0.0,"max_hp_gain":0.0,"max_hp_loss":0.0,"gold_gain":0.0,"event_name":"Mushrooms","player_choice":"Fought Mushrooms","floor":13.0,"gold_loss":0.0,"damage_taken":0.0},{"damage_healed":0.0,"max_hp_gain":0.0,"max_hp_loss":0.0,"gold_gain":0.0,"event_name":"Addict","player_choice":"Obtained Relic","floor":19.0,"gold_loss":85.0,"damage_taken":0.0,"relics_obtained":["infinitespire:Eraser"]}],"is_beta":false,"boss_relics":[{"not_picked":["hubris:BlackHole","hubris:RunicObelisk"],"picked":"ReplayTheSpireMod:DimensionalGlitch"}],"items_purged_floors":[12],"is_endless":false,"potions_floor_spawned":[5,6,7,11,18,20],"killed_by":"Slavers","ascension_level":4}}