{"host":"25hwxgnshg5vqzox","time":1609863762,"event":{"mods":["BaseMod","Colored Map","Downfall","Googly Eyes","Highlight Path","Minty Spire (QoL Compilation)","Replay The Spire","StSLib","The Servant 0.9.4","Thieving Mod"],"gold_per_floor":[109,126,45,63,75,75,89,89,116,116,135,164,175,192,192,296,296,316,330,348,348,348,348,373,373,426,441,237,255,283,298,298,403,403,417,433,433,73,91,91,91,111,135,135,135,135,46,59,59,59,59],"floor_reached":50,"playtime":3397,"items_purged":[],"score":613,"play_id":"ce4500e9-fe45-4eab-8c99-fa2666a11a9e","local_time":"20210105162242","is_ascension_mode":false,"campfire_choices":[{"data":"expansioncontent:PolyBeam","floor":6,"key":"SMITH"},{"data":"Perfected Strike","floor":8,"key":"SMITH"},{"data":"Infernal Blade","floor":15,"key":"SMITH"},{"floor":23,"key":"REST"},{"data":"Inflame","floor":25,"key":"SMITH"},{"floor":32,"key":"REST"},{"floor":40,"key":"REST"},{"data":"Limit Break","floor":44,"key":"SMITH"},{"data":"Infernal Blade","floor":46,"key":"SMITH"},{"floor":49,"key":"REST"}],"circlet_count":0,"master_deck":["Defend_R+1","Defend_R+1","Defend_R","Bash","Heavy Blade","Pommel Strike","expansioncontent:PolyBeam+1","Cleave","Replay:Undeath\u0027s Touch","Perfected Strike+1","ReplayTheSpireMod:Stacked","Hemogenesis","ReplayTheSpireMod:Limb From Limb","Infernal Blade+1","Barricade+1","Body Slam+1","Shrug It Off","Iron Wave","Bite","Bite","Bite","Bite","Bite","Inflame+1","Clothesline","ReplayTheSpireMod:LeadingStrike","Rage","Body Slam","Intimidate","Run Through","Demon Form","Perfected Strike+1","Infernal Blade+1","Carnage+1","Limit Break+1","Body Slam","Body Slam","Flex","Rage+1"],"relics":["Burning Blood","Strawberry","ReplayTheSpireMod:Lightbulb","Red Skull","War Paint","Velvet Choker","Snack Pack","Nunchaku","Gambling Chip","Sozu","StoneCalendar","Replay:Mystery Machine"],"acts_visited":["Exordium","TheCity","TheBeyond"],"potions_floor_usage":[12,24,24,33,33,50,50],"damage_taken":[{"damage":3,"enemies":"Cultist","floor":1,"turns":5},{"damage":5,"enemies":"2 Louse","floor":2,"turns":4},{"damage":9,"enemies":"Jaw Worm","floor":4,"turns":4},{"damage":4,"enemies":"Gremlin Gang","floor":5,"turns":4},{"damage":16,"enemies":"2 Fungi Beasts","floor":7,"turns":3},{"damage":18,"enemies":"3 Louse","floor":11,"turns":3},{"damage":0,"enemies":"Gremlin Nob","floor":12,"turns":4},{"damage":2,"enemies":"Large Slime","floor":13,"turns":5},{"damage":10,"enemies":"Looter","floor":14,"turns":3},{"damage":45,"enemies":"Fading Forest","floor":16,"turns":11},{"damage":14,"enemies":"Shell Parasite","floor":18,"turns":4},{"damage":10,"enemies":"Chosen","floor":19,"turns":3},{"damage":41,"enemies":"Sentry and Sphere","floor":20,"turns":7},{"damage":0,"enemies":"Replay:Snechameleon","floor":24,"turns":5},{"damage":24,"enemies":"Snake Plant","floor":27,"turns":5},{"damage":3,"enemies":"Centurion and Healer","floor":29,"turns":5},{"damage":26,"enemies":"Gremlin Leader","floor":30,"turns":6},{"damage":39,"enemies":"Sentry and Sphere","floor":31,"turns":7},{"damage":66,"enemies":"Champ","floor":33,"turns":16},{"damage":7,"enemies":"3 Shapes","floor":35,"turns":5},{"damage":41,"enemies":"3 Darklings","floor":36,"turns":4},{"damage":42,"enemies":"Sphere and 2 Shapes","floor":39,"turns":5},{"damage":12,"enemies":"Transient","floor":42,"turns":5},{"damage":32,"enemies":"4 Shapes","floor":48,"turns":5},{"damage":74,"enemies":"Replay:Hell Engine","floor":50,"turns":8}],"seed_played":"3478029349271845254","potions_obtained":[{"floor":1,"key":"Strength Potion"},{"floor":5,"key":"HeartOfIron"},{"floor":7,"key":"Block Potion"},{"floor":11,"key":"Adrenaline Potion"},{"floor":14,"key":"PowerPotion"},{"floor":29,"key":"ColorlessPotion"},{"floor":33,"key":"AttackPotion"}],"is_trial":false,"path_per_floor":["M","M","$","M","M","R","M","R","T","?","M","E","M","M","R","B",null,"M","M","M","?","?","R","E","R","T","M","$","M","E","M","R","B",null,"M","M","?","$","M","R","?","M","T","R","$","R","$","M","R","B"],"character_chosen":"IRONCLAD","items_purchased":["expansioncontent:PolyBeam","ReplayTheSpireMod:LeadingStrike","Rage","Doom Potion","StoneCalendar","Infernal Blade","Body Slam","Flex"],"campfire_rested":4,"item_purchase_floors":[3,28,28,28,38,38,47,47],"current_hp_per_floor":[87,87,87,84,86,86,76,76,76,76,64,70,79,75,75,51,87,79,75,40,40,40,58,60,60,60,54,54,60,57,42,60,53,60,60,34,34,34,14,32,32,44,44,44,44,44,44,32,50,0,0],"gold":59,"neow_bonus":"RANDOM_COMMON_RELIC","is_daily":false,"chose_seed":false,"campfire_upgraded":6,"win_rate":0.0,"timestamp":1609863762,"path_taken":["M","?","$","M","M","R","M","R","T","?","M","E","M","?","R","BOSS","M","M","M","?","?","R","E","R","T","M","$","M","E","?","R","BOSS","M","M","?","$","M","R","?","M","T","R","$","R","$","M","R","BOSS"],"items_purchased_type":["Card","Card","Card","Potion","Relic","Card","Card","Card"],"build_version":"2020-12-22","purchased_purges":0,"victory":false,"max_hp_per_floor":[87,87,87,87,87,87,87,87,87,87,87,87,87,87,87,87,87,87,87,87,60,60,60,60,60,60,60,60,60,60,60,60,60,60,60,60,60,60,60,60,60,60,60,60,60,60,60,60,60,60,60],"card_choices":[{"not_picked":["Defy Death","Dark Embrace"],"picked":"Heavy Blade","floor":1},{"not_picked":["Clash","Thunderclap"],"picked":"Pommel Strike","floor":2},{"not_picked":["Second Wind","Disarm"],"picked":"Cleave","floor":4},{"not_picked":["Berserk","Heavy Blade"],"picked":"Replay:Undeath\u0027s Touch","floor":5},{"not_picked":["Heavy Blade","Uppercut"],"picked":"Perfected Strike","floor":7},{"not_picked":["Body Slam","Pommel Strike"],"picked":"ReplayTheSpireMod:Stacked","floor":11},{"not_picked":["Headbutt","Shockwave"],"picked":"Hemogenesis","floor":12},{"not_picked":["Replay:Undeath\u0027s Touch","Dark Embrace"],"picked":"ReplayTheSpireMod:Limb From Limb","floor":13},{"not_picked":["ReplayReversal","Cleave"],"picked":"Infernal Blade","floor":14},{"not_picked":["Impervious","Offering"],"picked":"Barricade","floor":16},{"not_picked":["Battle Trance","Iron Wave"],"picked":"Body Slam+1","floor":18},{"not_picked":["Abandon","Dark Embrace+1"],"picked":"Shrug It Off","floor":19},{"not_picked":["ReplayTheSpireMod:Strike From Hell+1","Disarm"],"picked":"Iron Wave","floor":20},{"not_picked":["Offering","ReplayTheSpireMod:Stacked"],"picked":"Inflame","floor":24},{"not_picked":["Perfected Strike","Warcry"],"picked":"Clothesline","floor":27},{"not_picked":["Fire Breathing","Dual Wield"],"picked":"Body Slam","floor":29},{"not_picked":["Clash","Shrug It Off"],"picked":"Intimidate","floor":30},{"not_picked":["Combust","Iron Wave"],"picked":"Run Through","floor":31},{"not_picked":["Hemogenesis","Corruption"],"picked":"Demon Form","floor":33},{"not_picked":["Hemokinesis","ReplayTheSpireMod:Limb From Limb"],"picked":"Perfected Strike+1","floor":35},{"not_picked":["Clothesline+1","Pommel Strike","Warcry+1"],"picked":"SKIP","floor":36},{"not_picked":["Cleave","Warcry+1"],"picked":"Carnage+1","floor":39},{"not_picked":["ReplayTheSpireMod:LeadingStrike","Massacre"],"picked":"Limit Break","floor":42},{"not_picked":["Body Slam","Heavy Blade+1"],"picked":"Rage+1","floor":48}],"player_experience":52580,"relics_obtained":[{"floor":9,"key":"ReplayTheSpireMod:Lightbulb"},{"floor":10,"key":"Red Skull"},{"floor":12,"key":"War Paint"},{"floor":24,"key":"Snack Pack"},{"floor":26,"key":"Nunchaku"},{"floor":30,"key":"Gambling Chip"},{"floor":43,"key":"Replay:Mystery Machine"}],"event_choices":[{"damage_healed":0,"gold_gain":0,"player_choice":"Relic","damage_taken":0,"max_hp_gain":0,"max_hp_loss":0,"event_name":"Wheel of Change","floor":10,"gold_loss":0},{"damage_healed":0,"gold_gain":0,"player_choice":"Became a vampire","damage_taken":0,"max_hp_gain":0,"max_hp_loss":27,"event_name":"Vampires","floor":21,"gold_loss":0,"cards_obtained":["Bite","Bite","Bite","Bite","Bite"]},{"damage_healed":0,"gold_gain":0,"player_choice":"Upgraded","damage_taken":0,"max_hp_gain":0,"max_hp_loss":0,"event_name":"Upgrade Shrine","floor":22,"gold_loss":0,"cards_upgraded":["Barricade"]},{"cards_removed":["Defend_R"],"damage_healed":0,"gold_gain":0,"player_choice":"Removed Skill","damage_taken":0,"max_hp_gain":0,"max_hp_loss":0,"event_name":"Falling","floor":37,"gold_loss":0},{"damage_healed":0,"gold_gain":0,"player_choice":"Ignored","damage_taken":0,"max_hp_gain":0,"max_hp_loss":0,"event_name":"Mysterious Sphere","floor":41,"gold_loss":0}],"is_beta":false,"boss_relics":[{"not_picked":["Ooze Armor","SacredBark"],"picked":"Velvet Choker"},{"not_picked":["ReplayTheSpireMod:DimensionalGlitch","Replay:Bronze Core"],"picked":"Sozu"}],"items_purged_floors":[],"is_endless":false,"potions_floor_spawned":[1,5,7,11,14,18,19,29,33,35,42],"killed_by":"Replay:Hell Engine","ascension_level":0}}