{"host":"ftkwaqka4srqnjt4","time":1609855718,"event":{"mods":["AchievementEnabler","BaseMod","Downfall","Minty Spire (QoL Compilation)","Permanent Neow","Relic Stats","StSLib"],"gold_per_floor":[110,128,128,128,80,80,106,106,130,130,143,68,94,111,111,211,211,229,229,129,145,155,155,169,21,74,74,74,122,122,157,157,260,260,276,276,293,305,315,315,315],"floor_reached":40,"playtime":1799,"items_purged":["Strike_R","Strike_R"],"score":685,"play_id":"e469f53d-1254-4bd6-b6ed-2f574582bce7","local_time":"20210105150838","is_ascension_mode":true,"campfire_choices":[{"floor":6,"key":"REST"},{"data":"expansioncontent:QuickStudy","floor":8,"key":"SMITH"},{"data":"Fiend Fire","floor":10,"key":"SMITH"},{"data":"Whirlwind","floor":15,"key":"SMITH"},{"floor":23,"key":"RECALL"},{"data":"Demon Form","floor":27,"key":"SMITH"},{"data":"Heavy Blade","floor":30,"key":"SMITH"},{"floor":32,"key":"REST"}],"circlet_count":0,"master_deck":["Strike_R","Strike_R","Defend_R","Defend_R","Defend_R","Defend_R","Bash","expansioncontent:QuickStudy+1","Entrench","Whirlwind+1","Iron Wave","Fiend Fire+1","Demon Form+1","expansioncontent:QuickStudy+1","Heavy Blade+1","Bloodletting+1"],"relics":["Burning Blood","Eternal Feather","Centennial Puzzle","Dream Catcher","Tiny Chest","Sozu","Anchor","Red Skull","Omamori","Blood Vial","SlaversCollar"],"acts_visited":["Exordium","TheCity","TheBeyond"],"potions_floor_usage":[16],"damage_taken":[{"damage":12,"enemies":"Small Slimes","floor":1,"turns":3},{"damage":0,"enemies":"Jaw Worm","floor":2,"turns":3},{"damage":5,"enemies":"3 Sentries","floor":7,"turns":4},{"damage":0,"enemies":"Cultist","floor":11,"turns":2},{"damage":20,"enemies":"Lagavulin","floor":13,"turns":4},{"damage":0,"enemies":"Blue Slaver","floor":14,"turns":2},{"damage":0,"enemies":"Slime Boss","floor":16,"turns":3},{"damage":3,"enemies":"Chosen","floor":18,"turns":4},{"damage":18,"enemies":"2 Thieves","floor":21,"turns":3},{"damage":19,"enemies":"Centurion and Healer","floor":22,"turns":4},{"damage":0,"enemies":"Snecko","floor":24,"turns":3},{"damage":59,"enemies":"Gremlin Leader","floor":31,"turns":4},{"damage":28,"enemies":"Champ","floor":33,"turns":6},{"damage":22,"enemies":"Orb Walker","floor":35,"turns":5},{"damage":37,"enemies":"3 Darklings","floor":37,"turns":4},{"damage":3,"enemies":"Spire Growth","floor":38,"turns":3},{"damage":21,"enemies":"Writhing Mass","floor":39,"turns":4},{"damage":30,"enemies":"Giant Head","floor":40,"turns":5}],"seed_played":"786301151197803519","potions_obtained":[{"floor":1,"key":"SpeedPotion"},{"floor":2,"key":"FearPotion"}],"is_trial":false,"path_per_floor":["M","M","?","?","$","R","E","R","T","R","M","$","E","M","R","B",null,"M","?","$","M","M","R","M","$","T","R","$","T","R","E","R","B",null,"M","?","M","M","M","E"],"character_chosen":"IRONCLAD","items_purchased":["Iron Wave","Anchor"],"campfire_rested":2,"item_purchase_floors":[5,25],"current_hp_per_floor":[45,51,44,26,26,56,57,63,63,69,75,75,61,67,73,79,80,80,80,80,68,55,61,67,67,67,76,76,76,80,27,60,40,70,56,56,27,32,19,0,0],"gold":315,"neow_bonus":"RANDOM_COLORLESS_2","is_daily":false,"chose_seed":false,"campfire_upgraded":5,"win_rate":0.0,"timestamp":1609855718,"path_taken":["M","M","?","?","?","R","E","R","T","R","?","$","E","M","R","BOSS","M","?","?","?","M","R","M","$","T","R","$","?","R","E","R","BOSS","M","?","M","?","M","E"],"items_purchased_type":["Card","Relic"],"build_version":"2020-12-22","purchased_purges":2,"victory":false,"max_hp_per_floor":[80,80,80,80,80,80,80,80,80,80,80,80,80,80,80,80,80,80,80,80,80,80,80,80,80,80,80,80,80,80,80,80,80,80,80,80,80,80,80,80,80],"relic_stats":{"Sozu":5,"Blood Vial":12,"Centennial Puzzle":[30],"Dream Catcher":1,"counters":[18,66],"Eternal Feather":52,"Tiny Chest":1,"obtain_stats":[{"Sozu":17,"Blood Vial":31,"SlaversCollar":34,"Centennial Puzzle":7,"Dream Catcher":9,"Anchor":25,"Eternal Feather":4,"Tiny Chest":13,"Omamori":29,"Burning Blood":0,"Red Skull":26},{"Sozu":7,"Blood Vial":12,"SlaversCollar":13,"Centennial Puzzle":3,"Dream Catcher":3,"Anchor":11,"Eternal Feather":2,"Tiny Chest":5,"Omamori":11,"Burning Blood":0,"Red Skull":11},{"Sozu":21,"Blood Vial":39,"SlaversCollar":45,"Centennial Puzzle":10,"Dream Catcher":10,"Anchor":35,"Eternal Feather":6,"Tiny Chest":16,"Omamori":35,"Burning Blood":0,"Red Skull":35}],"Burning Blood":99},"card_choices":[{"not_picked":["Thinking Ahead","expansioncontent:DashGenerateEvil"],"picked":"expansioncontent:QuickStudy","floor":0},{"not_picked":["Cleave","Body Slam"],"picked":"Entrench","floor":1},{"not_picked":["Cleave","Feel No Pain"],"picked":"Whirlwind","floor":2},{"not_picked":["Clothesline","Iron Wave"],"picked":"Fiend Fire","floor":7},{"not_picked":["Twin Strike","Pommel Strike","Second Wind"],"picked":"SKIP","floor":11},{"not_picked":["Intimidate","Dropkick","Combust"],"picked":"SKIP","floor":13},{"not_picked":["Body Slam","Dropkick","Iron Wave"],"picked":"SKIP","floor":14},{"not_picked":["Reaper","Corruption"],"picked":"Demon Form","floor":16},{"not_picked":["Clothesline","Body Slam","Headbutt"],"picked":"SKIP","floor":18},{"not_picked":["Havoc","Evolve","Pommel Strike"],"picked":"SKIP","floor":21},{"not_picked":["Combust+1","Flex","Body Slam"],"picked":"SKIP","floor":22},{"not_picked":["Ghostly Armor+1","Intimidate"],"picked":"Heavy Blade","floor":24},{"not_picked":["Pummel","Burning Pact"],"picked":"Bloodletting+1","floor":31},{"not_picked":["Havoc+1","Uppercut+1","Pummel+1"],"picked":"SKIP","floor":35},{"not_picked":["Headbutt+1","Pommel Strike+1","Twin Strike"],"picked":"SKIP","floor":37},{"not_picked":["Havoc+1","Armaments","Wild Strike+1"],"picked":"SKIP","floor":38},{"not_picked":["Entrench+1","Pommel Strike","Combust"],"picked":"SKIP","floor":39}],"player_experience":549801,"relics_obtained":[{"floor":7,"key":"Centennial Puzzle"},{"floor":9,"key":"Dream Catcher"},{"floor":13,"key":"Tiny Chest"},{"floor":26,"key":"Red Skull"},{"floor":29,"key":"Omamori"},{"floor":31,"key":"Blood Vial"}],"event_choices":[{"cards_removed":["Strike_R"],"damage_healed":0,"gold_gain":0,"player_choice":"Card Removal","damage_taken":7,"max_hp_gain":0,"max_hp_loss":0,"event_name":"Golden Wing","floor":3,"gold_loss":0},{"damage_healed":0,"gold_gain":0,"player_choice":"Success","damage_taken":18,"relics_obtained":["Eternal Feather"],"max_hp_gain":0,"max_hp_loss":0,"event_name":"Scrap Ooze","floor":4,"gold_loss":0},{"damage_healed":0,"gold_gain":0,"player_choice":"Copied","damage_taken":0,"max_hp_gain":0,"max_hp_loss":0,"event_name":"Duplicator","floor":19,"gold_loss":0,"cards_obtained":["expansioncontent:QuickStudy"]},{"damage_healed":0,"gold_gain":0,"player_choice":"Cursed","damage_taken":0,"max_hp_gain":0,"max_hp_loss":0,"event_name":"Wheel of Change","floor":36,"gold_loss":0,"cards_obtained":["Decay"]}],"is_beta":false,"boss_relics":[{"not_picked":["Astrolabe","Fusion Hammer"],"picked":"Sozu"},{"not_picked":["Empty Cage","Tiny House"],"picked":"SlaversCollar"}],"items_purged_floors":[12,20],"is_endless":false,"potions_floor_spawned":[1,2,22,24,31,35,39],"killed_by":"Giant Head","ascension_level":8}}