{"host":"egwexuw5uvnxf11j","time":1609815812,"event":{"mods":["2.2 Compatiblity","Aspiration","BaseMod","Better Altar","Better Note","Better Sensory Stone","Better Third Choice","Displayed Cursed Tome","Downfall","Hermit","Key Reminder","Koishi","Marisa????????","Minty Spire (QoL Compilation)","Quick Restart","Shade Mod","Spicy Shops","StSLib","The Construct","The Cursed","The Hierophant","The Runesmith","The Senshi","The Servant 0.9.4","Transform Curses"],"gold_per_floor":[114,132,143,156,167,167,178,203,256,290,290,305,305,305],"floor_reached":13,"playtime":596,"items_purged":[],"score":114,"play_id":"7f7c8e12-14be-4267-8222-a2bde6835c0f","local_time":"20210104220332","is_ascension_mode":true,"campfire_choices":[{"data":"Conserve Battery","floor":6,"key":"SMITH"}],"circlet_count":0,"master_deck":["Strike_B","Strike_B","Strike_B","Strike_B","Defend_B","Defend_B","Defend_B","Defend_B","Zap","Dualcast","Conserve Battery+1","Cold Snap","Chill","Lockon","Sweeping Beam","Fission","Cold Snap","Capacitor","expansioncontent:BronzeBeam","Self Repair"],"relics":["Cracked Core","aspiration:Nostalgia","champ:ChampionCrown","Shuriken","keyreminder:keyreminder","Vajra"],"acts_visited":["Exordium"],"potions_floor_usage":[8,12,13],"damage_taken":[{"damage":1,"enemies":"Cultist","floor":1,"turns":3},{"damage":3,"enemies":"Small Slimes","floor":2,"turns":4},{"damage":6,"enemies":"2 Louse","floor":3,"turns":2},{"damage":10,"enemies":"Blue Slaver","floor":4,"turns":3},{"damage":0,"enemies":"2 Fungi Beasts","floor":5,"turns":4},{"damage":0,"enemies":"3 Louse","floor":7,"turns":2},{"damage":29,"enemies":"Lagavulin","floor":8,"turns":7},{"damage":14,"enemies":"3 Sentries","floor":10,"turns":9},{"damage":0,"enemies":"Large Slime","floor":12,"turns":4},{"damage":15,"enemies":"Lagavulin","floor":13,"turns":5}],"seed_played":"-324138794077446400","potions_obtained":[{"floor":3,"key":"Dexterity Potion"},{"floor":5,"key":"LiquidMemories"},{"floor":8,"key":"construct:ShiftPotion"},{"floor":12,"key":"Swift Potion"}],"is_trial":false,"path_per_floor":["M","M","M","M","M","R","M","E","T","E","?","M","E"],"character_chosen":"DEFECT","items_purchased":[],"campfire_rested":0,"item_purchase_floors":[],"current_hp_per_floor":[74,71,65,55,55,55,55,26,26,12,12,12,0,0],"gold":305,"neow_bonus":"NOSTALGIA","is_daily":false,"chose_seed":false,"campfire_upgraded":1,"win_rate":0.0,"timestamp":1609815812,"path_taken":["M","M","M","M","?","R","?","E","T","E","?","M","E"],"items_purchased_type":[],"build_version":"2020-12-22","purchased_purges":0,"victory":false,"max_hp_per_floor":[75,75,75,75,75,75,75,75,75,75,75,75,75,75],"card_choices":[{"not_picked":["Sweeping Beam","Cold Snap"],"picked":"Conserve Battery","floor":1},{"not_picked":["Steam","Barrage"],"picked":"Cold Snap","floor":2},{"not_picked":["Stack","Go for the Eyes"],"picked":"Chill","floor":3},{"not_picked":["Reinforced Body","Compile Driver"],"picked":"Lockon","floor":4},{"not_picked":["Steam","Cold Snap"],"picked":"Sweeping Beam","floor":5},{"not_picked":["Barrage","Leap"],"picked":"Fission","floor":7},{"not_picked":["Hologram","Gash"],"picked":"Cold Snap","floor":8},{"not_picked":["Cold Snap","Fusion"],"picked":"Capacitor","floor":10},{"not_picked":["Transmutation","Violence"],"picked":"expansioncontent:BronzeBeam","floor":11},{"not_picked":["Leap","Conserve Battery"],"picked":"Self Repair","floor":12}],"player_experience":2141179,"relics_obtained":[{"floor":8,"key":"Shuriken"},{"floor":10,"key":"Vajra"}],"event_choices":[{"damage_healed":0,"gold_gain":1,"player_choice":"1","damage_taken":0,"max_hp_gain":0,"max_hp_loss":0,"event_name":"betterStone:BetterStone","floor":11,"gold_loss":0}],"is_beta":false,"boss_relics":[],"items_purged_floors":[],"is_endless":false,"potions_floor_spawned":[3,5,8,12],"killed_by":"Lagavulin","ascension_level":3}}