{"host":"61ejhfsushs0xmcl","time":1609844063,"event":{"mods":["ATMod(阿瑾Mod)","Act Like it!","BaseMod","Colored Map","Gensokyo","Gold Saver","Koishi","Minty Spire (QoL Compilation)","MostiFishMod","Pale of the Ancients","Reimu（博丽灵梦）","Spicy Shops","StSLib","TestMod","Waifu the Spire","【遗物卡牌】REMEMod","篝火指南"],"gold_per_floor":[870,422,432,322,341,871,871,901,901,901,901,917,945,964,964,1069,1069,1083,1083,1093,1093,1093,581,591,466,491,524,54,54,54,54,54,153,153,169,169,169,194,594,620,620,652,652,679,689,182,219,219,219,344,407,544,544,187,187,330,330,105,105,230],"floor_reached":61,"playtime":3586,"items_purged":["Strike_Lin:ReiMu","Gensokyo:AllTheWorldsEvil","Strike_Lin:ReiMu","Strike_Lin:ReiMu","Strike_Lin:ReiMu","ManaGlint:ReiMu","Defend_Lin:ReiMu"],"score":1661,"play_id":"b3904b25-4236-4dbe-977c-9dff04f1ba09","local_time":"20210105185423","is_ascension_mode":true,"campfire_choices":[{"data":"DoubleButterfly:ReiMu","floor":7.0,"key":"SMITH"},{"data":"UniversalSpiritual:ReiMu","floor":11.0,"key":"SMITH"},{"data":"FineLineFantasy:ReiMu","floor":15.0,"key":"SMITH"},{"floor":29.0,"key":"RECALL"},{"data":"MikOfLucky:ReiMu","floor":32.0,"key":"SMITH"},{"data":"YinYangSange:ReiMu","floor":41.0,"key":"SMITH"},{"data":"Reinforced Body","floor":49,"key":"SMITH"},{"data":"TakeOff:ReiMu","floor":55,"key":"SMITH"},{"data":"NB:ReiMu","floor":57,"key":"SMITH"}],"circlet_count":0,"master_deck":["Defend_Lin:ReiMu","Defend_Lin:ReiMu+1","NB:ReiMu+1","Stagnation:ReiMu+1","AT_BodySlamDance+1","UniversalSpiritual:ReiMu+1","DoubleButterfly:ReiMu+1","FineLineFantasy:ReiMu+1","TakeOff:ReiMu+1","SubcavityFantasy:ReiMu+1","FineLineFantasy:ReiMu+1","TakeOff:ReiMu+1","BlastKick2:ReiMu+1","Gensokyo:Kunekune+1","YinYangSange:ReiMu+1","Revelation:ReiMu+1","CollectionFlower2:ReiMu+1","Reinforced Body+1","MikOfLucky:ReiMu+1","CleanRite:ReiMu+1","Dreaming:ReiMu+1","YinYang:ReiMu+1","CardOfSanctity:ReiMu+1","YinYangSange:ReiMu+1"],"relics":["FlyPower:ReiMu","testmod-TestBox","AT_ATBox","REME_ComplimentaryCards","NeowsBlessing","testmod-NegativeEmotionEnhancer","ImprovedEquipment","SynthV:TestCard","BrkXgEgg","TentaclePot:ReiMu","Boot","testmod-TurbochargingSystem","testmod-HeartOfStrike","AT_GreenNoBalance","Singing Bowl","testmod-Prudence","Mummified Hand","AT_SilvercatRing","ClockworkSouvenir","Bag of Marbles","Molten Egg 2","Juzu Bracelet","RhineCircuit","KaguraBell:ReiMu","Toy Ornithopter","Lantern","Darkstone Periapt","AT_MibuBalloonWealth","paleoftheancients:Timepiece","paleoftheancients:KeyRelic","Gremlin Horn","CultistMask","paleoftheancients:SoulOfTheGuardian","AT_SpeedBoots"],"acts_visited":["Exordium","Gensokyo:Gensokyo","Gensokyo:Gensokyoer","Gensokyo:Gensokyoest"],"potions_floor_usage":[44,60,60,60],"damage_taken":[{"damage":0.0,"enemies":"Gensokyo:3_Fairies","floor":1.0,"turns":1.0},{"damage":4.0,"enemies":"Gensokyo:Gryphon","floor":3.0,"turns":2.0},{"damage":0.0,"enemies":"Gensokyo:2_Kodama","floor":5.0,"turns":2.0},{"damage":68.0,"enemies":"Gensokyo:Cirno","floor":6.0,"turns":9.0},{"damage":9.0,"enemies":"Gensokyo:Aya","floor":8.0,"turns":4.0},{"damage":0.0,"enemies":"Gensokyo:LivingMonolith","floor":12.0,"turns":3.0},{"damage":0.0,"enemies":"Gensokyo:Mamizou","floor":13.0,"turns":7.0},{"damage":6.0,"enemies":"Gensokyo:Kitsune","floor":14.0,"turns":3.0},{"damage":14.0,"enemies":"Gensokyo:Yukari","floor":16.0,"turns":7.0},{"damage":23.0,"enemies":"Gensokyo:3_Dogs","floor":18.0,"turns":5.0},{"damage":6.0,"enemies":"Gensokyo:AngelMirror","floor":20.0,"turns":3.0},{"damage":29.0,"enemies":"Gensokyo:Chomper_and_Gloop","floor":24.0,"turns":5.0},{"damage":27.0,"enemies":"Gensokyo:Koishi","floor":27.0,"turns":4.0},{"damage":4.0,"enemies":"Gensokyo:Eternal_Rivals","floor":33.0,"turns":6.0},{"damage":11.0,"enemies":"Gensokyo:AncientGuardian","floor":35.0,"turns":7.0},{"damage":13.0,"enemies":"Gensokyo:Kasen","floor":40.0,"turns":5.0},{"damage":14.0,"enemies":"Gensokyo:Marisa","floor":42.0,"turns":5.0},{"damage":0,"enemies":"Gensokyo:Kasen","floor":44,"turns":5},{"damage":0,"enemies":"Gensokyo:3_Bats","floor":45,"turns":3},{"damage":0,"enemies":"Gensokyo:SeedOfUnknown","floor":47,"turns":3},{"damage":10,"enemies":"Gensokyo:Yuyuko","floor":50,"turns":4},{"damage":9,"enemies":"Gensokyo:Yuyuko","floor":51,"turns":5},{"damage":0,"enemies":"Gensokyo:Yuyuko","floor":52,"turns":3},{"damage":0,"enemies":"Gensokyo:Yuyuko","floor":56,"turns":5},{"damage":11,"enemies":"paleoftheancients:N","floor":60,"turns":6}],"seed_played":"2702809905406005992","potions_obtained":[{"floor":5.0,"key":"PowerPotion"},{"floor":6.0,"key":"AttackPotion"},{"floor":8.0,"key":"SteroidPotion"},{"floor":14.0,"key":"Energy Potion"},{"floor":18.0,"key":"FearPotion"},{"floor":24.0,"key":"GrandPatriotsElixir:ReiMu"},{"floor":33.0,"key":"testmod-TestPotion"},{"floor":42.0,"key":"Fruit Juice"},{"floor":45,"key":"ColorlessPotion"},{"floor":52,"key":"Ancient Potion"}],"is_trial":false,"path_per_floor":["M","COS","M","$","M","E","R","E","T","?","R","M","E","M","R","B",null,"M","?","M","?","T","R","M","R","T","E","$","R","?","?","R","B",null,"M","?","?","T","?","E","R","E","T","E","M","$","M","?","R","B","M","M","?","$","R","M","R","$","?","B",null],"character_chosen":"REIMU","items_purchased":["DoubleButterfly:ReiMu","AT_SilvercatRing","ClockworkSouvenir","Juzu Bracelet","AT_MibuBalloonWealth","YinYang:ReiMu+1","CardOfSanctity:ReiMu+1","AT_SpeedBoots"],"campfire_rested":0,"item_purchase_floors":[4,23,23,28,46,46,46,54],"current_hp_per_floor":[66,66,64,64,67,15,15,8,8,8,8,10,39,35,35,26,78,22,22,32,32,32,32,11,11,11,12,12,12,12,12,12,37,77,70,38,38,38,38,29,29,29,29,40,46,46,50,50,50,99,99,105,105,105,105,106,106,106,106,102],"gold":230,"neow_bonus":"THREE_ENEMY_KILL","is_daily":false,"chose_seed":false,"campfire_upgraded":8,"win_rate":0.0,"timestamp":1609844063,"path_taken":["M","COS","M","$","M","E","R","E","T","?","R","M","E","M","R","BOSS","M","?","M","?","?","R","M","R","T","E","$","R","?","?","R","BOSS","M","?","?","?","?","E","R","E","T","E","M","$","M","?","R","BOSS","M","M","?","$","R","M","R","$","?","BOSS"],"items_purchased_type":["Card","Relic","Relic","Relic","Relic","Card","Card","Relic"],"build_version":"2020-12-22","purchased_purges":7,"victory":true,"max_hp_per_floor":[66,66,67,67,68,69,69,70,70,70,70,71,74,77,77,78,78,81,73,74,74,74,74,75,75,75,76,76,76,76,76,76,77,77,80,80,80,80,80,81,81,89,89,92,95,95,98,98,98,99,102,105,105,105,105,106,106,106,106,107],"card_choices":[{"not_picked":["RainPray2:ReiMu","EmergencyTakeOff:ReiMu","FantasyMoon:ReiMu"],"picked":"SKIP","floor":1.0},{"not_picked":["OctopathBindingBorder2:ReiMu","MountainWay:ReiMu","FantasyBorder:ReiMu","TightArray:ReiMu"],"picked":"UniversalSpiritual:ReiMu","floor":3.0},{"not_picked":["InherentArray:ReiMu","AirStrike:ReiMu","SafetyPray:ReiMu","SubcavityInstant:ReiMu"],"picked":"FineLineFantasy:ReiMu","floor":5.0},{"not_picked":["SpringWay:ReiMu","InherentArray:ReiMu","SafetyPray:ReiMu","TightArray:ReiMu","YinYangSign:ReiMu"],"picked":"SKIP","floor":6.0},{"not_picked":["CollectionFlower2:ReiMu","LovePray:ReiMu","Intuition:ReiMu","CareerPray:ReiMu"],"picked":"TakeOff:ReiMu","floor":8.0},{"not_picked":["AirManeuver:ReiMu","Gathering:ReiMu","SpreadBorder2:ReiMu","Amulet:ReiMu"],"picked":"SubcavityFantasy:ReiMu+1","floor":10.0},{"not_picked":["CareerPray:ReiMu","SpreadBorder2:ReiMu","SafetyPray:ReiMu","Conquer:ReiMu"],"picked":"FineLineFantasy:ReiMu","floor":10.0},{"not_picked":["InherentArray:ReiMu","UpKicking:ReiMu","MountainWay:ReiMu","BarrageOfMoneybags:ReiMu"],"picked":"TakeOff:ReiMu","floor":12.0},{"not_picked":["LovePray:ReiMu","SubAcupoint:ReiMu","SpreadBorder2:ReiMu","AlertArray:ReiMu","TakeOff:ReiMu"],"picked":"Singing Bowl","floor":13.0},{"not_picked":["Mountainwind:ReiMu","SafetyPray:ReiMu","UniversalSpiritual:ReiMu","NineCharacters:ReiMu","OctopathBindingBorder2:ReiMu"],"picked":"Singing Bowl","floor":14.0},{"not_picked":["SubcavityFantasy:ReiMu+1","PrayRite:ReiMu+1","CeremonyResonance:ReiMu+1","OctopathSalyBorderN:ReiMu+1"],"picked":"BlastKick2:ReiMu+1","floor":16.0},{"not_picked":["AirStrike:ReiMu+1","SubAcupoint:ReiMu","AlertArray:ReiMu+1","InherentArray:ReiMu","SubcavityInstant:ReiMu"],"picked":"Singing Bowl","floor":18.0},{"not_picked":["Gensokyo:MonkeysPaw","Gensokyo:EightFeetTall","Gensokyo:MissMary","Gensokyo:Doppelganger"],"picked":"Gensokyo:Kunekune","floor":19.0},{"not_picked":["Conquer:ReiMu+1","SubcavityInstant:ReiMu","Meditation:ReiMu","SpreadBorder2:ReiMu"],"picked":"YinYangSange:ReiMu","floor":20.0},{"not_picked":["Enchanting:ReiMu","SpringWay:ReiMu+1","WonderfulDomain:ReiMu","PhosphorusFlame:ReiMu+1"],"picked":"Revelation:ReiMu+1","floor":24.0},{"not_picked":["BarrageOfMoneybags:ReiMu+1","Gathering:ReiMu","FantasyBorder:ReiMu+1","MountainWay:ReiMu"],"picked":"CollectionFlower2:ReiMu","floor":27.0},{"not_picked":["OctopathSalyBorderN:ReiMu+1","KyokaiOfKami:ReiMu+1","RunawayExorcism:ReiMu+1","Determination:ReiMu+1"],"picked":"CleanRite:ReiMu+1","floor":33.0},{"not_picked":["EmergencyTakeOff:ReiMu+1","Intuition:ReiMu+1","TightArray:ReiMu+1","ShadowOfCrow2:ReiMu","LovePray:ReiMu"],"picked":"Singing Bowl","floor":35.0},{"not_picked":["RunawayExorcism:ReiMu+1","UniversalSpiritual:ReiMu","WonderfulDomain:ReiMu","SpreadBorder2:ReiMu"],"picked":"Dreaming:ReiMu+1","floor":40.0},{"not_picked":["SpreadBorder2:ReiMu","Crusade:ReiMu+1","RainPray2:ReiMu","Amulet:ReiMu+1","OctopathBindingBorder2:ReiMu"],"picked":"Singing Bowl","floor":42.0},{"not_picked":["Crusade:ReiMu+1","Mountainwind:ReiMu+1","OrbThrow:ReiMu+1","Meditation:ReiMu+1","SubcavityInstant:ReiMu+1"],"picked":"Singing Bowl","floor":44},{"not_picked":["Conquer:ReiMu+1","AlertArray:ReiMu","CareerPray:ReiMu+1","ForcedLanding:ReiMu+1","EmergencyTakeOff:ReiMu+1"],"picked":"Singing Bowl","floor":45},{"not_picked":["AlertArray:ReiMu","Meditation:ReiMu+1","FantasyMoon:ReiMu","Authority:ReiMu+1","UpKicking:ReiMu+1"],"picked":"Singing Bowl","floor":47},{"not_picked":["SubcavityInstant:ReiMu+1","Crusade:ReiMu+1","Enchanting:ReiMu+1","EmergencyTakeOff:ReiMu","SafetyPray:ReiMu"],"picked":"Singing Bowl","floor":51},{"not_picked":["Enchanting:ReiMu","OrbThrow:ReiMu+1","EmergencyTakeOff:ReiMu","SubAcupoint:ReiMu+1","TightArray:ReiMu+1"],"picked":"Singing Bowl","floor":52},{"not_picked":["KyokaiOfKami:ReiMu+1","TightArray:ReiMu+1","SpiritualOutbreak2:ReiMu+1","CareerPray:ReiMu"],"picked":"YinYangSange:ReiMu+1","floor":56}],"player_experience":803446,"relics_obtained":[{"floor":1.0,"key":"SynthV:TestCard"},{"floor":6.0,"key":"testmod-TurbochargingSystem"},{"floor":8.0,"key":"testmod-HeartOfStrike"},{"floor":13.0,"key":"Singing Bowl"},{"floor":22.0,"key":"Mummified Hand"},{"floor":26.0,"key":"Bag of Marbles"},{"floor":27.0,"key":"Molten Egg 2"},{"floor":38.0,"key":"Toy Ornithopter"},{"floor":42.0,"key":"Lantern"},{"floor":43.0,"key":"Darkstone Periapt"},{"floor":51,"key":"paleoftheancients:SoulOfTheGuardian"},{"floor":56,"key":"paleoftheancients:SoulOfTheHexaghost"}],"event_choices":[{"damage_healed":0.0,"max_hp_gain":0.0,"max_hp_loss":0.0,"gold_gain":400.0,"event_name":"恩洛斯的盘子","player_choice":"Sell","floor":39.0,"relics_lost":["DaveBox"],"gold_loss":0.0,"damage_taken":0.0},{"damage_healed":0,"gold_gain":0,"player_choice":"Ignored","damage_taken":0,"max_hp_gain":0,"max_hp_loss":0,"event_name":"给自己的盒子","floor":53,"gold_loss":0}],"is_beta":false,"boss_relics":[{"not_picked":["Cursed Key","FixedStarFall"],"picked":"testmod-Prudence"},{"not_picked":["TakeMeEscape","NightmareShop"],"picked":"RhineCircuit"}],"items_purged_floors":[4,23,25,28,28,54,58],"is_endless":false,"potions_floor_spawned":[5,6,8,14,16,18,24,33,35,42,45,52],"ascension_level":2}}