{"host":"vhvm1b4sel61ztfv","time":1609822300,"event":{"mods":["BaseMod","BetterRewards","Displayed Cursed Tome","Minty Spire (QoL Compilation)","Replay The Spire","StSLib"],"gold_per_floor":[147,198,252,303,303,396,501,576,600,693,795,891,839,935,935,1238,1238,1289,1289,1043,1121,586,691,778,853,865,1267,1363,1477,1567,1317,1317,1605,1605,1659,1359,1359,1359,1452,1539,1565,1646,1646,1745,1506,1225,1327,1360,1360,1360],"floor_reached":51,"playtime":1817,"items_purged":[],"score":2524,"play_id":"13ae6396-ce3e-407b-83a5-6f692810071b","local_time":"20210104235140","daily_mods":["Draft","Vintage","Heirloom","Time Dilation","Flight","DeadlyEvents","Elite Swarm","Lethality","Midas"],"is_ascension_mode":true,"campfire_choices":[{"data":"1","floor":15,"key":"LIFT"},{"data":"2","floor":32,"key":"LIFT"},{"floor":49,"key":"DIG"}],"circlet_count":0,"master_deck":["AscendersBane","Bane","Deadly Poison","Backflip","Caltrops","Deflect","Backflip","Bane","Dagger Spray","Quick Slash+1","Deadly Poison","Bane","Slice+1","Deadly Poison","Poisoned Stab","Poisoned Stab","Atom Bomb","A Thousand Cuts","Adrenaline","A Thousand Cuts","Bullet Time","Choke","Corpse Explosion","Envenom","ReplayTheSpireMod:Necrosis+1"],"relics":["Ring of the Serpent","Girya","FossilizedHelix","White Beast Statue","PreservedInsect","Omamori","Torii","Boot","Calipers","Lantern","Du-Vu Doll","ReplayTheSpireMod:Shallot","Vampiric Spirits","Thread and Needle","Black Star","Replay:Bottled Steam","Bottled Lightning","Ice Cream","CaptainsWheel","Gremlin Horn","Shovel","Turnip","Kunai","Ginger","Anchor","The Specimen","MawBank","Matryoshka","Old Coin","Counterbalance","Bottled Tornado","Vajra","TungstenRod","Shuriken","Strawberry","Regal Pillow","Mercury Hourglass","Iron Hammer","TwistedFunnel","Potion Belt","Whetstone","Replay:Bottled Flurry","Incense Burner","Replay:Arrowhead","Quantum Egg","Replay:Multitool","Mummified Hand","Happy Flower","Oddly Smooth Stone","Dream Catcher","Toxic Egg 2","ReplayTheSpireMod:Lightbulb","Molten Egg 2","Paper Crane","Membership Card","Pear","Gambling Chip","Unceasing Top","ReplayTheSpireMod:Ninjato","Ninja Scroll"],"acts_visited":["Exordium","TheCity","TheBeyond"],"potions_floor_usage":[4,10,21,33,50],"damage_taken":[{"damage":0,"enemies":"Small Slimes","floor":1,"turns":1},{"damage":0,"enemies":"Cultist","floor":2,"turns":2},{"damage":0,"enemies":"2 Louse","floor":3,"turns":1},{"damage":0,"enemies":"Blue Slaver","floor":4,"turns":1},{"damage":0,"enemies":"Lagavulin","floor":6,"turns":2},{"damage":0,"enemies":"3 Sentries","floor":7,"turns":3},{"damage":0,"enemies":"Gremlin Nob","floor":8,"turns":2},{"damage":0,"enemies":"Lagavulin","floor":10,"turns":2},{"damage":0,"enemies":"3 Sentries","floor":11,"turns":2},{"damage":0,"enemies":"Lagavulin","floor":12,"turns":1},{"damage":0,"enemies":"Gremlin Nob","floor":14,"turns":1},{"damage":0,"enemies":"Slime Boss","floor":16,"turns":1},{"damage":0,"enemies":"Spheric Guardian","floor":18,"turns":2},{"damage":18,"enemies":"Gremlin Leader","floor":21,"turns":2},{"damage":0,"enemies":"Book of Stabbing","floor":23,"turns":1},{"damage":0,"enemies":"Gremlin Leader","floor":24,"turns":1},{"damage":0,"enemies":"Book of Stabbing","floor":25,"turns":1},{"damage":0,"enemies":"Gremlin Leader","floor":27,"turns":1},{"damage":0,"enemies":"Replay:Snechameleon","floor":28,"turns":1},{"damage":0,"enemies":"Gremlin Leader","floor":29,"turns":2},{"damage":0,"enemies":"Book of Stabbing","floor":30,"turns":1},{"damage":0,"enemies":"Collector","floor":33,"turns":5},{"damage":0,"enemies":"Orb Walker","floor":35,"turns":1},{"damage":0,"enemies":"R_Hoarder","floor":39,"turns":2},{"damage":0,"enemies":"Reptomancer","floor":40,"turns":1},{"damage":0,"enemies":"R_Hoarder","floor":42,"turns":2},{"damage":0,"enemies":"Nemesis","floor":44,"turns":1},{"damage":0,"enemies":"R_Hoarder","floor":47,"turns":2},{"damage":0,"enemies":"3 Darklings","floor":48,"turns":2},{"damage":15,"enemies":"Awakened One","floor":50,"turns":4}],"seed_played":"-986502151318511006","potions_obtained":[{"floor":2,"key":"Energy Potion"},{"floor":3,"key":"Fruit Juice"},{"floor":4,"key":"SteroidPotion"},{"floor":6,"key":"SpeedPotion"},{"floor":10,"key":"CunningPotion"},{"floor":11,"key":"Venom Potion"},{"floor":21,"key":"CultistPotion"},{"floor":33,"key":"Poison Potion"},{"floor":39,"key":"Languid Potion"},{"floor":40,"key":"Explosive Potion"}],"is_trial":true,"path_per_floor":["M","M","M","M","$","E","E","E","T","E","E","E","$","E","R","B",null,"M","?","$","E","$","E","E","E","T","E","E","E","E","$","R","B",null,"M","$","?","T","E","E","T","E","T","E","$","$","E","M","R","B",null],"character_chosen":"THE_SILENT","items_purchased":["Choke","Bottled Lightning","Gremlin Horn","Shovel","Mercury Hourglass","TwistedFunnel","Potion Belt","Paper Crane","Membership Card","Pear"],"campfire_rested":0,"item_purchase_floors":[13,20,22,22,31,36,36,45,46,46],"current_hp_per_floor":[63,63,63,63,63,63,63,63,63,68,68,68,68,75,75,75,75,75,69,69,57,57,75,75,75,75,75,75,75,82,82,82,82,82,82,82,82,82,82,82,82,82,82,82,82,92,92,92,92,77],"gold":1360,"neow_bonus":"","is_daily":false,"chose_seed":false,"campfire_upgraded":0,"win_rate":0.0,"timestamp":1609822300,"path_taken":["M","M","M","M","$","E","E","E","T","E","E","E","$","E","R","BOSS","M","?","$","?","$","E","E","E","T","E","E","E","E","$","R","BOSS","M","$","?","?","?","E","?","E","T","E","$","$","E","M","R","BOSS"],"items_purchased_type":["Card","Relic","Relic","Relic","Relic","Relic","Relic","Relic","Relic","Relic"],"build_version":"2020-12-22","purchased_purges":0,"victory":true,"max_hp_per_floor":[70,70,70,70,70,70,70,70,70,75,75,75,75,75,75,75,75,75,75,75,75,75,75,75,75,75,75,75,75,82,82,82,82,82,82,82,82,82,82,82,82,82,82,82,82,92,92,92,92,92],"card_choices":[{"not_picked":["Outmaneuver","Masterful Stab"],"picked":"Bane","floor":0},{"not_picked":["Dagger Throw","Accuracy"],"picked":"Deadly Poison","floor":0},{"not_picked":["Tactician","Infinite Blades"],"picked":"Backflip","floor":0},{"not_picked":["Prepared","Quick Slash"],"picked":"Caltrops","floor":0},{"not_picked":["Cloak And Dagger","PiercingWail"],"picked":"Deflect","floor":0},{"not_picked":["Prepared","Acrobatics"],"picked":"Backflip","floor":0},{"not_picked":["PiercingWail","Dodge and Roll"],"picked":"Bane","floor":0},{"not_picked":["Blade Dance","Escape Plan"],"picked":"Dagger Spray","floor":0},{"not_picked":["Hidden Blade","Endless Agony"],"picked":"Quick Slash","floor":0},{"not_picked":["Prepared","Bane"],"picked":"Deadly Poison","floor":0},{"not_picked":["Accuracy","Acrobatics"],"picked":"Bane","floor":0},{"not_picked":["Flying Knee","Sucker Punch"],"picked":"Slice","floor":0},{"not_picked":["Slice","ReplayTheSpireMod:Shiv Toss"],"picked":"Deadly Poison","floor":0},{"not_picked":["Deadly Poison","Acrobatics"],"picked":"Poisoned Stab","floor":0},{"not_picked":["Deadly Poison","Sucker Punch"],"picked":"Poisoned Stab","floor":0},{"not_picked":["Malaise","Replay:Bag of Tricks"],"picked":"Atom Bomb","floor":6},{"not_picked":["Grand Finale","Replay:Bag of Tricks"],"picked":"A Thousand Cuts","floor":7},{"not_picked":["Night Terror","Storm of Steel"],"picked":"Adrenaline","floor":8},{"not_picked":["Burst","Tools of the Trade"],"picked":"A Thousand Cuts","floor":10},{"not_picked":["Tools of the Trade","Storm of Steel","Poison Darts"],"picked":"SKIP","floor":11},{"not_picked":["Tools of the Trade","Storm of Steel","Poison Darts"],"picked":"SKIP","floor":11},{"not_picked":["Tools of the Trade","Adrenaline"],"picked":"Bullet Time","floor":12},{"not_picked":["Phantasmal Killer","Tools of the Trade","Storm of Steel"],"picked":"SKIP","floor":14},{"not_picked":["A Thousand Cuts","Doppelganger","Adrenaline"],"picked":"SKIP","floor":21},{"not_picked":["Phantasmal Killer","Venomology","A Thousand Cuts"],"picked":"SKIP","floor":23},{"not_picked":["A Thousand Cuts","Tools of the Trade","Replay:Bag of Tricks"],"picked":"SKIP","floor":24},{"not_picked":["Venomology","A Thousand Cuts","Die Die Die"],"picked":"SKIP","floor":25},{"not_picked":["Adrenaline","Poison Darts"],"picked":"Corpse Explosion","floor":27},{"not_picked":["Grand Finale","Corpse Explosion","Tools of the Trade"],"picked":"SKIP","floor":28},{"not_picked":["Adrenaline","Corpse Explosion"],"picked":"Envenom","floor":29},{"not_picked":["Bullet Time","Atom Bomb","Phantasmal Killer"],"picked":"SKIP","floor":30},{"not_picked":["Grand Finale","Night Terror","Die Die Die"],"picked":"SKIP","floor":39},{"not_picked":["Die Die Die","Adrenaline","Corpse Explosion"],"picked":"SKIP","floor":40},{"not_picked":["Bullet Time","Replay:Bag of Tricks","Glass Knife"],"picked":"SKIP","floor":42},{"not_picked":["Phantasmal Killer+1","Malaise+1"],"picked":"ReplayTheSpireMod:Necrosis+1","floor":44},{"not_picked":["A Thousand Cuts","Doppelganger+1","Tools of the Trade"],"picked":"SKIP","floor":47}],"player_experience":112948,"relics_obtained":[{"floor":1,"key":"FossilizedHelix"},{"floor":2,"key":"White Beast Statue"},{"floor":3,"key":"PreservedInsect"},{"floor":4,"key":"Omamori"},{"floor":6,"key":"Torii"},{"floor":7,"key":"Boot"},{"floor":8,"key":"Calipers"},{"floor":9,"key":"Lantern"},{"floor":10,"key":"Du-Vu Doll"},{"floor":11,"key":"ReplayTheSpireMod:Shallot"},{"floor":12,"key":"Vampiric Spirits"},{"floor":14,"key":"Thread and Needle"},{"floor":18,"key":"Replay:Bottled Steam"},{"floor":21,"key":"Ice Cream"},{"floor":21,"key":"CaptainsWheel"},{"floor":23,"key":"Turnip"},{"floor":23,"key":"Kunai"},{"floor":24,"key":"Ginger"},{"floor":24,"key":"Anchor"},{"floor":25,"key":"The Specimen"},{"floor":25,"key":"MawBank"},{"floor":26,"key":"Matryoshka"},{"floor":27,"key":"Old Coin"},{"floor":27,"key":"Counterbalance"},{"floor":28,"key":"Bottled Tornado"},{"floor":28,"key":"Vajra"},{"floor":29,"key":"TungstenRod"},{"floor":29,"key":"Shuriken"},{"floor":30,"key":"Strawberry"},{"floor":30,"key":"Regal Pillow"},{"floor":35,"key":"Iron Hammer"},{"floor":38,"key":"Whetstone"},{"floor":38,"key":"Replay:Bottled Flurry"},{"floor":39,"key":"Incense Burner"},{"floor":39,"key":"Replay:Arrowhead"},{"floor":40,"key":"Quantum Egg"},{"floor":40,"key":"Replay:Multitool"},{"floor":41,"key":"Mummified Hand"},{"floor":41,"key":"Happy Flower"},{"floor":42,"key":"Oddly Smooth Stone"},{"floor":42,"key":"Dream Catcher"},{"floor":43,"key":"Toxic Egg 2"},{"floor":44,"key":"ReplayTheSpireMod:Lightbulb"},{"floor":44,"key":"Molten Egg 2"},{"floor":47,"key":"Gambling Chip"},{"floor":47,"key":"Unceasing Top"},{"floor":48,"key":"ReplayTheSpireMod:Ninjato"},{"floor":49,"key":"Ninja Scroll"}],"event_choices":[{"damage_healed":0,"gold_gain":0,"player_choice":"","damage_taken":6,"max_hp_gain":0,"max_hp_loss":0,"event_name":"Knowing Skull","floor":19,"potions_obtained":[],"gold_loss":0,"cards_obtained":[]},{"cards_removed":["Choke"],"damage_healed":0,"gold_gain":0,"player_choice":"Removed Attack","damage_taken":0,"max_hp_gain":0,"max_hp_loss":0,"event_name":"Falling","floor":37,"gold_loss":0}],"is_beta":false,"boss_relics":[{"not_picked":["Coffee Dripper","Snecko Heart"],"picked":"Black Star"},{"not_picked":["Replay:Wanted Poster","Sozu"],"picked":"Ring of the Serpent"}],"items_purged_floors":[],"is_endless":false,"potions_floor_spawned":[2,3,4,6,7,8,10,11,12,14,16,18,21,23,24,25,27,28,29,30,33,35,39,40,42,44,47,48],"ascension_level":10}}