{"host":"xazfs2cmso1lkipw","time":1609867482,"event":{"mods":["AchievementEnabler","BaseMod","Bestiary","Better Third Choice","BetterRewards","Clockwork Mod","Colored Map","Colored Powertips","Highlight Path","Infinite Spire","Minty Spire (QoL Compilation)","Quick Restart","Railgun Mod","Rare Cards Sparkle","Relic Stats","Replay The Spire","Shop Mod","StSLib","The Alterego","The Servant 0.9.4"],"gold_per_floor":[118,132,132,89,89,89,122,139,165,26,39,49,49,49,49,152,152,132,132,57,8,28,28,103,103,149,161,190,202,227,257,269,382,394,419,445,471,483,512,524,548,560,560],"floor_reached":42,"playtime":2009,"items_purged":[],"score":425,"play_id":"34038e7a-78d6-4a07-b653-d44059f7f7df","local_time":"20210106012441","is_ascension_mode":false,"campfire_choices":[{"floor":6,"key":"REST"},{"data":"Deflect","floor":15,"key":"SMITH"},{"data":"Infinite Blades","floor":23,"key":"SMITH"},{"data":"Blade Dance","floor":25,"key":"SMITH"},{"data":"Noxious Fumes","floor":27,"key":"SMITH"},{"floor":32,"key":"REST"},{"data":"PiercingWail","floor":40,"key":"SMITH"}],"circlet_count":0,"master_deck":["Strike_G","Strike_G","Strike_G","Strike_G","Strike_G","Defend_G","Defend_G","Defend_G","Defend_G+1","Survivor+1","Neutralize","Hidden Blade","Crippling Poison","Endless Agony","Deflect+1","Expertise","Expertise","Infinite Blades+1","Blade Dance+1","Dagger Spray","A Thousand Cuts","Noxious Fumes+1","Deflect","Backflip","Blade Dance+1","Poison Darts","Sucker Punch+1","Die Die Die","Deadly Poison+1","Slice+1","Acrobatics+1","PiercingWail+1","Calculated Gamble+1"],"relics":["Ring of the Snake","NeowsBlessing","betterThird:SlimedRelic","Bronze Scales","Pet Ghost","ChewingGum","MawBank"],"acts_visited":["Exordium","TheCity","TheBeyond"],"potions_floor_usage":[16,33,33,39,41,41],"damage_taken":[{"damage":0,"enemies":"Jaw Worm","floor":1,"turns":1},{"damage":0,"enemies":"infinitespire:Voidling","floor":2,"turns":1},{"damage":0,"enemies":"Replay:BlueRogue","floor":7,"turns":1},{"damage":0,"enemies":"2 Louse","floor":8,"turns":2},{"damage":16,"enemies":"Exordium Wildlife","floor":11,"turns":3},{"damage":0,"enemies":"2 Fungi Beasts","floor":12,"turns":3},{"damage":19,"enemies":"Slime Boss","floor":16,"turns":4},{"damage":12,"enemies":"2 Thieves","floor":18,"turns":4},{"damage":3,"enemies":"Chosen","floor":22,"turns":4},{"damage":1,"enemies":"Snecko","floor":28,"turns":5},{"damage":10,"enemies":"Sentry and Sphere","floor":30,"turns":5},{"damage":0,"enemies":"Centurion and Healer","floor":31,"turns":5},{"damage":46,"enemies":"Champ","floor":33,"turns":13},{"damage":8,"enemies":"3 Shapes","floor":35,"turns":5},{"damage":18,"enemies":"Orb Walker","floor":36,"turns":4},{"damage":22,"enemies":"Maw","floor":37,"turns":8},{"damage":1,"enemies":"Spire Growth","floor":39,"turns":5},{"damage":29,"enemies":"Sphere and 2 Shapes","floor":41,"turns":6},{"damage":30,"enemies":"Transient","floor":42,"turns":1}],"seed_played":"-4242569044648653314","potions_obtained":[{"floor":7,"key":"Death Potion"},{"floor":12,"key":"Adrenaline Potion"},{"floor":22,"key":"Weak Potion"},{"floor":33,"key":"Venom Potion"},{"floor":35,"key":"Ancient Potion"},{"floor":37,"key":"Regen Potion"},{"floor":38,"key":"Milkshake"},{"floor":38,"key":"AttackPotion"}],"is_trial":false,"path_per_floor":["M","M","?","?","$","R","E","M","T","$","M","M","?","?","R","B",null,"M","?","?","$","M","R","?","R","T","R","M","$","M","M","R","B",null,"M","M","M","?","M","R","M","M"],"character_chosen":"THE_SILENT","items_purchased":["Expertise","Infinite Blades","Deflect"],"campfire_rested":2,"item_purchase_floors":[10,10,21],"current_hp_per_floor":[70,70,56,45,45,66,66,66,66,66,50,50,70,70,70,51,70,58,58,58,58,55,55,48,48,48,48,47,47,37,37,58,12,70,62,44,22,22,35,35,6,0,0],"gold":560,"neow_bonus":"THREE_ENEMY_KILL","is_daily":false,"chose_seed":false,"campfire_upgraded":5,"win_rate":0.0,"timestamp":1609867481,"path_taken":["M","M","?","?","?","R","E","M","T","$","?","M","?","?","R","BOSS","M","?","?","?","?","R","?","R","T","R","M","?","M","M","R","BOSS","M","M","M","?","?","R","M","M"],"items_purchased_type":["Card","Card","Card"],"build_version":"2020-12-22","purchased_purges":0,"victory":false,"max_hp_per_floor":[70,70,70,70,70,70,70,70,70,70,70,70,70,70,70,70,70,70,70,70,70,70,70,70,70,70,70,70,70,70,70,70,70,70,70,70,70,70,70,70,70,70,70],"relic_stats":{"counters":[19,80],"Bronze Scales":[120],"MawBank":192,"obtain_stats":[{"NeowsBlessing":0,"betterThird:SlimedRelic":4,"Bronze Scales":7,"ChewingGum":17,"MawBank":26,"Pet Ghost":9,"Ring of the Snake":0},{"NeowsBlessing":0,"betterThird:SlimedRelic":2,"Bronze Scales":3,"ChewingGum":7,"MawBank":9,"Pet Ghost":4,"Ring of the Snake":0},{"NeowsBlessing":0,"betterThird:SlimedRelic":2,"Bronze Scales":3,"ChewingGum":15,"MawBank":23,"Pet Ghost":5,"Ring of the Snake":0}],"Ring of the Snake":[39]},"card_choices":[{"not_picked":["Flying Knee","Dagger Throw"],"picked":"Hidden Blade","floor":1},{"not_picked":["Blur","Dodge and Roll"],"picked":"Crippling Poison","floor":2},{"not_picked":["Burst","Poisoned Stab"],"picked":"Endless Agony","floor":7},{"not_picked":["Underhanded Strike","Deadly Poison"],"picked":"Deflect","floor":8},{"not_picked":["Backflip","Flying Knee"],"picked":"Blade Dance","floor":11},{"not_picked":["Reflex","Wraith Form v2"],"picked":"Dagger Spray","floor":12},{"not_picked":["After Image","Unload"],"picked":"A Thousand Cuts","floor":16},{"not_picked":["Hidden Blade","Poisoned Stab"],"picked":"Noxious Fumes","floor":18},{"not_picked":["Prepared","Sucker Punch"],"picked":"Backflip","floor":22},{"not_picked":["Sucker Punch","Backflip"],"picked":"Blade Dance+1","floor":28},{"not_picked":["ReplayTheSpireMod:Speed Training+1","Flying Knee"],"picked":"Poison Darts","floor":30},{"not_picked":["Poisoned Stab","Choke"],"picked":"Sucker Punch+1","floor":31},{"not_picked":["Venomology","Tools of the Trade"],"picked":"Die Die Die","floor":33},{"not_picked":["Quick Slash","Dagger Throw"],"picked":"Deadly Poison+1","floor":35},{"not_picked":["Distraction","Deadly Poison"],"picked":"Slice+1","floor":36},{"not_picked":["Riddle With Holes+1","Backflip"],"picked":"Acrobatics+1","floor":37},{"not_picked":["Deadly Poison","Prepared+1"],"picked":"PiercingWail","floor":39},{"not_picked":["Underhanded Strike+1","Doppelganger"],"picked":"Calculated Gamble+1","floor":41}],"player_experience":32723,"relics_obtained":[{"floor":7,"key":"Bronze Scales"},{"floor":9,"key":"Pet Ghost"},{"floor":26,"key":"MawBank"}],"event_choices":[{"damage_healed":70,"gold_gain":0,"player_choice":"Upgrade","damage_taken":14,"max_hp_gain":0,"max_hp_loss":70,"event_name":"betterThird:BetterShining","floor":3,"gold_loss":0,"cards_upgraded":["Defend_G","Survivor"]},{"damage_healed":0,"gold_gain":0,"player_choice":"Slimed","damage_taken":11,"max_hp_gain":0,"max_hp_loss":0,"event_name":"betterThird:BetterGoop","floor":4,"gold_loss":43},{"damage_healed":0,"gold_gain":0,"player_choice":"Ignored","damage_taken":49,"max_hp_gain":0,"max_hp_loss":0,"event_name":"betterThird:BetterSerpent","floor":14,"gold_loss":0},{"cards_removed":["Defend_G"],"damage_healed":0,"gold_gain":0,"player_choice":"Gave Gold","damage_taken":0,"max_hp_gain":0,"max_hp_loss":0,"event_name":"Beggar","floor":20,"gold_loss":75},{"damage_healed":0,"gold_gain":75,"player_choice":"Touch","damage_taken":7,"max_hp_gain":0,"max_hp_loss":0,"event_name":"FaceTrader","floor":24,"gold_loss":0},{"damage_healed":0,"gold_gain":0,"player_choice":"Got Potions","damage_taken":0,"max_hp_gain":0,"max_hp_loss":0,"event_name":"Lab","floor":38,"gold_loss":0}],"is_beta":false,"boss_relics":[{"not_picked":["Runic Pyramid","Busted Crown"],"picked":"ChewingGum"},{"not_picked":["Fusion Hammer","Coffee Dripper","Empty Cage"]}],"items_purged_floors":[],"is_endless":false,"potions_floor_spawned":[7,12,22,33,35,37],"killed_by":"Transient","ascension_level":0}}