{"host":"mgc7o2tpy0ck407l","time":1609837103,"event":{"mods":["Alarm Clock","AlwaysNeverKeys","BaseMod","Better Altar","Better Match","Better Note","Better Sensory Stone","Better Skull","Better Third Choice","Better Vampires","Block Reminder","Booster Modes","Challenge The Spire","Colored Map","Colored Powertips","Disable Question Mark Monsters","Displayed Cursed Tome","Emptier Cage","Energized Spire","Evolution","Infinite Spire","Minty Spire (QoL Compilation)","Permanent Neow","Quick Restart","Rare Cards Sparkle","Reorder Act Four","Replay The Spire","Spicy Shops","StSLib","SuperFastMode","Transform Curses","Unceasing Turn Reminder"],"gold_per_floor":[118,118,128,15,15,15,28,28,54,87,87,12,41,41,41,141,241,253,253,253,253,253,253,253,282,308,308,308,308,328,341,341,443,443,457,507,560,560,571,571,602,628,640,652,758,780,825,837,837],"floor_reached":48,"playtime":7529,"items_purged":["Defend_R","Demon Form+1"],"score":610,"play_id":"a2f5bcd5-0bc8-4195-89fa-fab70b321648","local_time":"20210105035823","is_ascension_mode":false,"campfire_choices":[{"data":"Iron Wave","floor":6.0,"key":"SMITH"},{"data":"Body Slam","floor":8.0,"key":"SMITH"},{"data":"Demon Form","floor":11.0,"key":"SMITH"},{"data":"Pummel","floor":15.0,"key":"SMITH"},{"data":"Brutality","floor":23.0,"key":"SMITH"},{"data":"Iron Wave","floor":27.0,"key":"SMITH"},{"data":"Iron Wave","floor":29.0,"key":"SMITH"},{"data":"Barricade","floor":40,"key":"SMITH"}],"circlet_count":0,"master_deck":["Iron Wave+1","Iron Wave","Iron Wave+1","Iron Wave+1","Bash","Battle Trance","Shrug It Off","Body Slam+1","Juggernaut+1","Pummel+1","Brutality+1","Bite","Warcry+1","Armaments+1","Warcry+1","Blood for Blood","Barricade+1","Iron Wave+1","Iron Wave+1","Fiend Fire+1","Impervious","Seeing Red+1","Body Slam+1","Berserk"],"relics":["Burning Blood","EVO:Axolotl","Bronze Scales","Ornamental Fan","ReplayTheSpireMod:TigerMarble","Replay:Wanted Poster","Sozu","Toy Ornithopter","Eternal Feather","infinitespire:EmpoweringShard","Blood Vial","Astrolabe","Pocketwatch","Unceasing Top","MawBank","Orichalcum","King of Hearts"],"acts_visited":["Exordium","TheCity","TheBeyond"],"potions_floor_usage":[39,39],"damage_taken":[{"damage":0.0,"enemies":"2 Louse","floor":1.0,"turns":3.0},{"damage":0.0,"enemies":"Small Slimes","floor":3.0,"turns":4.0},{"damage":0.0,"enemies":"Cultist","floor":7.0,"turns":3.0},{"damage":11.0,"enemies":"Lagavulin","floor":10.0,"turns":6.0},{"damage":9.0,"enemies":"Gremlin Nob","floor":13.0,"turns":4.0},{"damage":40.0,"enemies":"The Guardian","floor":16.0,"turns":6.0},{"damage":11.0,"enemies":"3 Byrds","floor":18.0,"turns":3.0},{"damage":12.0,"enemies":"Book of Stabbing","floor":25.0,"turns":3.0},{"damage":1.0,"enemies":"Shell Parasite","floor":30.0,"turns":2.0},{"damage":3.0,"enemies":"Centurion and Healer","floor":31.0,"turns":4.0},{"damage":15.0,"enemies":"Collector","floor":33.0,"turns":6.0},{"damage":2.0,"enemies":"Orb Walker","floor":35.0,"turns":3.0},{"damage":2.0,"enemies":"Mind Bloom Boss Battle","floor":36.0,"turns":3.0},{"damage":27,"enemies":"2 Orb Walkers","floor":37,"turns":3},{"damage":14,"enemies":"3 Darklings","floor":39,"turns":4},{"damage":30,"enemies":"R_Hoarder","floor":41,"turns":6},{"damage":2,"enemies":"Jaw Worm Horde","floor":42,"turns":3},{"damage":4,"enemies":"Transient","floor":46,"turns":5},{"damage":5,"enemies":"Giant Head","floor":47,"turns":6},{"damage":6,"enemies":"infinitespire:Three Voidlings","floor":48,"turns":3},{"damage":73,"enemies":"Nightmare_Alpha","floor":48,"turns":3}],"seed_played":"7171177399232293103","potions_obtained":[{"floor":10.0,"key":"ColorlessPotion"},{"floor":13.0,"key":"Swift Potion"},{"floor":18.0,"key":"SteroidPotion"}],"is_trial":false,"path_per_floor":["M","?","M","$","?","R","M","R","T","E","R","?","E","?","R","B",null,"M","AVR","?","T","?","R","$","E","T","R","$","R","M","M","R_BF","B",null,"M","?","?","?","M","R","E","M","T","?","?","M","E","?"],"character_chosen":"IRONCLAD","items_purchased":["Spot Weakness"],"campfire_rested":0,"item_purchase_floors":[4],"current_hp_per_floor":[80,80,80,80,80,80,80,80,80,75,75,75,72,72,72,38,80,75,75,75,75,75,75,75,69,69,75,75,75,75,75,75,69,75,75,75,54,54,70,75,60,66,66,66,48,52,57,0,0],"gold":837,"neow_bonus":"ONE_RANDOM_RARE_CARD","is_daily":false,"chose_seed":false,"campfire_upgraded":8,"win_rate":0.0,"timestamp":1609837103,"path_taken":["M","?","M","$","?","R","M","R","T","E","R","?","E","?","R","BOSS","M","AVR","?","?","?","R","$","E","T","R","$","R","?","M","R_BF","BOSS","M","?","?","?","M","R","E","M","T","?","?","?","E","?"],"items_purchased_type":["Card"],"build_version":"2020-12-22","purchased_purges":2,"victory":false,"max_hp_per_floor":[80,80,80,80,80,80,80,80,80,80,80,80,80,80,80,80,80,80,80,80,80,75,75,75,75,75,75,75,75,75,75,75,75,75,75,75,75,75,75,75,75,75,75,75,75,75,75,75,75],"card_choices":[{"not_picked":["Feel No Pain","Rampage"],"picked":"Battle Trance","floor":1.0},{"not_picked":["True Grit","Run Through"],"picked":"Shrug It Off","floor":3.0},{"not_picked":["infinitespire:OneForAll","Iron Wave"],"picked":"Body Slam","floor":7.0},{"not_picked":["Clash","Shrug It Off","Evolve"],"picked":"SKIP","floor":10.0},{"not_picked":["Demonic Infusion+1","Replay:Many Hands+1"],"picked":"Juggernaut+1","floor":12.0},{"not_picked":["Demonic Infusion+1","Eclipse+1"],"picked":"Demon Form+1","floor":12.0},{"not_picked":["Feed+1","Replay:Many Hands+1"],"picked":"Demon Form+1","floor":12.0},{"not_picked":["Abandon","Flex"],"picked":"Pummel","floor":13.0},{"not_picked":["Corruption","Fiend Fire"],"picked":"Brutality","floor":16.0},{"not_picked":["Life Link","Burning Pact","Clash"],"picked":"SKIP","floor":18.0},{"not_picked":["ReplayTheSpireMod:Strike From Hell","ReplayTheSpireMod:LeadingStrike"],"picked":"Warcry+1","floor":25.0},{"not_picked":["Shrug It Off","Iron Wave"],"picked":"Armaments+1","floor":30.0},{"not_picked":["Flex","Wild Strike"],"picked":"Warcry+1","floor":31.0},{"not_picked":["Brutality","Immolate"],"picked":"Barricade","floor":33.0},{"not_picked":["Dark Embrace+1","Warcry+1","Headbutt+1"],"picked":"SKIP","floor":35.0},{"not_picked":["Pommel Strike+1","Clothesline+1"],"picked":"Impervious","floor":36.0},{"not_picked":["Cleave+1","ReplayTheSpireMod:Limb From Limb+1"],"picked":"Seeing Red+1","floor":39},{"not_picked":["Replay:Undeath\u0027s Touch","Burning Pact+1","Perfected Strike+1"],"picked":"SKIP","floor":41},{"not_picked":["Anger+1","Bloodletting+1","Headbutt+1"],"picked":"SKIP","floor":42},{"not_picked":["Wild Strike","Headbutt+1"],"picked":"Body Slam+1","floor":45},{"not_picked":["Rupture","Carnage+1","Perfected Strike+1"],"picked":"SKIP","floor":46},{"not_picked":["Rage+1","Dual Wield"],"picked":"Berserk","floor":47}],"player_experience":724608,"relics_obtained":[{"floor":9.0,"key":"Bronze Scales"},{"floor":10.0,"key":"Ornamental Fan"},{"floor":13.0,"key":"ReplayTheSpireMod:TigerMarble"},{"floor":21.0,"key":"Eternal Feather"},{"floor":25.0,"key":"infinitespire:EmpoweringShard"},{"floor":26.0,"key":"Blood Vial"},{"floor":36.0,"key":"Pocketwatch"},{"floor":37,"key":"Unceasing Top"},{"floor":41,"key":"MawBank"},{"floor":43,"key":"Orichalcum"},{"floor":47,"key":"King of Hearts"}],"event_choices":[{"cards_removed":["Defend_R"],"damage_healed":0.0,"max_hp_gain":0.0,"max_hp_loss":0.0,"gold_gain":0.0,"event_name":"Living Wall","player_choice":"Forget","floor":5.0,"gold_loss":0.0,"damage_taken":0.0},{"damage_healed":0.0,"max_hp_gain":0.0,"max_hp_loss":0.0,"gold_gain":0.0,"event_name":"betterMatch:BetterMatch","player_choice":"3","floor":12.0,"gold_loss":0.0,"damage_taken":0.0,"cards_obtained":["betterMatch:RareCard"]},{"damage_healed":0.0,"max_hp_gain":0.0,"max_hp_loss":0.0,"gold_gain":0.0,"event_name":"The Cleric","player_choice":"Leave","floor":14.0,"gold_loss":0.0,"damage_taken":0.0},{"cards_removed":["Spot Weakness"],"damage_healed":0.0,"max_hp_gain":0.0,"max_hp_loss":0.0,"gold_gain":0.0,"event_name":"betterNote:BetterNote","player_choice":"Give","floor":20.0,"gold_loss":0.0,"damage_taken":0.0,"cards_obtained":["Strike_R"]},{"damage_healed":0.0,"max_hp_gain":0.0,"max_hp_loss":5.0,"gold_gain":0.0,"event_name":"Vampires","player_choice":"Became a vampire","floor":22.0,"gold_loss":0.0,"damage_taken":0.0,"cards_obtained":["Bite"]},{"damage_healed":0.0,"max_hp_gain":0.0,"max_hp_loss":0.0,"gold_gain":0.0,"event_name":"MindBloom","player_choice":"Fight","floor":36.0,"gold_loss":0.0,"damage_taken":0.0},{"damage_healed":0,"gold_gain":0,"player_choice":"Fight","damage_taken":0,"max_hp_gain":0,"max_hp_loss":0,"event_name":"Mysterious Sphere","floor":37,"gold_loss":0},{"damage_healed":0,"gold_gain":0,"player_choice":"Ignored","damage_taken":0,"max_hp_gain":0,"max_hp_loss":0,"event_name":"Tomb of Lord Red Mask","floor":38,"gold_loss":0}],"is_beta":false,"boss_relics":[{"not_picked":["SacredBark","Runic Dome"],"picked":"Replay:Wanted Poster"},{"not_picked":["Honey Jar","Ring of Chaos"],"picked":"Astrolabe"}],"items_purged_floors":[4,19],"is_endless":false,"potions_floor_spawned":[10,13,18,25,35,36,37,47],"killed_by":"Nightmare_Alpha","ascension_level":0}}