{"host":"h4lp0eeso8a0ssq0","time":1609814585,"event":{"mods":["2.2 Compatiblity","AchievementEnabler","BaseMod","CapriCore","Colored Map","Minty Spire (QoL Compilation)","StSLib","SuperFastMode"],"gold_per_floor":[118,43,43,118,138,171,187,202,202,202,221,236,265,265,265,363,363,380,396,66,80,95,121,121,121,121,144,243,243,266,308,308,419,419,429,429,429,453,218,218,33,42,68,86,107,135,135,155,155,155,155],"floor_reached":50,"playtime":1590,"items_purged":["Strike_B","Strike_B","Strike_B"],"score":521,"play_id":"d87879a9-133a-4553-8418-df8911f3c9b0","local_time":"20210105114305","is_ascension_mode":false,"campfire_choices":[{"data":"Zap","floor":10.0,"key":"SMITH"},{"data":"Dualcast","floor":15.0,"key":"SMITH"},{"floor":29.0,"key":"REST"},{"floor":32.0,"key":"REST"},{"data":"Gash","floor":40.0,"key":"SMITH"},{"floor":47,"key":"REST"},{"floor":49,"key":"REST"}],"circlet_count":0,"master_deck":["Defend_B","Defend_B","Defend_B","Defend_B","Zap+1","Dualcast+1","Glacier","Cold Snap","Skim","Melter","All For One","Ball Lightning","FTL","Reboot","Streamline","Rebound+1","Gash+1","Capacitor","Auto Shields+1","Defragment","Beam Cell+1","Machine Learning","White Noise+1","Gash+1","Gash","Blind","Beam Cell+1","Go for the Eyes","Static Discharge"],"relics":["Cracked Core","NeowsBlessing","Lantern","StrikeDummy","Juzu Bracelet","Anchor","Black Star","ClockworkSouvenir","Nunchaku","CeramicFish","Dead Branch","Question Card","Pen Nib","Smiling Mask","Singing Bowl","Philosopher\u0027s Stone","Bag of Preparation","Oddly Smooth Stone"],"acts_visited":["Exordium","TheCity","TheBeyond"],"potions_floor_usage":[50],"damage_taken":[{"damage":0.0,"enemies":"Cultist","floor":1.0,"turns":1.0},{"damage":0.0,"enemies":"2 Louse","floor":5.0,"turns":1.0},{"damage":0.0,"enemies":"3 Sentries","floor":6.0,"turns":1.0},{"damage":3.0,"enemies":"Small Slimes","floor":7.0,"turns":3.0},{"damage":2.0,"enemies":"2 Fungi Beasts","floor":8.0,"turns":4.0},{"damage":0.0,"enemies":"Looter","floor":11.0,"turns":3.0},{"damage":11.0,"enemies":"Exordium Thugs","floor":12.0,"turns":3.0},{"damage":5.0,"enemies":"Lagavulin","floor":13.0,"turns":6.0},{"damage":0.0,"enemies":"Gremlin Gang","floor":14.0,"turns":1.0},{"damage":6.0,"enemies":"Slime Boss","floor":16.0,"turns":7.0},{"damage":0.0,"enemies":"Shell Parasite","floor":18.0,"turns":4.0},{"damage":0.0,"enemies":"Chosen","floor":19.0,"turns":4.0},{"damage":0.0,"enemies":"Sentry and Sphere","floor":21.0,"turns":3.0},{"damage":0.0,"enemies":"Centurion and Healer","floor":22.0,"turns":5.0},{"damage":36.0,"enemies":"Slavers","floor":23.0,"turns":7.0},{"damage":0.0,"enemies":"Cultist and Chosen","floor":30.0,"turns":4.0},{"damage":42.0,"enemies":"Book of Stabbing","floor":31.0,"turns":5.0},{"damage":36.0,"enemies":"Automaton","floor":33.0,"turns":8.0},{"damage":4.0,"enemies":"Orb Walker","floor":35.0,"turns":3.0},{"damage":0.0,"enemies":"3 Shapes","floor":38.0,"turns":4.0},{"damage":14,"enemies":"Writhing Mass","floor":44,"turns":4},{"damage":15,"enemies":"Transient","floor":45,"turns":5},{"damage":31,"enemies":"3 Darklings","floor":46,"turns":5},{"damage":12,"enemies":"Jaw Worm Horde","floor":48,"turns":3},{"damage":39,"enemies":"Time Eater","floor":50,"turns":4}],"seed_played":"-1663088446542727448","potions_obtained":[{"floor":1.0,"key":"EssenceOfSteel"},{"floor":5.0,"key":"SmokeBomb"},{"floor":6.0,"key":"PotionOfCapacity"},{"floor":16.0,"key":"SpeedPotion"},{"floor":25.0,"key":"EssenceOfDarkness"},{"floor":25.0,"key":"Weak Potion"},{"floor":33.0,"key":"Energy Potion"},{"floor":35.0,"key":"LiquidBronze"},{"floor":44,"key":"FearPotion"}],"is_trial":false,"path_per_floor":["M","$","?","?","M","E","M","M","T","R","M","M","E","M","R","B",null,"M","M","$","M","M","E","?","?","T","T","?","R","M","E","R","B",null,"M","?","?","M","$","R","$","?","T","M","M","M","R","M","R","B"],"character_chosen":"DEFECT","items_purchased":["Gash","ClockworkSouvenir","Nunchaku","Gash","Bag of Preparation","Gash","Fruit Juice"],"campfire_rested":4,"item_purchase_floors":[20,20,20,39,39,41,41],"current_hp_per_floor":[75,75,72,61,61,61,58,56,56,56,56,45,40,40,40,34,75,75,75,75,75,75,39,39,39,39,39,39,61,61,19,41,5,75,73,73,73,73,73,73,78,78,78,66,51,20,45,33,58,19,19],"gold":155,"neow_bonus":"THREE_ENEMY_KILL","is_daily":false,"chose_seed":false,"campfire_upgraded":3,"win_rate":0.0,"timestamp":1609814585,"path_taken":["M","?","?","?","M","E","M","M","T","R","M","M","E","M","R","BOSS","M","M","$","M","M","E","?","?","T","?","?","R","M","E","R","BOSS","M","?","?","M","$","R","$","?","T","M","M","M","R","M","R","BOSS"],"items_purchased_type":["Card","Relic","Relic","Card","Relic","Card","Potion"],"build_version":"2020-12-22","purchased_purges":3,"victory":false,"max_hp_per_floor":[75,75,75,75,75,75,75,75,75,75,75,75,75,75,75,75,75,75,75,75,75,75,75,75,75,75,75,75,75,75,75,75,75,75,77,77,77,77,77,77,82,82,82,84,84,84,84,84,84,84,84],"card_choices":[{"not_picked":["Rip and Tear","Cold Snap"],"picked":"Glacier","floor":1.0},{"not_picked":["Compile Driver","Double Energy"],"picked":"Cold Snap","floor":5.0},{"not_picked":["Self Repair","Streamline"],"picked":"Skim","floor":6.0},{"not_picked":["Heatsinks","Beam Cell"],"picked":"Melter","floor":7.0},{"not_picked":["Go for the Eyes","Hello World"],"picked":"All For One","floor":8.0},{"not_picked":["Cold Snap","Stack"],"picked":"Ball Lightning","floor":11.0},{"not_picked":["Turbo","Consume","Thunder Strike"],"picked":"SKIP","floor":12.0},{"not_picked":["Hologram","Rebound"],"picked":"FTL","floor":13.0},{"not_picked":["Amplify","Meteor Strike"],"picked":"Reboot","floor":16.0},{"not_picked":["Steam","Ball Lightning"],"picked":"Streamline","floor":18.0},{"not_picked":["Leap","Cold Snap"],"picked":"Rebound+1","floor":19.0},{"not_picked":["Conserve Battery","Undo"],"picked":"Capacitor","floor":21.0},{"not_picked":["Ball Lightning+1","Rebound"],"picked":"Auto Shields+1","floor":22.0},{"not_picked":["Meteor Strike","Barrage","Leap"],"picked":"SKIP","floor":23.0},{"not_picked":["Heatsinks","Darkness","Stack"],"picked":"Defragment","floor":30.0},{"not_picked":["Consume","Buffer","Double Energy"],"picked":"Beam Cell+1","floor":31.0},{"not_picked":["Echo Form","Seek","Buffer"],"picked":"Machine Learning","floor":33.0},{"not_picked":["Compile Driver+1","Darkness+1","Ball Lightning","Rebound+1"],"picked":"Singing Bowl","floor":35.0},{"not_picked":["Skim","Ball Lightning","Turbo+1"],"picked":"White Noise+1","floor":38.0},{"not_picked":["Impatience","Enlightenment","Trip"],"picked":"Blind","floor":42.0},{"not_picked":["Rebound","Ball Lightning","Turbo","Cold Snap+1"],"picked":"Singing Bowl","floor":44},{"not_picked":["Stack","Heatsinks+1","Genetic Algorithm"],"picked":"Beam Cell+1","floor":45},{"not_picked":["Darkness","Conserve Battery+1","Hologram+1"],"picked":"Go for the Eyes","floor":46},{"not_picked":["Turbo+1","Stack+1","Leap+1"],"picked":"Static Discharge","floor":48}],"player_experience":62915,"relics_obtained":[{"floor":6.0,"key":"StrikeDummy"},{"floor":9.0,"key":"Juzu Bracelet"},{"floor":13.0,"key":"Anchor"},{"floor":23.0,"key":"CeramicFish"},{"floor":23.0,"key":"Dead Branch"},{"floor":26.0,"key":"Question Card"},{"floor":27.0,"key":"Pen Nib"},{"floor":31.0,"key":"Smiling Mask"},{"floor":31.0,"key":"Singing Bowl"},{"floor":43.0,"key":"Oddly Smooth Stone"}],"event_choices":[{"damage_healed":0.0,"max_hp_gain":0.0,"max_hp_loss":0.0,"gold_gain":0.0,"event_name":"Scrap Ooze","player_choice":"Success","floor":3.0,"gold_loss":0.0,"damage_taken":3.0,"relics_obtained":["Lantern"]},{"damage_healed":0.0,"max_hp_gain":0.0,"max_hp_loss":0.0,"gold_gain":75.0,"event_name":"World of Goop","player_choice":"Gather Gold","floor":4.0,"gold_loss":0.0,"damage_taken":11.0},{"damage_healed":0.0,"max_hp_gain":0.0,"max_hp_loss":0.0,"gold_gain":0.0,"event_name":"Upgrade Shrine","player_choice":"Upgraded","floor":24.0,"gold_loss":0.0,"damage_taken":0.0,"cards_upgraded":["Gash"]},{"damage_healed":0.0,"max_hp_gain":0.0,"max_hp_loss":0.0,"gold_gain":0.0,"event_name":"Lab","player_choice":"Got Potions","floor":25.0,"gold_loss":0.0,"damage_taken":0.0},{"damage_healed":0.0,"max_hp_gain":0.0,"max_hp_loss":0.0,"gold_gain":99.0,"event_name":"Nest","player_choice":"Stole From Cult","floor":28.0,"gold_loss":0.0,"damage_taken":0.0},{"cards_removed":["Strike_B"],"damage_healed":0.0,"max_hp_gain":0.0,"max_hp_loss":0.0,"gold_gain":0.0,"event_name":"Falling","player_choice":"Removed Attack","floor":36.0,"gold_loss":0.0,"damage_taken":0.0},{"damage_healed":0.0,"max_hp_gain":0.0,"max_hp_loss":0.0,"gold_gain":0.0,"event_name":"Mysterious Sphere","player_choice":"Ignored","floor":37.0,"gold_loss":0.0,"damage_taken":0.0},{"damage_healed":0.0,"max_hp_gain":0.0,"max_hp_loss":0.0,"gold_gain":0.0,"event_name":"SensoryStone","player_choice":"Memory 1","floor":42.0,"gold_loss":0.0,"damage_taken":0.0}],"is_beta":false,"boss_relics":[{"not_picked":["FrozenCore","Busted Crown"],"picked":"Black Star"},{"not_picked":["Pandora\u0027s Box","Velvet Choker"],"picked":"Philosopher\u0027s Stone"}],"items_purged_floors":[2,39,41],"is_endless":false,"potions_floor_spawned":[1,5,6,13,14,16,18,19,21,30,33,35,44,45],"killed_by":"Time Eater","ascension_level":0}}