{"host":"zcz0awyw9el3eccp","time":1609886528,"event":{"mods":["AchievementEnabler","BaseMod","Colored Powertips","Minty Spire (QoL Compilation)","Quick Restart"],"gold_per_floor":[111,111,122,134,150,150,6,39,39,39,67,82,98,125,125,221,221,233,10,10,30,30,30,59,59,86,97,116,133,159,259,259,360,410,429,89,99,110,110,135,135,167,190,222,241,241,59,73,73,73,73,73,32,65,65],"floor_reached":56,"playtime":4041,"items_purged":["Strike_G","Strike_G","Wraith Form v2","Defend_G"],"score":1453,"play_id":"e227482f-e8ef-4e69-b9fd-e9c991d3d779","local_time":"20210105234208","is_ascension_mode":true,"campfire_choices":[{"floor":6,"key":"RECALL"},{"data":"Infinite Blades","floor":15,"key":"SMITH"},{"data":"After Image","floor":23,"key":"SMITH"},{"data":"Bullet Time","floor":25,"key":"SMITH"},{"data":"Infinite Blades","floor":32,"key":"SMITH"},{"data":"Phantasmal Killer","floor":41,"key":"SMITH"},{"data":"After Image","floor":46,"key":"SMITH"},{"data":"Accuracy","floor":49,"key":"SMITH"},{"data":"Cloak And Dagger","floor":52,"key":"SMITH"}],"circlet_count":0,"master_deck":["Defend_G","Defend_G","Defend_G","Defend_G","Survivor","Quick Slash","Flying Knee","Sucker Punch","Unload","Backflip+1","Infinite Blades+1","Masterful Stab","Backstab","Die Die Die","Bullet Time+1","Backflip","Infinite Blades+1","Flying Knee","After Image+1","Leg Sweep","Discovery","Sucker Punch+1","Quick Slash","Finisher","Dodge and Roll","Leg Sweep","Accuracy+1","Phantasmal Killer+1","Accuracy+1","Endless Agony","Blade Dance+1","Poisoned Stab+1","Cloak And Dagger+1","Sucker Punch+1","After Image+1","Backflip+1","Masterful Stab","Poisoned Stab","Deflect","PiercingWail+1","Infinite Blades","Cloak And Dagger+1"],"relics":["Ring of the Snake","Omamori","Blood Vial","Mummified Hand","Incense Burner","Sundial","Coffee Dripper","Meat on the Bone","Oddly Smooth Stone","Smiling Mask","Unceasing Top","Gremlin Horn","Tiny House","Ornamental Fan","Toy Ornithopter","Anchor","Darkstone Periapt","Bottled Lightning"],"acts_visited":["Exordium","TheCity","TheBeyond","TheEnding"],"potions_floor_usage":[8,16,16,30,31,33,42,45,48,55],"damage_taken":[{"damage":9,"enemies":"Jaw Worm","floor":1,"turns":6},{"damage":0,"enemies":"Cultist","floor":3,"turns":5},{"damage":0,"enemies":"Small Slimes","floor":4,"turns":3},{"damage":1,"enemies":"Red Slaver","floor":5,"turns":4},{"damage":9,"enemies":"Gremlin Nob","floor":8,"turns":4},{"damage":8,"enemies":"Lagavulin","floor":11,"turns":8},{"damage":0,"enemies":"3 Louse","floor":12,"turns":5},{"damage":0,"enemies":"Blue Slaver","floor":13,"turns":3},{"damage":3,"enemies":"Gremlin Nob","floor":14,"turns":3},{"damage":11,"enemies":"The Guardian","floor":16,"turns":14},{"damage":0,"enemies":"3 Byrds","floor":18,"turns":4},{"damage":0,"enemies":"Chosen","floor":21,"turns":4},{"damage":0,"enemies":"Book of Stabbing","floor":24,"turns":6},{"damage":0,"enemies":"Snecko","floor":27,"turns":5},{"damage":0,"enemies":"Snake Plant","floor":28,"turns":5},{"damage":0,"enemies":"Chosen and Byrds","floor":29,"turns":5},{"damage":0,"enemies":"Gremlin Leader","floor":30,"turns":5},{"damage":0,"enemies":"Colosseum Slavers","floor":31,"turns":4},{"damage":0,"enemies":"Colosseum Nobs","floor":31,"turns":3},{"damage":22,"enemies":"Champ","floor":33,"turns":10},{"damage":0,"enemies":"3 Darklings","floor":35,"turns":5},{"damage":0,"enemies":"Orb Walker","floor":37,"turns":2},{"damage":16,"enemies":"Sphere and 2 Shapes","floor":38,"turns":5},{"damage":0,"enemies":"Reptomancer","floor":40,"turns":4},{"damage":0,"enemies":"Nemesis","floor":42,"turns":5},{"damage":0,"enemies":"Giant Head","floor":44,"turns":6},{"damage":0,"enemies":"3 Darklings","floor":45,"turns":2},{"damage":0,"enemies":"Jaw Worm Horde","floor":48,"turns":3},{"damage":1,"enemies":"Donu and Deca","floor":50,"turns":10},{"damage":0,"enemies":"Shield and Spear","floor":54,"turns":6},{"damage":55,"enemies":"The Heart","floor":55,"turns":10}],"seed_played":"-1976874136430494571","potions_obtained":[{"floor":5,"key":"FearPotion"},{"floor":8,"key":"Ancient Potion"},{"floor":10,"key":"AttackPotion"},{"floor":10,"key":"FearPotion"},{"floor":12,"key":"Swift Potion"},{"floor":13,"key":"EssenceOfSteel"},{"floor":16,"key":"Dexterity Potion"},{"floor":24,"key":"SkillPotion"},{"floor":27,"key":"DuplicationPotion"},{"floor":30,"key":"Swift Potion"},{"floor":31,"key":"FairyPotion"},{"floor":34,"key":"ColorlessPotion"},{"floor":35,"key":"Poison Potion"},{"floor":38,"key":"Swift Potion"},{"floor":42,"key":"Poison Potion"},{"floor":45,"key":"Explosive Potion"}],"is_trial":false,"path_per_floor":["M","?","M","M","M","R","$","E","T","?","E","M","M","E","R","B",null,"M","$","?","M","?","R","E","R","T","M","M","M","E","?","R","B",null,"M","$","M","M","?","E","R","E","T","E","M","R","$","M","R","B",null,"R","$","E","B",null],"character_chosen":"THE_SILENT","items_purchased":["Unload","Infinite Blades","Flying Knee","Ornamental Fan","Endless Agony","Masterful Stab","Poisoned Stab","Deflect","Infinite Blades"],"campfire_rested":0,"item_purchase_floors":[7,19,19,36,36,47,47,47,53],"current_hp_per_floor":[61,61,61,61,60,60,60,51,51,51,45,47,49,48,48,39,70,70,70,70,70,58,58,60,60,60,62,64,66,68,70,70,48,75,75,75,75,59,59,61,61,68,68,70,75,75,75,75,75,74,75,75,75,75,32],"gold":65,"neow_bonus":"RANDOM_COMMON_RELIC","is_daily":false,"chose_seed":false,"campfire_upgraded":8,"win_rate":0.0,"timestamp":1609886528,"path_taken":["M","?","?","M","M","R","$","E","T","?","E","M","?","E","R","BOSS","M","$","?","M","?","R","E","R","T","?","M","M","E","?","R","BOSS","M","$","M","M","?","E","R","E","T","E","M","R","$","M","R","BOSS","R","$","E","BOSS"],"items_purchased_type":["Card","Card","Card","Relic","Card","Card","Card","Card","Card"],"build_version":"2020-12-22","purchased_purges":4,"victory":true,"max_hp_per_floor":[70,70,70,70,70,70,70,70,70,70,70,70,70,70,70,70,70,70,70,70,70,70,70,70,70,70,70,70,70,70,70,70,70,75,75,75,75,75,75,75,75,75,75,75,75,75,75,75,75,75,75,75,75,75,75],"card_choices":[{"not_picked":["Acrobatics","Blade Dance"],"picked":"Quick Slash","floor":1},{"not_picked":["Prepared","Deadly Poison"],"picked":"Flying Knee","floor":3},{"not_picked":["Underhanded Strike","Deadly Poison"],"picked":"Sucker Punch","floor":4},{"not_picked":["Choke","Calculated Gamble","Crippling Poison"],"picked":"SKIP","floor":5},{"not_picked":["Deadly Poison","Adrenaline"],"picked":"Backflip","floor":8},{"not_picked":["Acrobatics","Calculated Gamble"],"picked":"Infinite Blades","floor":11},{"not_picked":["Underhanded Strike","Bane"],"picked":"Masterful Stab","floor":12},{"not_picked":["Escape Plan","Expertise"],"picked":"Backstab","floor":13},{"not_picked":["Quick Slash","Endless Agony"],"picked":"Die Die Die","floor":14},{"not_picked":["A Thousand Cuts","Wraith Form v2"],"picked":"Bullet Time","floor":16},{"not_picked":["Heel Hook","Prepared+1"],"picked":"Backflip","floor":18},{"not_picked":["Flechettes+1","Underhanded Strike"],"picked":"Leg Sweep","floor":21},{"not_picked":["Caltrops","Backflip"],"picked":"Sucker Punch+1","floor":24},{"not_picked":["Poisoned Stab","Blade Dance"],"picked":"Quick Slash","floor":27},{"not_picked":["PiercingWail","Prepared"],"picked":"Finisher","floor":28},{"not_picked":["Tactician","Envenom"],"picked":"Dodge and Roll","floor":29},{"not_picked":["Reflex","Flechettes"],"picked":"Leg Sweep","floor":30},{"not_picked":["Underhanded Strike+1","All Out Attack"],"picked":"Accuracy","floor":31},{"not_picked":["Burst","Malaise"],"picked":"Phantasmal Killer","floor":33},{"not_picked":["Blur","Skewer+1"],"picked":"Accuracy+1","floor":35},{"not_picked":["Outmaneuver+1","Deadly Poison"],"picked":"Blade Dance+1","floor":37},{"not_picked":["Slice+1","Sucker Punch"],"picked":"Poisoned Stab+1","floor":38},{"not_picked":["All Out Attack+1","Backflip"],"picked":"Cloak And Dagger","floor":40},{"not_picked":["Bouncing Flask+1","Backstab+1"],"picked":"Sucker Punch+1","floor":42},{"not_picked":["Infinite Blades","Calculated Gamble+1"],"picked":"After Image","floor":44},{"not_picked":["Skewer","Deflect"],"picked":"Backflip+1","floor":45},{"not_picked":["Sucker Punch","Predator"],"picked":"PiercingWail+1","floor":48},{"not_picked":["All Out Attack+1","Underhanded Strike"],"picked":"Cloak And Dagger+1","floor":54}],"player_experience":79803,"relics_obtained":[{"floor":8,"key":"Blood Vial"},{"floor":9,"key":"Mummified Hand"},{"floor":11,"key":"Incense Burner"},{"floor":14,"key":"Sundial"},{"floor":24,"key":"Meat on the Bone"},{"floor":26,"key":"Oddly Smooth Stone"},{"floor":30,"key":"Smiling Mask"},{"floor":31,"key":"Unceasing Top"},{"floor":31,"key":"Gremlin Horn"},{"floor":40,"key":"Toy Ornithopter"},{"floor":42,"key":"Anchor"},{"floor":44,"key":"Darkstone Periapt"},{"floor":54,"key":"Bottled Lightning"}],"event_choices":[{"cards_removed":["Strike_G"],"damage_healed":0,"gold_gain":0,"player_choice":"Purged","damage_taken":0,"max_hp_gain":0,"max_hp_loss":0,"event_name":"Purifier","floor":2,"gold_loss":0},{"damage_healed":0,"gold_gain":0,"player_choice":"Got Potions","damage_taken":0,"max_hp_gain":0,"max_hp_loss":0,"event_name":"Lab","floor":10,"gold_loss":0},{"damage_healed":0,"gold_gain":0,"cards_transformed":["Strike_G","Strike_G"],"player_choice":"Became Test Subject","damage_taken":0,"max_hp_gain":0,"max_hp_loss":0,"event_name":"Drug Dealer","floor":20,"gold_loss":0,"cards_obtained":["Wraith Form v2","After Image"]},{"damage_healed":0,"gold_gain":0,"player_choice":"CARD ","damage_taken":12,"max_hp_gain":0,"max_hp_loss":0,"event_name":"Knowing Skull","floor":22,"potions_obtained":[],"gold_loss":0,"cards_obtained":["Discovery"]},{"damage_healed":0,"gold_gain":0,"player_choice":"Fight","damage_taken":0,"max_hp_gain":0,"max_hp_loss":0,"event_name":"Colosseum","floor":31,"gold_loss":0},{"damage_healed":0,"gold_gain":0,"player_choice":"Fought Nobs","damage_taken":0,"max_hp_gain":0,"max_hp_loss":0,"event_name":"Colosseum","floor":31,"gold_loss":0},{"cards_removed":["Neutralize"],"damage_healed":0,"gold_gain":0,"player_choice":"Removed Attack","damage_taken":0,"max_hp_gain":0,"max_hp_loss":0,"event_name":"Falling","floor":39,"gold_loss":0}],"is_beta":false,"boss_relics":[{"not_picked":["Cursed Key","Ectoplasm"],"picked":"Coffee Dripper"},{"not_picked":["Runic Dome","HoveringKite"],"picked":"Tiny House"}],"items_purged_floors":[7,19,36,47],"is_endless":false,"potions_floor_spawned":[5,8,12,13,16,24,27,30,31,35,38,42,45],"ascension_level":1}}