{"host":"5fasz840ryq7obdf","time":1609806569,"event":{"mods":["2.2 Compatiblity","AchievementEnabler","BaseMod","Bestiary","Better Altar","Better Skull","Better Third Choice","BetterRewards","Block Reminder","Colored Powertips","Curses Come First","Downfall","Minty Spire (QoL Compilation)","Quick Restart","Relic Sorter","Relic Stats","Shop Mod","Spicy Shops","StSLib","SuperFastMode","ojb\u0027s Better Paths Mod","ojb\u0027s Info Mod"],"gold_per_floor":[99,115,125,125,125,150,150,150,161,11,27,12,42,42,52,52,52,52],"floor_reached":16,"playtime":2425,"items_purged":[],"score":116,"play_id":"4f73420a-1a4f-4b79-8e54-edca2aef892b","local_time":"20210105002929","is_ascension_mode":true,"campfire_choices":[{"floor":1.0,"key":"RECALL"},{"floor":10.0,"key":"REST"}],"circlet_count":0,"master_deck":["Guardian:Strike_Guardian","Guardian:Strike_Guardian+1","Guardian:Strike_Guardian","Guardian:Defend_Guardian","Guardian:Defend_Guardian+1","Guardian:Defend_Guardian","Guardian:Defend_Guardian","Guardian:CurlUp+1","Guardian:TwinSlam","Regret","Guardian:PrismaticBeam","Guardian:Gem_Red","Guardian:CrystalBeam","Guardian:Gem_Red","Guardian:ExploitGems"],"relics":["Philosopher\u0027s Stone","StrikeDummy","Gremlin Horn","Ancient Tea Set","downfall:HeartBlessingGreen","downfall:HeartBlessingRed","Smiling Mask"],"acts_visited":[],"potions_floor_usage":[16,16],"damage_taken":[{"damage":3.0,"enemies":"Small Slimes","floor":2.0,"turns":4.0},{"damage":0.0,"enemies":"2 Louse","floor":3.0,"turns":3.0},{"damage":67.0,"enemies":"Gremlin Nob","floor":6.0,"turns":6.0},{"damage":0.0,"enemies":"Jaw Worm","floor":9.0,"turns":2.0},{"damage":1.0,"enemies":"3 Louse","floor":11.0,"turns":2.0},{"damage":1.0,"enemies":"downfall:FleeingMerchant","floor":12.0,"turns":4.0},{"damage":11.0,"enemies":"Lagavulin","floor":13.0,"turns":5.0},{"damage":8.0,"enemies":"Blue Slaver","floor":15.0,"turns":2.0},{"damage":15,"enemies":"downfall:Ironclad","floor":16,"turns":7}],"seed_played":"-16300645958760122","potions_obtained":[{"floor":6.0,"key":"Block Potion"},{"floor":13.0,"key":"GamblersBrew"}],"is_trial":false,"path_per_floor":["R","M","M","?","?","E","T","?","M","R","M","$","E","?","M","B"],"character_chosen":"GUARDIAN","items_purchased":[],"campfire_rested":1,"item_purchase_floors":[],"current_hp_per_floor":[80,77,77,77,77,10,10,10,10,34,33,32,21,21,13,0,0,0],"gold":52,"neow_bonus":"BOSS_RELIC","is_daily":false,"chose_seed":false,"campfire_upgraded":0,"win_rate":0.0,"timestamp":1609806569,"path_taken":["R","M","M","?","?","E","T","?","?","R","M","$","E","?","M","BOSS"],"items_purchased_type":[],"build_version":"2020-12-22","purchased_purges":0,"victory":false,"max_hp_per_floor":[80,80,80,80,80,80,80,80,80,80,80,80,80,80,80,80,80,80],"relic_stats":{"Gremlin Horn":[2,2],"counters":[9,35],"Smiling Mask":0,"obtain_stats":[{"Gremlin Horn":6,"downfall:HeartBlessingRed":10,"Guardian:ModeShifter":0,"Philosopher\u0027s Stone":0,"downfall:HeartBlessingGreen":10,"StrikeDummy":4,"Ancient Tea Set":7,"Smiling Mask":13},{"Gremlin Horn":3,"downfall:HeartBlessingRed":4,"Guardian:ModeShifter":0,"Philosopher\u0027s Stone":0,"downfall:HeartBlessingGreen":4,"StrikeDummy":2,"Ancient Tea Set":3,"Smiling Mask":7},{"Gremlin Horn":13,"downfall:HeartBlessingRed":15,"Guardian:ModeShifter":0,"Philosopher\u0027s Stone":0,"downfall:HeartBlessingGreen":15,"StrikeDummy":7,"Ancient Tea Set":13,"Smiling Mask":26}]},"card_choices":[{"not_picked":["Guardian:TemporalStrike","Guardian:CrystalBeam"],"picked":"Guardian:Gem_Cyan","floor":2.0},{"not_picked":["Guardian:VentSteam","Guardian:Repulse"],"picked":"Guardian:Gem_Purple","floor":3.0},{"not_picked":["Guardian:ShieldSpikes","Guardian:TimeSifter","Guardian:Reroute"],"picked":"SKIP","floor":6.0},{"not_picked":["Guardian:Preprogram","Guardian:Incinerate"],"picked":"Guardian:PrismaticBeam","floor":9.0},{"not_picked":["Guardian:ChargeCore","Guardian:Planning"],"picked":"Guardian:Gem_Red","floor":11.0},{"not_picked":["Guardian:Incinerate","Guardian:ShieldCharger"],"picked":"Guardian:CrystalBeam","floor":12.0},{"not_picked":["Guardian:VentSteam","Guardian:ShieldSpikes"],"picked":"Guardian:Gem_Red","floor":13.0},{"not_picked":["Guardian:Planning","Guardian:WalkerClaw"],"picked":"Guardian:ExploitGems","floor":15.0}],"player_experience":1513858,"relics_obtained":[{"floor":6.0,"key":"Gremlin Horn"},{"floor":7.0,"key":"Ancient Tea Set"},{"floor":13.0,"key":"Smiling Mask"}],"event_choices":[{"damage_healed":0.0,"max_hp_gain":0.0,"max_hp_loss":0.0,"gold_gain":0.0,"event_name":"Big Fish","player_choice":"Box","floor":4.0,"gold_loss":0.0,"damage_taken":0.0,"relics_obtained":["StrikeDummy"],"cards_obtained":["Regret"]}],"is_beta":false,"boss_relics":[],"items_purged_floors":[],"is_endless":false,"potions_floor_spawned":[6,13],"killed_by":"downfall:Ironclad","ascension_level":1}}