{"host":"rz01j32460kf2mtw","time":1609816461,"event":{"mods":["BaseMod","Downfall","Minty Spire (QoL Compilation)","Quick Restart","StSLib"],"gold_per_floor":[149,159,173,173,10,10,87,121,121,136,136,136,161,161,176,278,278,278,297,313,329,329,329,329],"floor_reached":23,"playtime":1418,"items_purged":["bronze:Strike"],"score":199,"play_id":"f109413c-9e81-45a9-a553-6f4cc29fdde0","local_time":"20210104201421","is_ascension_mode":false,"campfire_choices":[{"data":"bronze:Terminator","floor":1,"key":"SMITH"},{"data":"bronze:SearingBeam","floor":6,"key":"SMITH"},{"data":"bronze:SpaghettiCode","floor":9,"key":"SMITH"},{"floor":12,"key":"REST"},{"data":"bronze:SearingBeam+1","floor":18,"key":"SMITH"}],"circlet_count":0,"master_deck":["bronze:Strike+1","bronze:Strike","bronze:Strike","bronze:Defend","bronze:Defend","bronze:Defend","bronze:Defend","bronze:Replicate","bronze:Goto","bronze:Terminator+1","bronze:Iterate","bronze:SearingBeam+2","bronze:SpaghettiCode+1","bronze:Boost","bronze:Optimize+1","bronze:Repair","bronze:Overload","bronze:AlphaBuild","CurseOfTheBell","bronze:Terminator","bronze:FineTuning+1"],"relics":["Tiny House","Bottled Flame","Darkstone Periapt","Thread and Needle","Kunai","Calling Bell","Ancient Tea Set","Question Card","Unceasing Top"],"acts_visited":["Exordium","TheCity"],"potions_floor_usage":[8,13,16,21],"damage_taken":[{"damage":10,"enemies":"Small Slimes","floor":2,"turns":2},{"damage":3,"enemies":"Jaw Worm","floor":3,"turns":4},{"damage":5,"enemies":"downfall:FleeingMerchant","floor":5,"turns":4},{"damage":9,"enemies":"Lagavulin","floor":8,"turns":5},{"damage":0,"enemies":"2 Louse","floor":10,"turns":2},{"damage":9,"enemies":"3 Sentries","floor":13,"turns":6},{"damage":4,"enemies":"Exordium Wildlife","floor":15,"turns":4},{"damage":51,"enemies":"downfall:Watcher","floor":16,"turns":9},{"damage":18,"enemies":"Shell Parasite","floor":19,"turns":8},{"damage":43,"enemies":"Sentry and Sphere","floor":20,"turns":6},{"damage":19,"enemies":"Centurion and Healer","floor":21,"turns":5},{"damage":49,"enemies":"3 Cultists","floor":23,"turns":5}],"seed_played":"-3252349136488478240","potions_obtained":[{"floor":0,"key":"Slimebound:ThreeZeroPotion"},{"floor":10,"key":"LiquidMemories"},{"floor":13,"key":"LiquidBronze"},{"floor":15,"key":"FairyPotion"},{"floor":19,"key":"CultistPotion"}],"is_trial":false,"path_per_floor":["R","M","M","?","$","R","T","E","R","M","?","R","E","?","M","B",null,"R","M","M","M","?","M"],"character_chosen":"THE_AUTOMATON","items_purchased":["bronze:Boost"],"campfire_rested":1,"item_purchase_floors":[5],"current_hp_per_floor":[75,65,62,62,57,57,57,48,48,48,48,70,66,63,69,25,81,81,63,27,15,15,0,0],"gold":329,"neow_bonus":"BOSS_RELIC","is_daily":false,"chose_seed":false,"campfire_upgraded":4,"win_rate":0.0,"timestamp":1609816461,"path_taken":["R","M","M","?","$","R","T","E","R","M","?","R","E","?","M","BOSS","R","M","M","M","?","M"],"items_purchased_type":["Card"],"build_version":"2020-12-22","purchased_purges":1,"victory":false,"max_hp_per_floor":[75,75,75,75,75,75,75,75,75,75,75,75,75,75,75,75,81,81,81,81,81,81,81,81],"card_choices":[{"not_picked":["bronze:Turbo","bronze:Shield"],"picked":"bronze:Terminator","floor":0},{"not_picked":["bronze:Invalidate","bronze:Branch"],"picked":"bronze:Iterate","floor":2},{"not_picked":["bronze:Turbo","bronze:Return"],"picked":"bronze:SearingBeam","floor":3},{"not_picked":["bronze:OilSpill","bronze:Flail"],"picked":"bronze:SpaghettiCode","floor":5},{"not_picked":["bronze:ChosenStrike","bronze:DelayedGuard"],"picked":"bronze:Optimize","floor":8},{"not_picked":["bronze:DelayedSlice","bronze:BugBarrage"],"picked":"bronze:Repair","floor":10},{"not_picked":["bronze:NullPointer","bronze:GetLatest","bronze:Iterate"],"picked":"SKIP","floor":13},{"not_picked":["bronze:Branch","bronze:BugBarrage"],"picked":"bronze:Overload","floor":15},{"not_picked":["bronze:ShipIt","bronze:FindAndReplace"],"picked":"bronze:AlphaBuild","floor":16},{"not_picked":["bronze:Deprecate","bronze:Iterate","bronze:DelayedSlice"],"picked":"bronze:Terminator","floor":19},{"not_picked":["bronze:Branch","bronze:Optimize","bronze:HardenedForm"],"picked":"bronze:FineTuning+1","floor":20},{"not_picked":["bronze:DelayedGuard","bronze:ChildClass+1","bronze:Branch","bronze:Constructor"],"picked":"SKIP","floor":21}],"player_experience":870942,"relics_obtained":[{"floor":7,"key":"Bottled Flame"},{"floor":8,"key":"Darkstone Periapt"},{"floor":13,"key":"Thread and Needle"},{"floor":17,"key":"Ancient Tea Set"},{"floor":17,"key":"Question Card"},{"floor":17,"key":"Unceasing Top"}],"event_choices":[{"damage_healed":0,"gold_gain":0,"player_choice":"Grow","damage_taken":0,"max_hp_gain":0,"max_hp_loss":0,"event_name":"Living Wall","floor":11,"gold_loss":0,"cards_upgraded":["bronze:Optimize"]},{"damage_healed":0,"gold_gain":0,"player_choice":"Success","damage_taken":3,"relics_obtained":["Kunai"],"max_hp_gain":0,"max_hp_loss":0,"event_name":"Scrap Ooze","floor":14,"gold_loss":0}],"is_beta":false,"boss_relics":[{"not_picked":["Fusion Hammer","Empty Cage"],"picked":"Calling Bell"}],"items_purged_floors":[5],"is_endless":false,"potions_floor_spawned":[10,13,15,19],"killed_by":"3 Cultists","ascension_level":0}}