{"host":"dgf4n6lo35jtjz0c","time":1609854354,"event":{"mods":["BaseMod","Bestiary","Colored Powertips","Minty Spire (QoL Compilation)"],"gold_per_floor":[118,118,136,136,136,136,136,216,216,232,232,282,176,287,287,385,385,404,105,155,120,133,133,168,168,247,168,218,53,53,79,79,183,183,199,209,259,206,306,341,391,391,391,518,518,204,231,306,306,306],"floor_reached":49,"playtime":1560,"items_purged":[],"score":964,"play_id":"21651c49-0162-4e46-835f-067930fb8a3d","local_time":"20210106004554","daily_mods":["Hoarder","Specialized","Vintage","Heirloom","Time Dilation","Flight"],"is_ascension_mode":false,"campfire_choices":[{"data":"DevaForm","floor":6.0,"key":"SMITH"},{"floor":11.0,"key":"REST"},{"data":"Echo Form","floor":15,"key":"SMITH"},{"data":"Demon Form","floor":23,"key":"SMITH"},{"data":"Storm","floor":25,"key":"SMITH"},{"data":"Mayhem","floor":30,"key":"SMITH"},{"data":"Mayhem","floor":32,"key":"SMITH"},{"data":"Mayhem","floor":42,"key":"SMITH"},{"data":"Storm","floor":45,"key":"SMITH"},{"data":"Storm","floor":49,"key":"SMITH"}],"circlet_count":0,"master_deck":["Demon Form+1","Echo Form+1","DevaForm+1","Zap","Dualcast","Streamline","Streamline","Streamline","Streamline","Streamline","Streamline","Streamline","Streamline","Streamline","Streamline","Streamline","Streamline","Streamline","Streamline","Turbo","Turbo","Turbo","Regret","Regret","Static Discharge","Static Discharge","Static Discharge","White Noise","White Noise","White Noise","Storm+1","Storm+1","Storm+1","Echo Form","Echo Form","Echo Form","Capacitor","Capacitor","Capacitor","Creative AI","Creative AI","Creative AI","Meteor Strike","Meteor Strike","Meteor Strike","Heatsinks","Heatsinks","Heatsinks","Force Field","Force Field","Force Field","Meteor Strike","Meteor Strike","Meteor Strike","Cold Snap","Cold Snap","Cold Snap","Beam Cell","Beam Cell","Beam Cell","Heatsinks","Heatsinks","Heatsinks","Hologram+1","Hologram+1","Hologram+1","Mayhem+1","Mayhem+1","Mayhem+1","Gash","Gash","Gash","Amplify+1","Amplify+1","Amplify+1","Stack+1","Stack+1","Stack+1","Loop+1","Loop+1","Loop+1","Consume+1","Consume+1","Consume+1","Static Discharge+1","Static Discharge+1","Static Discharge+1","Storm+1","Storm+1","Storm+1","Injury","Injury","Injury"],"relics":["Unceasing Top","Ginger","Eternal Feather","Juzu Bracelet","Happy Flower","SsserpentHead","Odd Mushroom","Mercury Hourglass","FossilizedHelix","Omamori","Symbiotic Virus","Pandora\u0027s Box","Singing Bowl","Thread and Needle","PreservedInsect","Potion Belt","Toxic Egg 2","Pear","MutagenicStrength","Cursed Key","Question Card","TungstenRod","Incense Burner","Centennial Puzzle","Frozen Egg 2","The Courier","Bottled Lightning","Pantograph","MealTicket"],"acts_visited":["Exordium","TheCity","TheBeyond"],"potions_floor_usage":[16,16,36],"damage_taken":[{"damage":6.0,"enemies":"Cultist","floor":1.0,"turns":3.0},{"damage":13.0,"enemies":"2 Louse","floor":3.0,"turns":3.0},{"damage":38.0,"enemies":"The Mushroom Lair","floor":8.0,"turns":5.0},{"damage":0.0,"enemies":"Jaw Worm","floor":10.0,"turns":1.0},{"damage":0,"enemies":"Gremlin Nob","floor":14,"turns":3},{"damage":18,"enemies":"Slime Boss","floor":16,"turns":6},{"damage":20,"enemies":"2 Thieves","floor":18,"turns":3},{"damage":20,"enemies":"3 Byrds","floor":22,"turns":3},{"damage":38,"enemies":"Slavers","floor":24,"turns":5},{"damage":8,"enemies":"Champ","floor":33,"turns":7},{"damage":9,"enemies":"Orb Walker","floor":35,"turns":3},{"damage":16,"enemies":"3 Darklings","floor":36,"turns":3},{"damage":0,"enemies":"Mind Bloom Boss Battle","floor":39,"turns":3},{"damage":20,"enemies":"Giant Head","floor":40,"turns":5},{"damage":0,"enemies":"Reptomancer","floor":47,"turns":2}],"seed_played":"-1034140924087885747","potions_obtained":[{"floor":1.0,"key":"SteroidPotion"},{"floor":8.0,"key":"DistilledChaos"},{"floor":14,"key":"AttackPotion"},{"floor":18,"key":"FearPotion"},{"floor":22,"key":"FearPotion"},{"floor":35,"key":"Explosive Potion"},{"floor":40,"key":"EssenceOfSteel"}],"is_trial":true,"path_per_floor":["M","?","M","?","?","R","?","?","T","M","R","?","$","?","R","B",null,"M","$","?","?","M","R","E","R","T","$","?","$","R","$","R","B",null,"M","M","?","$","?","E","?","R","T","T","R","$","E","T","R"],"character_chosen":"DEFECT","items_purchased":["Static Discharge","White Noise","Thread and Needle","Heatsinks","Hologram+1","Mayhem","Gash","Stack+1","Static Discharge+1","Storm+1","Bottled Lightning"],"campfire_rested":1,"item_purchase_floors":[13,13,19,27,27,29,31,38,46,46,46],"current_hp_per_floor":[69,69,56,38,38,53,53,15,15,15,55,55,55,55,75,57,75,55,55,55,55,35,68,30,66,76,76,76,76,85,85,85,77,85,76,60,60,60,60,40,40,85,85,85,85,85,87,87,87,87],"gold":306,"neow_bonus":"","is_daily":false,"chose_seed":false,"campfire_upgraded":9,"win_rate":0.0,"timestamp":1609854354,"path_taken":["M","?","?","?","?","R","?","?","T","M","R","?","?","?","R","BOSS","M","$","?","?","M","R","E","R","T","?","?","$","R","?","R","BOSS","M","M","?","$","?","E","?","R","T","?","R","$","E","?","R"],"items_purchased_type":["Card","Card","Relic","Card","Card","Card","Card","Card","Card","Card","Relic"],"build_version":"2020-12-22","purchased_purges":0,"victory":false,"max_hp_per_floor":[75,75,75,75,75,75,75,75,75,75,75,75,75,75,75,75,75,75,75,75,75,75,75,75,75,85,85,85,85,85,85,85,85,85,85,85,85,85,85,85,85,85,85,85,85,85,87,87,87,87],"card_choices":[{"not_picked":["Glacier","Steam Power"],"picked":"Turbo","floor":8.0},{"not_picked":["Cold Snap","Reinforced Body"],"picked":"Storm","floor":14},{"not_picked":["Amplify","Buffer"],"picked":"Echo Form","floor":16},{"not_picked":["Compile Driver+1","Tempest+1"],"picked":"Beam Cell","floor":24},{"not_picked":["Machine Learning","Multi-Cast+1"],"picked":"Amplify+1","floor":33},{"not_picked":["Ball Lightning","Gash+1","Conserve Battery+1"],"picked":"Loop+1","floor":39},{"not_picked":["Machine Learning","Stack+1","Lockon+1"],"picked":"Consume+1","floor":40},{"not_picked":["Genetic Algorithm+1","Cold Snap+1","Sweeping Beam+1","Turbo+1"],"picked":"Singing Bowl","floor":47}],"player_experience":81351,"relics_obtained":[{"floor":1.0,"key":"Eternal Feather"},{"floor":3.0,"key":"Juzu Bracelet"},{"floor":8.0,"key":"Odd Mushroom"},{"floor":9.0,"key":"Mercury Hourglass"},{"floor":10.0,"key":"FossilizedHelix"},{"floor":14,"key":"Symbiotic Virus"},{"floor":18,"key":"Singing Bowl"},{"floor":22,"key":"Potion Belt"},{"floor":24,"key":"Toxic Egg 2"},{"floor":26,"key":"Pear"},{"floor":35,"key":"Question Card"},{"floor":36,"key":"TungstenRod"},{"floor":39,"key":"Incense Burner"},{"floor":40,"key":"Centennial Puzzle"},{"floor":43,"key":"Frozen Egg 2"},{"floor":44,"key":"The Courier"},{"floor":47,"key":"Pantograph"},{"floor":48,"key":"MealTicket"}],"event_choices":[{"cards_removed":["Wraith Form v2"],"damage_healed":0.0,"max_hp_gain":0.0,"max_hp_loss":0.0,"gold_gain":0.0,"event_name":"Purifier","player_choice":"Purged","floor":2.0,"gold_loss":0.0,"damage_taken":0.0},{"damage_healed":0.0,"max_hp_gain":0.0,"max_hp_loss":0.0,"gold_gain":0.0,"event_name":"Scrap Ooze","player_choice":"Success","floor":4.0,"gold_loss":0.0,"damage_taken":18.0,"relics_obtained":["Happy Flower"]},{"cards_removed":["Strike_B"],"damage_healed":0.0,"max_hp_gain":0.0,"max_hp_loss":0.0,"gold_gain":0.0,"event_name":"Living Wall","player_choice":"Forget","floor":5.0,"gold_loss":0.0,"damage_taken":0.0},{"damage_healed":0.0,"max_hp_gain":0.0,"max_hp_loss":0.0,"gold_gain":0.0,"event_name":"FaceTrader","player_choice":"Trade","floor":7.0,"gold_loss":0.0,"damage_taken":0.0,"relics_obtained":["SsserpentHead"]},{"damage_healed":0.0,"max_hp_gain":0.0,"max_hp_loss":0.0,"gold_gain":0.0,"event_name":"Mushrooms","player_choice":"Fought Mushrooms","floor":8.0,"gold_loss":0.0,"damage_taken":0.0},{"damage_healed":0.0,"max_hp_gain":0.0,"max_hp_loss":0.0,"gold_gain":0.0,"event_name":"Big Fish","player_choice":"Box","floor":12.0,"gold_loss":0.0,"damage_taken":0.0,"relics_obtained":["Omamori"],"cards_obtained":["Regret"]},{"damage_healed":0,"gold_gain":0,"player_choice":"Searched \u00271\u0027 times","damage_taken":0,"max_hp_gain":0,"max_hp_loss":0,"event_name":"Dead Adventurer","floor":14,"gold_loss":0},{"cards_removed":["Regret"],"damage_healed":0,"gold_gain":0,"player_choice":"Elegance","damage_taken":0,"max_hp_gain":0,"max_hp_loss":0,"event_name":"Back to Basics","floor":20,"gold_loss":0},{"damage_healed":0,"gold_gain":0,"player_choice":"Obtained Relic","damage_taken":0,"relics_obtained":["PreservedInsect"],"max_hp_gain":0,"max_hp_loss":0,"event_name":"Addict","floor":21,"gold_loss":85},{"damage_healed":0,"gold_gain":0,"player_choice":"Inject Mutagens","damage_taken":0,"relics_obtained":["MutagenicStrength"],"max_hp_gain":0,"max_hp_loss":0,"event_name":"Drug Dealer","floor":28,"gold_loss":0},{"cards_removed":["Streamline"],"damage_healed":0,"gold_gain":0,"player_choice":"Removed Attack","damage_taken":0,"max_hp_gain":0,"max_hp_loss":0,"event_name":"Falling","floor":37,"gold_loss":0},{"damage_healed":0,"gold_gain":0,"player_choice":"Fight","damage_taken":0,"max_hp_gain":0,"max_hp_loss":0,"event_name":"MindBloom","floor":39,"gold_loss":0},{"damage_healed":0,"gold_gain":0,"player_choice":"Ignored","damage_taken":0,"max_hp_gain":0,"max_hp_loss":0,"event_name":"The Moai Head","floor":41,"gold_loss":0}],"is_beta":false,"boss_relics":[{"not_picked":["Nuclear Battery","Coffee Dripper"],"picked":"Pandora\u0027s Box"},{"not_picked":["Velvet Choker","Snecko Eye"],"picked":"Cursed Key"}],"items_purged_floors":[],"is_endless":false,"potions_floor_spawned":[1,8,14,18,22,35,40],"ascension_level":0}}