{"host":"28p8ce41sjwa6lzf","time":1609879493,"event":{"mods":["BaseMod","Colored Map","Colored Powertips","Highlight Path","Minty Spire (QoL Compilation)","Permanent Neow","Quick Restart","Random Character Button","Rare Cards Sparkle","Relic Stats","StSLib","Unceasing Turn Reminder"],"gold_per_floor":[118,118,43,54,64,98,98,118,118,132,157,157,157,157,157,157,157],"floor_reached":16,"playtime":1461,"items_purged":[],"score":220,"play_id":"56c3cff0-b321-4210-9d38-8ddb3eb5b1c1","local_time":"20210105144453","is_ascension_mode":true,"campfire_choices":[{"floor":7.0,"key":"REST"},{"data":"Seek","floor":12.0,"key":"SMITH"},{"floor":15.0,"key":"REST"}],"circlet_count":0,"master_deck":["AscendersBane","Strike_B","Strike_B+1","Strike_B","Strike_B+1","Defend_B","Defend_B","Defend_B","Defend_B","Zap","Dualcast","Streamline","Recycle","Turbo","Seek+1","Steam","Reinforced Body+1","Ball Lightning","Cold Snap"],"relics":["Cracked Core","Prayer Wheel","Lantern","Thread and Needle","Whetstone","Golden Idol"],"acts_visited":["Exordium"],"potions_floor_usage":[16],"damage_taken":[{"damage":4.0,"enemies":"Cultist","floor":1.0,"turns":4.0},{"damage":2.0,"enemies":"Jaw Worm","floor":4.0,"turns":3.0},{"damage":5.0,"enemies":"Small Slimes","floor":5.0,"turns":4.0},{"damage":20.0,"enemies":"3 Sentries","floor":6.0,"turns":8.0},{"damage":2.0,"enemies":"3 Louse","floor":8.0,"turns":3.0},{"damage":0.0,"enemies":"Large Slime","floor":10.0,"turns":4.0},{"damage":24.0,"enemies":"Lagavulin","floor":11.0,"turns":7.0},{"damage":47,"enemies":"Hexaghost","floor":16,"turns":9}],"seed_played":"3417387937892388965","potions_obtained":[{"floor":1.0,"key":"AttackPotion"},{"floor":6.0,"key":"FearPotion"}],"is_trial":false,"path_per_floor":["M","T","?","M","M","E","R","M","T","M","E","R","?","?","R","B"],"character_chosen":"DEFECT","items_purchased":[],"campfire_rested":2,"item_purchase_floors":[],"current_hp_per_floor":[60,60,60,58,53,33,54,52,52,52,28,28,28,28,47,0,0],"gold":157,"neow_bonus":"ONE_RARE_RELIC","is_daily":false,"chose_seed":false,"campfire_upgraded":1,"win_rate":0.0,"timestamp":1609879493,"path_taken":["M","?","?","M","?","E","R","M","T","M","E","R","?","?","R","BOSS"],"items_purchased_type":[],"build_version":"2020-12-22","purchased_purges":0,"victory":false,"max_hp_per_floor":[71,71,71,71,71,71,71,71,71,71,71,71,64,64,64,64,64],"relic_stats":{"counters":[8,42],"Golden Idol":0,"Prayer Wheel":5,"Whetstone":["Strike_B","Strike_B"],"obtain_stats":[{"Lantern":6,"Golden Idol":13,"Prayer Wheel":0,"Thread and Needle":9,"Whetstone":11,"Cracked Core":0},{"Lantern":4,"Golden Idol":7,"Prayer Wheel":0,"Thread and Needle":5,"Whetstone":7,"Cracked Core":0},{"Lantern":19,"Golden Idol":33,"Prayer Wheel":0,"Thread and Needle":22,"Whetstone":33,"Cracked Core":0}]},"card_choices":[{"not_picked":["Conserve Battery","BootSequence"],"picked":"Streamline","floor":1.0},{"not_picked":["Stack","Chill"],"picked":"Recycle","floor":1.0},{"not_picked":["Stack","Go for the Eyes"],"picked":"Turbo","floor":4.0},{"not_picked":["Compile Driver","BootSequence","Barrage"],"picked":"SKIP","floor":4.0},{"not_picked":["Conserve Battery","Stack"],"picked":"Seek","floor":5.0},{"not_picked":["Streamline","Sweeping Beam"],"picked":"Steam","floor":5.0},{"not_picked":["Leap","Steam Power"],"picked":"Reinforced Body","floor":6.0},{"not_picked":["Scrape","Sweeping Beam"],"picked":"Ball Lightning","floor":8.0},{"not_picked":["Conserve Battery","Beam Cell","Stack"],"picked":"SKIP","floor":8.0},{"not_picked":["Rebound","Consume"],"picked":"Cold Snap","floor":10.0},{"not_picked":["Cold Snap","Steam","Storm"],"picked":"SKIP","floor":10.0},{"not_picked":["Gash","Beam Cell","Double Energy"],"picked":"SKIP","floor":11.0}],"player_experience":1088474,"relics_obtained":[{"floor":6.0,"key":"Lantern"},{"floor":9.0,"key":"Thread and Needle"},{"floor":11.0,"key":"Whetstone"}],"event_choices":[{"cards_removed":["Regret"],"damage_healed":0.0,"max_hp_gain":0.0,"max_hp_loss":0.0,"gold_gain":0.0,"event_name":"The Cleric","player_choice":"Card Removal","floor":3.0,"gold_loss":75.0,"damage_taken":0.0},{"damage_healed":0.0,"max_hp_gain":0.0,"max_hp_loss":7.0,"gold_gain":0.0,"event_name":"Golden Idol","player_choice":"Lose Max HP","floor":13.0,"gold_loss":0.0,"damage_taken":0.0,"relics_obtained":["Golden Idol"]},{"damage_healed":0.0,"max_hp_gain":0.0,"max_hp_loss":0.0,"gold_gain":0.0,"event_name":"Living Wall","player_choice":"Grow","floor":14.0,"gold_loss":0.0,"damage_taken":0.0,"cards_upgraded":["Reinforced Body"]}],"is_beta":false,"boss_relics":[],"items_purged_floors":[],"is_endless":false,"potions_floor_spawned":[1,6],"killed_by":"Hexaghost","ascension_level":20}}