{"host":"qy0m86b6j0qgj9ra","time":1609884522,"event":{"mods":["Act Like it!","Aspiration","Astrologer","Bartender","BaseMod","CCEM","Clockwork Mod","Conspire","Downfall","Duelist Mod","Energized Spire","Friendly Minions","Gensokyo","GifTheSpireLib","Googly Eyes","GungeonMod","Halation","Hallownest","Hermit","Hubris","Infinite Spire","Ironclad Rager","Jorbs\u0027s Wanderer Trilogy","Koishi","KomeijiMod","Lobotomy","LobotomyExtend","Mad Scientist","Marisa????????","Minty Spire (QoL Compilation)","Pale of the Ancients","Quarter Circle Forward PUNCH!","RRrroohrrRGHHhhh!!","Random Character Button","Rare Cards Sparkle","Reimu??????","Replay The Spire","Retaliation","RumiaBox-????????","SCP261 Mod","Slumbering Mod","Spicy Shops","Spikes Relics","StSLib","Stuff the Spire","The Administrix","The Animator","The Bug Knight","The Construct","The Cursed","The Hierophant","The Jungle","The Sage","The Saiyan","The Vixen","TheBandit","TheFirefly","Trackpad","Wandering Minibosses","WarShipGirlsR/????R mod","Yuri Mod","vexMod"],"gold_per_floor":[11,11,51,69,84,113,113,133,156,208,234,234,251,264,264,367,367,387,387,337,337,337,337,359,359,432,466,466,477,518,24,24,133,133,161,174,213,227,3,61,61,96,96,153,163,163,8,23,23,30,49,71,101,101,101,151,151,204,204,242],"floor_reached":61,"playtime":9035,"items_purged":["TheCursedMod:Strike_TheCursed"],"score":1636,"play_id":"aa11ad4b-1026-4541-8c48-de9ecf9e4d29","local_time":"20210105230842","is_ascension_mode":true,"campfire_choices":[{"floor":7,"key":"REST"},{"floor":12,"key":"RECALL"},{"floor":15,"key":"REST"},{"data":"TheCursedMod:CircleOfAbyss","floor":23,"key":"SMITH"},{"data":"TheCursedMod:HellfireBreathing","floor":25,"key":"SMITH"},{"data":"TheCursedMod:ReleasedKnowledge","floor":28,"key":"SMITH"},{"floor":32,"key":"REST"},{"data":"TheCursedMod:EmpowerCircles","floor":46,"key":"SMITH"},{"data":"TheCursedMod:CollectTribute","floor":49,"key":"SMITH"},{"data":"TheCursedMod:NeowsMight","floor":55,"key":"SMITH"},{"data":"TheCursedMod:Neurasthenia","floor":57,"key":"SMITH"}],"circlet_count":0,"master_deck":["TheCursedMod:Strike_TheCursed","TheCursedMod:Strike_TheCursed","TheCursedMod:Defend_TheCursed","TheCursedMod:CursedWand","TheCursedMod:CleanUpWorkshop","TheCursedMod:Dregs","TheCursedMod:SpreadPlague","TheCursedMod:RapidMovement","ReplayTheSpireMod:Splinters","TheCursedMod:CursedShiv","TheCursedMod:StunningStrike","TheCursedMod:Torture","TheCursedMod:HellfireBreathing+1","TheCursedMod:SpitefulPray","TheCursedMod:CircleOfAbyss+1","TheCursedMod:CircleOfWindfury+1","animator:Curse_Greed","conspire:SpireCoStock","TheCursedMod:Mangle","TheCursedMod:ReleasedKnowledge+1","TheCursedMod:AshesToAshes+1","TheCursedMod:CursedShiv+1","TheCursedMod:EmpowerCircles+1","Flash of Steel","TheCursedMod:NeowsMight+1","TheCursedMod:Neurasthenia+1","TheCursedMod:ReleasedKnowledge","TheCursedMod:Grudge+1","TheCursedMod:Hemoplague+1","TheCursedMod:SpitefulPray+1","TheCursedMod:CollectTribute+1","TheCursedMod:SurpriseAttack+1","Gensokyo:SummonYinYangFox","TheCursedMod:Hemoplague+1","TheCursedMod:Torture+1"],"relics":["TheCursedMod:BlackMagic101","Regal Pillow","vexMod:BarristanHead","StuffTheSpire:Expresso","StuffTheSpire:Kangaroo","Garlic","sagemod:Flying_Carpet","trackpad:ByrdBGone","halation:AfternoonTea","wanderingMiniBosses:CarrionFlame","Dream Catcher","ReplayTheSpireMod:Shallot","hubris:Backtick","vexMod:Dragonfruit","Sundial","halation:EternalFortune","Tea:ReiMu","MealTicket","paleoftheancients:Timepiece","paleoftheancients:KeyRelic","Ice Cream","Mercury Hourglass","Gensokyo:Companionship","Choco_Feather","DemoMod:GlassGuonStoneRelic","paleoftheancients:SoulOfTheShowman","MiniBlackHole","StuffTheSpire:Tea","halation:LettersToHer"],"acts_visited":["Exordium","TheCity","TheCity","Gensokyo:Gensokyoest"],"potions_floor_usage":[33,33],"damage_taken":[{"damage":3,"enemies":"Jaw Worm","floor":1,"turns":5},{"damage":1,"enemies":"conspire:RoseBush","floor":4,"turns":2},{"damage":5,"enemies":"2 Louse","floor":5,"turns":5},{"damage":28,"enemies":"HollowMod:MossKnight","floor":6,"turns":19},{"damage":0,"enemies":"theSlumbering:NewSlaver","floor":8,"turns":3},{"damage":3,"enemies":"Replay:BlueRogue","floor":11,"turns":5},{"damage":12,"enemies":"conspire:2 RoseBushes","floor":13,"turns":3},{"damage":13,"enemies":"Exordium Thugs","floor":14,"turns":5},{"damage":36,"enemies":"Slime Boss","floor":16,"turns":12},{"damage":9,"enemies":"Shell Parasite","floor":18,"turns":6},{"damage":0,"enemies":"conspire:FuzzyDice","floor":24,"turns":5},{"damage":7,"enemies":"theDuelist:KaibaA2","floor":27,"turns":4},{"damage":14,"enemies":"Sentry and Sphere","floor":29,"turns":6},{"damage":14,"enemies":"conspire:SneckoGhost","floor":30,"turns":9},{"damage":22,"enemies":"hubris:MusketHawk","floor":33,"turns":6},{"damage":0,"enemies":"Gensokyo:3_Bats","floor":35,"turns":2},{"damage":0,"enemies":"Gensokyo:3_Boulders","floor":36,"turns":3},{"damage":0,"enemies":"Gensokyo:4_Bats","floor":37,"turns":2},{"damage":0,"enemies":"Gensokyo:Rafflesia","floor":38,"turns":6},{"damage":3,"enemies":"Gensokyo:Kasen","floor":40,"turns":4},{"damage":0,"enemies":"Gensokyo:SeedOfUnknown","floor":42,"turns":4},{"damage":0,"enemies":"Gensokyo:Doremy","floor":44,"turns":4},{"damage":0,"enemies":"Gensokyo:4_Bats","floor":45,"turns":2},{"damage":0,"enemies":"Gensokyo:Dusk_and_Dawn","floor":48,"turns":3},{"damage":4,"enemies":"Gensokyo:Shinki","floor":50,"turns":9},{"damage":0,"enemies":"Gensokyo:Shinki","floor":51,"turns":5},{"damage":0,"enemies":"Gensokyo:Shinki","floor":52,"turns":2},{"damage":0,"enemies":"conspire:MimicChest","floor":53,"turns":1},{"damage":132,"enemies":"conspire:MimicChest","floor":56,"turns":4},{"damage":0,"enemies":"paleoftheancients:N","floor":60,"turns":3}],"seed_played":"-760828502103534015","potions_obtained":[{"floor":3,"key":"Dexterity Potion"},{"floor":3,"key":"GrandPatriotsElixir:ReiMu"},{"floor":3,"key":"Weak Potion"},{"floor":4,"key":"Strength Potion"},{"floor":33,"key":"DemoMod:LeadSkinPotion"},{"floor":37,"key":"champ:CounterPotion"},{"floor":44,"key":"CalmPotion"}],"is_trial":false,"path_per_floor":["M","?","?","M","M","E","R","M","T","T","E","R","M","M","R","B",null,"M","?","?","?","?","R","M","R","T","E","R","M","E","$","R","B",null,"M","M","M","M","COS","E","?","M","T","E","M","R","$","M","R","B","M","M","?","T","R","M","R","T","?","B",null],"character_chosen":"THE_CURSED","items_purchased":["ReplayTheSpireMod:Shallot","TheCursedMod:EmpowerCircles","Flash of Steel","TheCursedMod:CollectTribute"],"campfire_rested":3,"item_purchase_floors":[31,31,31,47],"current_hp_per_floor":[72,65,65,64,59,31,68,68,68,68,65,65,53,40,75,39,75,66,66,66,52,52,52,52,52,52,45,45,31,17,17,47,34,57,57,57,57,57,57,54,57,57,57,57,57,57,60,60,60,63,63,63,63,63,63,63,63,63,63,63],"gold":242,"neow_bonus":"TRANSFORM_TWO_CARDS","is_daily":false,"chose_seed":false,"campfire_upgraded":7,"win_rate":0.0,"timestamp":1609884522,"path_taken":["M","?","?","M","M","E","R","M","T","?","E","R","M","M","R","BOSS","M","?","?","?","?","R","M","R","T","E","R","M","E","$","R","BOSS","M","M","M","M","COS","E","?","?","T","E","M","R","?","M","R","BOSS","M","M","?","T","R","M","R","T","?","BOSS"],"items_purchased_type":["Relic","Card","Card","Card"],"build_version":"2020-12-22","purchased_purges":1,"victory":true,"max_hp_per_floor":[75,75,75,75,75,75,75,75,75,75,75,75,75,75,75,75,75,75,75,75,52,52,52,52,52,52,52,52,52,52,52,52,52,57,57,57,57,57,57,57,60,60,60,60,60,60,60,60,60,63,63,63,63,63,63,63,63,63,63,63],"card_choices":[{"not_picked":["TheCursedMod:SmokeScreen","TheCursedMod:SpitefulStrike","TheCursedMod:CursedMace"],"picked":"SKIP","floor":1},{"not_picked":["TheCursedMod:TacticalStrike","TheCursedMod:Obscuration"],"picked":"TheCursedMod:CursedShiv","floor":3},{"not_picked":["TheCursedMod:SaltUponWound","TheCursedMod:SpitefulStrike","TheCursedMod:FleshFromBone"],"picked":"SKIP","floor":4},{"not_picked":["TheCursedMod:StingEye","TheCursedMod:FleshFromBone"],"picked":"TheCursedMod:StunningStrike","floor":5},{"not_picked":["TheCursedMod:Stigma","TheCursedMod:WearCloak"],"picked":"TheCursedMod:Torture","floor":6},{"not_picked":["TheCursedMod:RavingStaff","TheCursedMod:SpitefulPray"],"picked":"TheCursedMod:HellfireBreathing","floor":8},{"not_picked":["TheCursedMod:BloodBarrier","TheCursedMod:CursedBoomerang","TheCursedMod:AbyssShockwave"],"picked":"SKIP","floor":11},{"not_picked":["TheCursedMod:CircleOfFlame","TheCursedMod:RavingStaff"],"picked":"TheCursedMod:SpitefulPray","floor":13},{"not_picked":["TheCursedMod:FleshFromBone","TheCursedMod:CursedShiv","TheCursedMod:Stigma"],"picked":"SKIP","floor":14},{"not_picked":["TheCursedMod:CursedRelics","TheCursedMod:ManaCirculation"],"picked":"TheCursedMod:CircleOfAbyss","floor":16},{"not_picked":["TheCursedMod:RavingStaff+1","TheCursedMod:CircleOfFlame"],"picked":"TheCursedMod:CircleOfWindfury+1","floor":18},{"not_picked":["TheCursedMod:CursedAmulet","TheCursedMod:SpitefulStrike"],"picked":"TheCursedMod:Mangle","floor":24},{"not_picked":["TheCursedMod:Stretching+1","TheCursedMod:EmpowerCircles"],"picked":"TheCursedMod:ReleasedKnowledge","floor":27},{"not_picked":["TheCursedMod:HellfireBreathing","TheCursedMod:DoubleShield"],"picked":"TheCursedMod:AshesToAshes+1","floor":29},{"not_picked":["TheCursedMod:FuryStrike","TheCursedMod:Stigma"],"picked":"TheCursedMod:CursedShiv+1","floor":30},{"not_picked":["TheCursedMod:CursedBlade","TheCursedMod:Stigma+1"],"picked":"TheCursedMod:NeowsMight","floor":32},{"not_picked":["TheCursedMod:AntiAging","TheCursedMod:ManaCirculation"],"picked":"TheCursedMod:Neurasthenia","floor":33},{"not_picked":["TheCursedMod:Wield","TheCursedMod:EmpowerCircles","TheCursedMod:HellsGateOpen"],"picked":"SKIP","floor":35},{"not_picked":["TheCursedMod:WearCloak","TheCursedMod:FleshFromBone+1"],"picked":"TheCursedMod:ReleasedKnowledge","floor":36},{"not_picked":["TheCursedMod:TroublousMinions","TheCursedMod:SpitefulPray"],"picked":"TheCursedMod:Grudge+1","floor":37},{"not_picked":["TheCursedMod:CursedAmulet+1","TheCursedMod:CursedBlade+1","TheCursedMod:EmpowerCircles+1"],"picked":"SKIP","floor":38},{"not_picked":["TheCursedMod:CursedArmor","TheCursedMod:SaltUponWound+1","TheCursedMod:CursedAmulet"],"picked":"SKIP","floor":40},{"not_picked":["TheCursedMod:SpitefulStrike+1","TheCursedMod:StingEye"],"picked":"TheCursedMod:Hemoplague+1","floor":42},{"not_picked":["TheCursedMod:Stigma+1","TheCursedMod:Mangle+1","TheCursedMod:RapidMovement"],"picked":"SKIP","floor":44},{"not_picked":["TheCursedMod:Wield+1","TheCursedMod:FleshFromBone+1"],"picked":"TheCursedMod:SpitefulPray+1","floor":45},{"not_picked":["TheCursedMod:RavingStaff+1","TheCursedMod:CircleOfCorruption"],"picked":"TheCursedMod:SurpriseAttack+1","floor":48},{"not_picked":["TheCursedMod:CursedSpellbook+1","TheCursedMod:CircleOfWindfury+1","TheCursedMod:Torture"],"picked":"SKIP","floor":51},{"not_picked":["TheCursedMod:CircleOfFocus+1","TheCursedMod:CursedStaff"],"picked":"TheCursedMod:Hemoplague+1","floor":52},{"not_picked":["TheCursedMod:BloodBarrier","TheCursedMod:TacticalStrike+1"],"picked":"TheCursedMod:Torture+1","floor":53}],"player_experience":536204,"relics_obtained":[{"floor":6,"key":"Regal Pillow"},{"floor":10,"key":"vexMod:BarristanHead"},{"floor":11,"key":"StuffTheSpire:Expresso"},{"floor":26,"key":"trackpad:ByrdBGone"},{"floor":27,"key":"halation:AfternoonTea"},{"floor":29,"key":"wanderingMiniBosses:CarrionFlame"},{"floor":30,"key":"Dream Catcher"},{"floor":40,"key":"Sundial"},{"floor":43,"key":"Tea:ReiMu"},{"floor":44,"key":"MealTicket"},{"floor":51,"key":"paleoftheancients:SoulOfTheShowman"},{"floor":52,"key":"paleoftheancients:SoulOfTheWokeBloke"},{"floor":53,"key":"MiniBlackHole"},{"floor":54,"key":"StuffTheSpire:Tea"},{"floor":58,"key":"halation:LettersToHer"}],"event_choices":[{"cards_removed":["TheCursedMod:Defend_TheCursed"],"damage_healed":0,"gold_gain":0,"player_choice":"Card Removal","damage_taken":7,"max_hp_gain":0,"max_hp_loss":0,"event_name":"Golden Wing","floor":2,"gold_loss":0},{"damage_healed":0,"gold_gain":0,"player_choice":"Invest 1","damage_taken":0,"max_hp_gain":0,"max_hp_loss":0,"event_name":"conspire:Investor","floor":20,"gold_loss":0}],"is_beta":false,"boss_relics":[{"not_picked":["StuffTheSpire:RunicConfusion","aspiration:WatcherSkillbook"],"picked":"StuffTheSpire:Kangaroo"},{"not_picked":["Honey Jar","aspiration:FutureDiary"],"picked":"hubris:Backtick"}],"items_purged_floors":[31],"is_endless":false,"potions_floor_spawned":[4,5,8,14,27,33,37,44,45,48],"ascension_level":1}}