{"host":"egwexuw5uvnxf11j","time":1609815211,"event":{"mods":["2.2 Compatiblity","Aspiration","BaseMod","Better Altar","Better Note","Better Sensory Stone","Better Third Choice","Displayed Cursed Tome","Downfall","Hermit","Key Reminder","Koishi","Marisa????????","Minty Spire (QoL Compilation)","Quick Restart","Shade Mod","Spicy Shops","StSLib","The Construct","The Cursed","The Hierophant","The Runesmith","The Senshi","The Servant 0.9.4","Transform Curses"],"gold_per_floor":[117,117,135,135,148,180,196,196,196,221,236,236,251,34,34,135,135,152,167,180,200,200,234,234,93,93,93,93,93],"floor_reached":28,"playtime":1134,"items_purged":[],"score":288,"play_id":"30d9e48f-6df4-470e-b230-2871c75f8bf1","local_time":"20210104215331","is_ascension_mode":true,"campfire_choices":[{"floor":8,"key":"REST"},{"floor":12,"key":"REST"},{"floor":15,"key":"REST"},{"floor":24,"key":"REST"},{"floor":27,"key":"REST"}],"circlet_count":0,"master_deck":["Strike_B+1","Strike_B","Strike_B+1","Defend_B","Defend_B","Defend_B","Zap","Dualcast","Leap","Go for the Eyes","Melter","Skim","Gash","Conserve Battery","Streamline","BootSequence","Ball Lightning","Gash","Ball Lightning","Fusion","Thunder Strike","Undo","Sweeping Beam+1","Gash","Ball Lightning","Self Repair+1","Panacea"],"relics":["Cracked Core","Ginger","Boot","aspiration:HummingbirdHeart","aspiration:BursterCore","Nloth\u0027s Gift","Regal Pillow","Cables"],"acts_visited":["Exordium","TheCity"],"potions_floor_usage":[6,6,10,13,16,21,28],"damage_taken":[{"damage":1,"enemies":"Cultist","floor":1,"turns":3},{"damage":5,"enemies":"Small Slimes","floor":3,"turns":2},{"damage":6,"enemies":"2 Louse","floor":5,"turns":2},{"damage":25,"enemies":"Gremlin Nob","floor":6,"turns":4},{"damage":0,"enemies":"2 Fungi Beasts","floor":7,"turns":3},{"damage":32,"enemies":"Lagavulin","floor":10,"turns":7},{"damage":5,"enemies":"Lots of Slimes","floor":11,"turns":4},{"damage":0,"enemies":"Gremlin Gang","floor":13,"turns":2},{"damage":46,"enemies":"The Guardian","floor":16,"turns":10},{"damage":12,"enemies":"2 Thieves","floor":18,"turns":4},{"damage":0,"enemies":"Chosen","floor":19,"turns":3},{"damage":4,"enemies":"Centurion and Healer","floor":20,"turns":6},{"damage":9,"enemies":"Snecko","floor":21,"turns":3},{"damage":38,"enemies":"Book of Stabbing","floor":23,"turns":5},{"damage":83,"enemies":"Gremlin Leader","floor":28,"turns":6}],"seed_played":"-7475716152779096857","potions_obtained":[{"floor":1,"key":"EssenceOfSteel"},{"floor":3,"key":"Slimebound:ThreeZeroPotion"},{"floor":7,"key":"Dexterity Potion"},{"floor":10,"key":"Explosive Potion"},{"floor":13,"key":"hexamod:EctoCoolerPotion"},{"floor":16,"key":"hexamod:EctoCoolerPotion"},{"floor":18,"key":"LiquidMemories"}],"is_trial":false,"path_per_floor":["M","?","M","?","M","E","M","R","T","E","M","R","M","$","R","B",null,"M","M","M","M","?","E","R","$","T","R","E"],"character_chosen":"DEFECT","items_purchased":["Gash","Ball Lightning","Fusion","Panacea"],"campfire_rested":5,"item_purchase_floors":[14,14,14,25],"current_hp_per_floor":[74,74,69,54,48,23,23,45,45,13,8,30,30,30,52,6,75,63,63,59,50,50,12,49,49,49,75,0,0],"gold":93,"neow_bonus":"TRANSFORM_CARD","is_daily":false,"chose_seed":false,"campfire_upgraded":0,"win_rate":0.0,"timestamp":1609815211,"path_taken":["M","?","?","?","M","E","M","R","T","E","M","R","M","$","R","BOSS","M","M","M","M","?","E","R","$","T","R","E"],"items_purchased_type":["Card","Card","Card","Card"],"build_version":"2020-12-22","purchased_purges":0,"victory":false,"max_hp_per_floor":[75,75,75,75,75,75,75,75,75,75,75,75,75,75,75,75,75,75,75,75,75,75,75,75,75,75,75,75,75],"card_choices":[{"not_picked":["White Noise","Leap"],"picked":"Go for the Eyes","floor":1},{"not_picked":["Steam","Skim"],"picked":"Melter","floor":3},{"not_picked":["Turbo","Tempest"],"picked":"Skim","floor":5},{"not_picked":["Redo","Barrage"],"picked":"Gash","floor":6},{"not_picked":["Redo","FTL"],"picked":"Conserve Battery","floor":7},{"not_picked":["Stack","BootSequence"],"picked":"Streamline","floor":10},{"not_picked":["Steam","Rebound"],"picked":"BootSequence","floor":11},{"not_picked":["Auto Shields","Coolheaded"],"picked":"Ball Lightning","floor":13},{"not_picked":["Hyperbeam","Meteor Strike"],"picked":"Thunder Strike","floor":16},{"not_picked":["Melter","Turbo"],"picked":"Undo","floor":18},{"not_picked":["Compile Driver","Lockon+1"],"picked":"Sweeping Beam+1","floor":19},{"not_picked":["Genetic Algorithm","Storm"],"picked":"Gash","floor":20},{"not_picked":["Double Energy","Conserve Battery"],"picked":"Ball Lightning","floor":21},{"not_picked":["Machine Learning","Hologram"],"picked":"Self Repair+1","floor":23}],"player_experience":2141179,"relics_obtained":[{"floor":6,"key":"Ginger"},{"floor":9,"key":"Boot"},{"floor":10,"key":"aspiration:HummingbirdHeart"},{"floor":23,"key":"Regal Pillow"},{"floor":26,"key":"Cables"}],"event_choices":[{"cards_removed":["Defend_B"],"damage_healed":0,"gold_gain":0,"player_choice":"Offered Basic","damage_taken":0,"max_hp_gain":0,"max_hp_loss":0,"event_name":"Bonfire Elementals","floor":2,"gold_loss":0},{"damage_healed":69,"gold_gain":0,"player_choice":"Upgrade","damage_taken":15,"max_hp_gain":0,"max_hp_loss":75,"event_name":"betterThird:BetterShining","floor":4,"gold_loss":0,"cards_upgraded":["Strike_B","Strike_B"]},{"damage_healed":0,"gold_gain":0,"player_choice":"Traded Relic","damage_taken":0,"relics_obtained":["Nloth\u0027s Gift"],"max_hp_gain":0,"max_hp_loss":0,"event_name":"N\u0027loth","floor":22,"relics_lost":["keyreminder:keyreminder"],"gold_loss":0}],"is_beta":false,"boss_relics":[{"not_picked":["SlaversCollar","aspiration:PoetsPen_weak"],"picked":"aspiration:BursterCore"}],"items_purged_floors":[],"is_endless":false,"potions_floor_spawned":[1,3,7,10,13,16,18],"killed_by":"Gremlin Leader","ascension_level":3}}