{"host":"8f8ps4z875kp1oop","time":1609880783,"event":{"mods":["BaseMod","Colored Map","Minty Spire (QoL Compilation)"],"gold_per_floor":[115,131,17,17,92,126,136,136,136,185,213,213,247,258,258,330,330,345,6,0,0,16,16,39,65,77,189,201,31,31,57,57,130,130,141,141,164,23,37,37,71,71,71,71,101,101,113,113,113,113],"floor_reached":51,"playtime":5592,"items_purged":["Defend_B","Strike_B","Strike_B"],"score":1434,"play_id":"a4cad1b4-9578-4844-bd83-3eee11094cc9","local_time":"20210105160623","is_ascension_mode":true,"campfire_choices":[{"floor":8.0,"key":"DIG"},{"floor":12.0,"key":"REST"},{"floor":15.0,"key":"REST"},{"floor":23.0,"key":"DIG"},{"floor":28.0,"key":"REST"},{"floor":30.0,"key":"REST"},{"floor":32.0,"key":"DIG"},{"data":"Buffer","floor":40.0,"key":"SMITH"},{"floor":44.0,"key":"REST"},{"floor":46.0,"key":"DIG"},{"data":"Capacitor","floor":49.0,"key":"SMITH"}],"circlet_count":0,"master_deck":["AscendersBane","Defend_B","Defend_B","Defend_B","Dualcast","FTL+1","Go for the Eyes","Sunder+1","Coolheaded","Rebound","Loop","Genetic Algorithm","Coolheaded","Machine Learning","Double Energy","Capacitor+1","Ball Lightning","Biased Cognition","Aggregate","Buffer+1","Coolheaded","Blizzard+1","Compile Driver+1","Streamline+1","Conserve Battery"],"relics":["Cracked Core","NeowsBlessing","Shovel","Kunai","Bird Faced Urn","Whetstone","Potion Belt","Eternal Feather","Empty Cage","Toy Ornithopter","Matryoshka","Bag of Preparation","MawBank","Centennial Puzzle","Sundial","Thread and Needle","HornCleat","Pen Nib","Molten Egg 2","Velvet Choker","Nunchaku","Peace Pipe","PreservedInsect","Bronze Scales","Orichalcum"],"acts_visited":["Exordium","TheCity","TheBeyond"],"potions_floor_usage":[50],"damage_taken":[{"damage":0.0,"enemies":"Cultist","floor":1.0,"turns":1.0},{"damage":0.0,"enemies":"Jaw Worm","floor":2.0,"turns":1.0},{"damage":0.0,"enemies":"3 Sentries","floor":6.0,"turns":1.0},{"damage":1.0,"enemies":"Small Slimes","floor":7.0,"turns":3.0},{"damage":25.0,"enemies":"Lagavulin","floor":11.0,"turns":5.0},{"damage":23.0,"enemies":"Gremlin Nob","floor":13.0,"turns":4.0},{"damage":9.0,"enemies":"Exordium Thugs","floor":14.0,"turns":4.0},{"damage":32.0,"enemies":"Slime Boss","floor":16.0,"turns":9.0},{"damage":36.0,"enemies":"Spheric Guardian","floor":18.0,"turns":6.0},{"damage":8.0,"enemies":"3 Byrds","floor":22.0,"turns":4.0},{"damage":31.0,"enemies":"Cultist and Chosen","floor":25.0,"turns":6.0},{"damage":47.0,"enemies":"Colosseum Slavers","floor":27.0,"turns":5.0},{"damage":23.0,"enemies":"Colosseum Nobs","floor":27.0,"turns":3.0},{"damage":33.0,"enemies":"Collector","floor":33.0,"turns":11.0},{"damage":25.0,"enemies":"3 Darklings","floor":35.0,"turns":4.0},{"damage":11.0,"enemies":"3 Shapes","floor":39.0,"turns":5.0},{"damage":43.0,"enemies":"Giant Head","floor":41.0,"turns":9.0},{"damage":7.0,"enemies":"Nemesis","floor":45.0,"turns":9.0},{"damage":8.0,"enemies":"Transient","floor":47.0,"turns":6.0},{"damage":80,"enemies":"Time Eater","floor":50,"turns":13}],"seed_played":"-7572918387106049340","potions_obtained":[{"floor":6.0,"key":"FairyPotion"},{"floor":7.0,"key":"SpeedPotion"},{"floor":13.0,"key":"ColorlessPotion"},{"floor":16.0,"key":"Dexterity Potion"},{"floor":18.0,"key":"PowerPotion"},{"floor":33.0,"key":"LiquidMemories"},{"floor":39.0,"key":"GamblersBrew"},{"floor":47.0,"key":"LiquidMemories"}],"is_trial":false,"path_per_floor":["M","M","$","?","?","E","M","R","T","T","E","R","E","M","R","B",null,"M","$","?","?","M","R","T","M","T","?","R","$","R","T","R","B",null,"M","?","T","$","M","R","E","?","T","R","E","R","M","?","R","B",null],"character_chosen":"DEFECT","items_purchased":["Sunder","Toy Ornithopter","Capacitor","FocusPotion","Blizzard+1","Swift Potion"],"campfire_rested":5,"item_purchase_floors":[3,19,19,29,38,38],"current_hp_per_floor":[64,64,64,64,53,53,52,52,52,52,27,48,27,20,50,20,58,26,26,26,40,41,50,50,30,30,5,38,38,71,71,71,38,63,46,46,46,46,50,62,33,33,33,66,71,71,67,67,67,2],"gold":113,"neow_bonus":"THREE_ENEMY_KILL","is_daily":false,"chose_seed":false,"campfire_upgraded":2,"win_rate":0.0,"timestamp":1609880783,"path_taken":["M","M","$","?","?","E","M","R","T","?","E","R","E","M","R","BOSS","M","$","?","?","?","R","?","M","T","?","R","?","R","?","R","BOSS","M","?","?","$","?","R","E","?","T","R","E","R","M","?","R","BOSS"],"items_purchased_type":["Card","Relic","Card","Potion","Card","Potion"],"build_version":"2020-12-22","purchased_purges":3,"victory":true,"max_hp_per_floor":[71,71,71,71,71,71,71,71,71,71,71,71,71,71,71,71,71,71,71,71,71,71,71,71,71,71,71,71,71,71,71,71,71,71,71,71,71,71,71,71,71,71,71,71,71,71,71,67,67,67],"card_choices":[{"not_picked":["Beam Cell","Hologram"],"picked":"FTL","floor":1.0},{"not_picked":["Steam","Reprogram"],"picked":"Go for the Eyes","floor":2.0},{"not_picked":["Hello World","Doom and Gloom"],"picked":"Coolheaded","floor":6.0},{"not_picked":["Barrage","Streamline"],"picked":"Rebound","floor":7.0},{"not_picked":["Darkness","Tempest"],"picked":"Loop","floor":11.0},{"not_picked":["Echo Form","Barrage"],"picked":"Genetic Algorithm","floor":13.0},{"not_picked":["Turbo","Hologram"],"picked":"Coolheaded","floor":14.0},{"not_picked":["Amplify","Creative AI"],"picked":"Machine Learning","floor":16.0},{"not_picked":["Consume+1","Stack"],"picked":"Double Energy","floor":18.0},{"not_picked":["Stack","Steam"],"picked":"Ball Lightning","floor":22.0},{"not_picked":["Beam Cell","Sweeping Beam"],"picked":"Biased Cognition","floor":25.0},{"not_picked":["FTL+1","Self Repair"],"picked":"Aggregate","floor":27.0},{"not_picked":["Rainbow","Machine Learning"],"picked":"Buffer","floor":33.0},{"not_picked":["Rebound+1","Stack+1"],"picked":"Coolheaded","floor":35.0},{"not_picked":["Double Energy","BootSequence"],"picked":"Compile Driver+1","floor":39.0},{"not_picked":["Beam Cell+1","Leap+1"],"picked":"Streamline+1","floor":41.0},{"not_picked":["Sweeping Beam+1","Compile Driver+1"],"picked":"Conserve Battery","floor":45.0},{"not_picked":["Double Energy+1","Meteor Strike+1","FTL+1"],"picked":"SKIP","floor":47.0}],"player_experience":389498,"relics_obtained":[{"floor":6.0,"key":"Shovel"},{"floor":8.0,"key":"Kunai"},{"floor":9.0,"key":"Bird Faced Urn"},{"floor":10.0,"key":"Whetstone"},{"floor":11.0,"key":"Potion Belt"},{"floor":13.0,"key":"Eternal Feather"},{"floor":23.0,"key":"Matryoshka"},{"floor":24.0,"key":"Bag of Preparation"},{"floor":24.0,"key":"MawBank"},{"floor":26.0,"key":"Centennial Puzzle"},{"floor":26.0,"key":"Sundial"},{"floor":27.0,"key":"Thread and Needle"},{"floor":27.0,"key":"HornCleat"},{"floor":31.0,"key":"Pen Nib"},{"floor":32.0,"key":"Molten Egg 2"},{"floor":37.0,"key":"Nunchaku"},{"floor":41.0,"key":"Peace Pipe"},{"floor":43.0,"key":"PreservedInsect"},{"floor":45.0,"key":"Bronze Scales"},{"floor":46.0,"key":"Orichalcum"}],"event_choices":[{"damage_healed":0.0,"max_hp_gain":0.0,"max_hp_loss":0.0,"gold_gain":0.0,"event_name":"Liars Game","player_choice":"Ignored","floor":4.0,"gold_loss":0.0,"damage_taken":0.0},{"damage_healed":0.0,"max_hp_gain":0.0,"max_hp_loss":0.0,"gold_gain":75.0,"event_name":"World of Goop","player_choice":"Gather Gold","floor":5.0,"gold_loss":0.0,"damage_taken":11.0},{"damage_healed":0.0,"max_hp_gain":0.0,"max_hp_loss":0.0,"gold_gain":0.0,"event_name":"Masked Bandits","player_choice":"Paid Fearfully","floor":20.0,"gold_loss":6.0,"damage_taken":0.0},{"damage_healed":14.0,"max_hp_gain":0.0,"max_hp_loss":0.0,"gold_gain":0.0,"event_name":"The Library","player_choice":"Heal","floor":21.0,"gold_loss":0.0,"damage_taken":0.0},{"damage_healed":0.0,"max_hp_gain":0.0,"max_hp_loss":0.0,"gold_gain":0.0,"event_name":"Colosseum","player_choice":"Fight","floor":27.0,"gold_loss":0.0,"damage_taken":0.0},{"damage_healed":0.0,"max_hp_gain":0.0,"max_hp_loss":0.0,"gold_gain":0.0,"event_name":"Colosseum","player_choice":"Fought Nobs","floor":27.0,"gold_loss":0.0,"damage_taken":0.0},{"damage_healed":0.0,"max_hp_gain":0.0,"max_hp_loss":0.0,"gold_gain":0.0,"event_name":"SensoryStone","player_choice":"Memory 1","floor":36.0,"gold_loss":0.0,"damage_taken":0.0},{"cards_removed":["Zap"],"damage_healed":0.0,"max_hp_gain":0.0,"max_hp_loss":0.0,"gold_gain":0.0,"event_name":"Falling","player_choice":"Removed Skill","floor":42.0,"gold_loss":0.0,"damage_taken":0.0},{"damage_healed":0.0,"max_hp_gain":0.0,"max_hp_loss":4.0,"gold_gain":0.0,"event_name":"Winding Halls","player_choice":"Max HP","floor":48.0,"gold_loss":0.0,"damage_taken":0.0}],"is_beta":false,"boss_relics":[{"not_picked":["Snecko Eye","FrozenCore"],"picked":"Empty Cage"},{"not_picked":["Coffee Dripper","Sozu"],"picked":"Velvet Choker"}],"items_purged_floors":[3,19,29],"is_endless":false,"potions_floor_spawned":[6,7,13,16,18,33,39,47],"ascension_level":18}}