{"host":"fzku1ofsxv8lro8o","time":1609824632,"event":{"mods":["BaseMod","Colored Map","Downfall","Minty Spire (QoL Compilation)","Relic Stats","StSLib","everything is the same but u backflip on backflip"],"gold_per_floor":[99,99,199,13,13,0,75,75,75,106,31,47,47,81,92,189,189,114,133,143,143,160,160,160,174,174,190,190,190,221,62,76,176,176,176,190,198,198,212,229,229,242,276,201,201,201,201,212,225,225,225,251,103,103,103],"floor_reached":56,"playtime":3651,"items_purged":["Guardian:CurlUp","Guardian:Defend_Guardian"],"score":1348,"play_id":"7554b19a-e5ab-4934-b18e-08367049fb97","local_time":"20210105083032","is_ascension_mode":true,"campfire_choices":[{"floor":1,"key":"RECALL"},{"data":"Guardian:FloatingOrbs","floor":11,"key":"SMITH"},{"data":"Guardian:PolyBeam","floor":13,"key":"SMITH"},{"data":"Guardian:CompilePackage","floor":18,"key":"SMITH"},{"data":"Guardian:PrismaticBarrier","floor":23,"key":"SMITH"},{"data":"Guardian:ShieldCharger","floor":26,"key":"SMITH"},{"data":"Guardian:VentSteam","floor":29,"key":"SMITH"},{"data":"Guardian:ExploitGems","floor":35,"key":"SMITH"},{"data":"Guardian:Harden","floor":44,"key":"SMITH"},{"data":"Guardian:ChargeUp","floor":47,"key":"SMITH"},{"data":"Guardian:Recover","floor":54,"key":"SMITH"}],"circlet_count":0,"master_deck":["Guardian:TwinSlam","Guardian:FloatingOrbs+1","Guardian:PrismaticBarrier+1","Guardian:VentSteam+1","Guardian:PolyBeam+1","Guardian:ShieldCharger+1","Guardian:CompilePackage+1","Guardian:PrismaticBeam+1","Guardian:StasisStrike+1","Guardian:BronzeArmor+1","Guardian:Recover+1","Guardian:PolyBeam+1","Guardian:PrismaticBarrier+1","Guardian:ExploitGems+1","Guardian:Preprogram+1","Guardian:EvasiveProtocol+1","Guardian:ChargeUp+1","Guardian:Harden+1"],"relics":["Guardian:ModeShifter","downfall:HeartsMalice","Orrery","StrikeDummy","Frozen Egg 2","Lantern","downfall:HeartBlessingRed","Molten Egg 2","Empty Cage","downfall:HeartBlessingGreen","Shuriken","Pear","DollysMirror","Astrolabe","Ornamental Fan","Bottled Tornado","downfall:HeartBlessingBlue","Pocketwatch"],"acts_visited":["Exordium","TheCity","TheBeyond","TheEnding"],"potions_floor_usage":[16,30,55,55,55],"damage_taken":[{"damage":0,"enemies":"Jaw Worm","floor":2,"turns":1},{"damage":0,"enemies":"downfall:FleeingMerchant","floor":4,"turns":1},{"damage":0,"enemies":"Cultist","floor":5,"turns":1},{"damage":5,"enemies":"downfall:FleeingMerchant","floor":6,"turns":4},{"damage":22,"enemies":"Gremlin Nob","floor":10,"turns":5},{"damage":0,"enemies":"2 Louse","floor":12,"turns":2},{"damage":14,"enemies":"3 Sentries","floor":14,"turns":7},{"damage":0,"enemies":"Exordium Thugs","floor":15,"turns":1},{"damage":25,"enemies":"downfall:Ironclad","floor":16,"turns":5},{"damage":6,"enemies":"Chosen","floor":19,"turns":3},{"damage":0,"enemies":"3 Byrds","floor":20,"turns":2},{"damage":7,"enemies":"Centurion and Healer","floor":22,"turns":5},{"damage":5,"enemies":"3 Cultists","floor":25,"turns":4},{"damage":6,"enemies":"Shelled Parasite and Fungi","floor":27,"turns":3},{"damage":21,"enemies":"Slavers","floor":30,"turns":4},{"damage":0,"enemies":"downfall:FleeingMerchant","floor":31,"turns":4},{"damage":0,"enemies":"Snecko","floor":32,"turns":3},{"damage":5,"enemies":"downfall:Watcher","floor":33,"turns":7},{"damage":14,"enemies":"3 Darklings","floor":36,"turns":4},{"damage":0,"enemies":"downfall:FleeingMerchant","floor":37,"turns":3},{"damage":0,"enemies":"3 Shapes","floor":39,"turns":2},{"damage":0,"enemies":"Sphere and 2 Shapes","floor":40,"turns":3},{"damage":0,"enemies":"3 Darklings","floor":42,"turns":4},{"damage":0,"enemies":"Giant Head","floor":43,"turns":6},{"damage":4,"enemies":"Jaw Worm Horde","floor":48,"turns":3},{"damage":11,"enemies":"Maw","floor":49,"turns":5},{"damage":0,"enemies":"downfall:Defect","floor":50,"turns":6},{"damage":30,"enemies":"downfall:CharBossMerchant","floor":52,"turns":8},{"damage":9,"enemies":"downfall:NeowBoss","floor":55,"turns":15}],"seed_played":"-1745827562402753075","potions_obtained":[{"floor":10,"key":"DistilledChaos"},{"floor":12,"key":"Strength Potion"},{"floor":15,"key":"AttackPotion"},{"floor":22,"key":"ColorlessPotion"},{"floor":30,"key":"SteroidPotion"},{"floor":43,"key":"Dexterity Potion"},{"floor":52,"key":"SpeedPotion"}],"is_trial":false,"path_per_floor":["R","M","?","$","M","$","T","?","?","E","R","M","R","E","M","B",null,"R","M","M","?","M","R","T","M","R","M","?","R","E","$","M","B",null,"R","M","$","?","M","M","T","M","E","R","?","?","R","M","M","B",null,"E","$","R","B",null],"character_chosen":"GUARDIAN","items_purchased":["Guardian:FloatingOrbs","Orrery","DollysMirror","Ornamental Fan","SpeedPotion"],"campfire_rested":0,"item_purchase_floors":[4,4,31,37,53],"current_hp_per_floor":[80,80,80,80,80,75,75,75,75,53,53,53,53,39,39,14,80,80,74,74,74,67,67,67,62,62,56,41,41,30,30,30,25,95,95,81,81,81,81,81,81,81,81,91,91,91,91,87,76,76,105,75,75,75,66],"gold":103,"neow_bonus":"THREE_ENEMY_KILL","is_daily":false,"chose_seed":false,"campfire_upgraded":10,"win_rate":0.0,"timestamp":1609824632,"path_taken":["R","M","?","$","M","?","T","?","?","E","R","M","R","E","M","BOSS","R","M","M","?","M","R","T","M","R","M","?","R","E","$","M","BOSS","R","M","$","?","M","M","T","M","E","R","?","?","R","?","M","BOSS","E","$","R","BOSS"],"items_purchased_type":["Card","Relic","Relic","Relic","Potion"],"build_version":"2020-12-22","purchased_purges":2,"victory":true,"max_hp_per_floor":[80,80,80,80,80,80,80,80,80,80,80,80,80,80,80,80,80,80,80,80,80,80,80,80,80,80,80,85,85,95,95,95,95,95,95,95,95,95,95,95,95,95,95,105,105,105,105,105,105,105,105,105,105,105,105],"relic_stats":{"counters":[29,118],"Shuriken":[63],"Ornamental Fan":[164],"Astrolabe":["Guardian:Gem_Purple","Guardian:Preprogram","Guardian:EvasiveProtocol"],"obtain_stats":[{"Lantern":10,"Pear":30,"downfall:HeartBlessingRed":11,"Astrolabe":34,"Guardian:ModeShifter":0,"downfall:HeartsMalice":0,"downfall:HeartBlessingGreen":18,"Frozen Egg 2":8,"Bottled Tornado":43,"Empty Cage":17,"Shuriken":24,"DollysMirror":31,"Ornamental Fan":37,"downfall:HeartBlessingBlue":44,"Orrery":4,"Molten Egg 2":14,"StrikeDummy":7,"Pocketwatch":52},{"Lantern":5,"Pear":15,"downfall:HeartBlessingRed":5,"Astrolabe":18,"Guardian:ModeShifter":0,"downfall:HeartsMalice":0,"downfall:HeartBlessingGreen":9,"Frozen Egg 2":4,"Bottled Tornado":24,"Empty Cage":9,"Shuriken":12,"DollysMirror":16,"Ornamental Fan":20,"downfall:HeartBlessingBlue":24,"Orrery":2,"Molten Egg 2":7,"StrikeDummy":4,"Pocketwatch":28},{"Lantern":9,"Pear":45,"downfall:HeartBlessingRed":9,"Astrolabe":59,"Guardian:ModeShifter":0,"downfall:HeartsMalice":0,"downfall:HeartBlessingGreen":24,"Frozen Egg 2":4,"Bottled Tornado":81,"Empty Cage":24,"Shuriken":34,"DollysMirror":49,"Ornamental Fan":66,"downfall:HeartBlessingBlue":81,"Orrery":0,"Molten Egg 2":18,"StrikeDummy":4,"Pocketwatch":103}],"Pocketwatch":[2]},"card_choices":[{"not_picked":["Guardian:Suspension","Guardian:TemporalStrike"],"picked":"Guardian:Gem_Lightblue","floor":2},{"not_picked":["Guardian:Planning","Guardian:Suspension"],"picked":"Guardian:Gem_Lightblue","floor":4},{"not_picked":["Guardian:FuturePlans","Guardian:ExploitGems"],"picked":"Guardian:PrismaticBarrier","floor":4},{"not_picked":["Guardian:Gem_Cyan","Guardian:GatlingBeam"],"picked":"Guardian:Gem_Lightblue","floor":4},{"not_picked":["Guardian:DecasProtection","Guardian:RollAttack"],"picked":"Guardian:VentSteam","floor":4},{"not_picked":["Guardian:PrimingBeam","Guardian:CrystalBeam"],"picked":"Guardian:Gem_Crimson","floor":4},{"not_picked":["Guardian:Incinerate","Guardian:GuardianWhirl"],"picked":"Guardian:PolyBeam","floor":4},{"not_picked":["Guardian:Gem_Red","Guardian:Gem_Green"],"picked":"Guardian:ShieldCharger","floor":5},{"not_picked":["Guardian:CrystalBeam","Guardian:WalkerClaw","Guardian:Reroute"],"picked":"SKIP","floor":6},{"not_picked":["Guardian:SpikerProtocol+1","Guardian:ArmoredProtocol+1","Guardian:RollAttack"],"picked":"SKIP","floor":10},{"not_picked":["Guardian:Gem_Lightblue","Guardian:TemporalShield"],"picked":"Guardian:Gem_White","floor":12},{"not_picked":["Guardian:TemporalStrike+1","Guardian:Gem_Purple"],"picked":"Guardian:CompilePackage","floor":14},{"not_picked":["Guardian:ArmoredProtocol+1","Guardian:ChargeCore+1"],"picked":"Guardian:PrismaticBeam+1","floor":15},{"not_picked":["Guardian:SphericShield","Guardian:GatlingBeam+1"],"picked":"Guardian:StasisStrike+1","floor":16},{"not_picked":["Guardian:Planning","Guardian:Suspension"],"picked":"Guardian:Gem_Fragmented","floor":19},{"not_picked":["Guardian:TemporalShield","Guardian:ChargeCore+1"],"picked":"Guardian:Gem_Blue","floor":20},{"not_picked":["Guardian:Suspension+1","Guardian:RollAttack+1"],"picked":"Guardian:Gem_Fragmented","floor":22},{"not_picked":["Guardian:Orbwalk+1","Guardian:Gem_Crimson"],"picked":"Guardian:BronzeArmor+1","floor":25},{"not_picked":["Guardian:TemporalStrike+1","Guardian:Planning"],"picked":"Guardian:Recover","floor":27},{"not_picked":["Guardian:Incinerate+1","Guardian:BronzeOrb+1"],"picked":"Guardian:PolyBeam+1","floor":30},{"not_picked":["Guardian:Gem_Lightblue","Guardian:VentSteam"],"picked":"Guardian:Gem_Synthetic","floor":31},{"not_picked":["Guardian:ShieldSpikes","Guardian:VentSteam+1","Guardian:Incinerate+1"],"picked":"SKIP","floor":32},{"not_picked":["Guardian:StasisField","Guardian:TimeSifter+1"],"picked":"Guardian:ExploitGems","floor":33},{"not_picked":["Guardian:VentSteam+1","Guardian:Gem_Lightblue"],"picked":"Guardian:ChargeUp","floor":36},{"not_picked":["Guardian:PrismaticBarrier","Guardian:BronzeArmor","Guardian:ChargeCore+1"],"picked":"SKIP","floor":37},{"not_picked":["Guardian:Planning","Guardian:FuturePlans+1"],"picked":"Guardian:Gem_Cyan","floor":39},{"not_picked":["Guardian:RollAttack+1","Guardian:VentSteam"],"picked":"Guardian:Harden","floor":40},{"not_picked":["Guardian:Gem_Red","Guardian:SentryBeam+1","Guardian:Planning+1"],"picked":"SKIP","floor":42},{"not_picked":["Guardian:GuardianWhirl+1","Guardian:TimeBomb+1"],"picked":"Guardian:Gem_Blue","floor":43},{"not_picked":["Guardian:RollAttack+1","Guardian:SpikerProtocol+1","Guardian:Suspension+1"],"picked":"SKIP","floor":48},{"not_picked":["Guardian:Suspension+1","Guardian:ExploitGems","Guardian:FuturePlans+1"],"picked":"SKIP","floor":49},{"not_picked":["Guardian:Incinerate+1","Guardian:TemporalShield","Guardian:Orbwalk+1"],"picked":"SKIP","floor":52}],"player_experience":817828,"relics_obtained":[{"floor":7,"key":"StrikeDummy"},{"floor":10,"key":"Lantern"},{"floor":14,"key":"Molten Egg 2"},{"floor":24,"key":"Shuriken"},{"floor":30,"key":"Pear"},{"floor":43,"key":"Bottled Tornado"},{"floor":52,"key":"Pocketwatch"}],"event_choices":[],"is_beta":false,"boss_relics":[{"not_picked":["Tiny House","Snecko Eye"],"picked":"Empty Cage"},{"not_picked":["Runic Dome","Calling Bell"],"picked":"Astrolabe"}],"items_purged_floors":[37,53],"is_endless":false,"potions_floor_spawned":[10,12,15,22,30,39,40,43,48,52],"ascension_level":2}}