{"host":"kig4ty9d1aubg29s","time":1609850862,"event":{"mods":["BaseMod","Minty Spire (QoL Compilation)","READ ME - Guardian Mod","READ ME - Snecko Mod","StSLib","The Cursed","The Gatherer","The Hierophant","The Runesmith"],"gold_per_floor":[115,115,132,132,132,132,159,172,172,200,200,200,214,228,228,305,305,323,336,355,355,355,355,355,355],"floor_reached":24,"playtime":751,"items_purged":[],"score":466,"play_id":"901fa806-d6d2-4482-a9f1-e6b96420a16b","local_time":"20210105214742","is_ascension_mode":true,"campfire_choices":[{"data":"Zap","floor":6,"key":"SMITH"},{"floor":11,"key":"REST"},{"floor":15,"key":"REST"},{"floor":23,"key":"REST"}],"circlet_count":0,"master_deck":["AscendersBane","Strike_B","Strike_B","Strike_B","Strike_B","Defend_B","Defend_B","Defend_B","Zap+1","Dualcast","Rebound","Gash","Heatsinks","Capacitor","Storm+1","Loop+1","Buffer+1","Defragment+1","Decay"],"relics":["Cracked Core","NeowsBlessing","Singing Bowl","Regal Pillow","Frozen Egg 2","Nuclear Battery","MutagenicStrength"],"acts_visited":["Exordium","TheCity"],"potions_floor_usage":[10,12,20],"damage_taken":[{"damage":0,"enemies":"2 Louse","floor":1,"turns":1},{"damage":0,"enemies":"Cultist","floor":3,"turns":1},{"damage":0,"enemies":"Gremlin Nob","floor":7,"turns":1},{"damage":7,"enemies":"Small Slimes","floor":8,"turns":2},{"damage":10,"enemies":"3 Sentries","floor":10,"turns":3},{"damage":0,"enemies":"Gremlin Gang","floor":12,"turns":1},{"damage":27,"enemies":"Large Slime","floor":13,"turns":6},{"damage":12,"enemies":"2 Fungi Beasts","floor":14,"turns":3},{"damage":66,"enemies":"Hexaghost","floor":16,"turns":9},{"damage":11,"enemies":"Spheric Guardian","floor":18,"turns":4},{"damage":10,"enemies":"Shell Parasite","floor":19,"turns":5},{"damage":33,"enemies":"Centurion and Healer","floor":20,"turns":7},{"damage":54,"enemies":"Gremlin Leader","floor":24,"turns":9}],"seed_played":"-5051397892558489968","potions_obtained":[{"floor":7,"key":"SmokeBomb"},{"floor":8,"key":"PowerPotion"},{"floor":16,"key":"LiquidBronze"},{"floor":18,"key":"FocusPotion"}],"is_trial":false,"path_per_floor":["M","?","M","$","?","R","E","M","T","E","R","M","M","M","R","B",null,"M","M","M","?","?","R","E"],"character_chosen":"DEFECT","items_purchased":[],"campfire_rested":3,"item_purchase_floors":[],"current_hp_per_floor":[64,64,64,64,64,64,64,57,57,47,71,71,44,34,70,4,56,47,39,6,6,6,44,0,0],"gold":355,"neow_bonus":"THREE_ENEMY_KILL","is_daily":false,"chose_seed":false,"campfire_upgraded":1,"win_rate":0.0,"timestamp":1609850862,"path_taken":["M","?","?","$","?","R","E","M","T","E","R","M","M","M","R","BOSS","M","M","?","?","?","R","E"],"items_purchased_type":[],"build_version":"2020-12-22","purchased_purges":0,"victory":false,"max_hp_per_floor":[71,71,71,71,71,71,71,71,71,71,71,71,71,73,73,73,73,75,77,77,77,77,77,77,77],"card_choices":[{"not_picked":["Compile Driver","BootSequence"],"picked":"Rebound","floor":1},{"not_picked":["Compile Driver","Ball Lightning"],"picked":"Gash","floor":3},{"not_picked":["Fusion","Turbo"],"picked":"Heatsinks","floor":7},{"not_picked":["Compile Driver","Coolheaded"],"picked":"Capacitor","floor":8},{"not_picked":["Reinforced Body","Redo"],"picked":"Storm+1","floor":10},{"not_picked":["Go for the Eyes","Rebound"],"picked":"Loop+1","floor":13},{"not_picked":["Steam","Leap","Conserve Battery"],"picked":"Singing Bowl","floor":14},{"not_picked":["Fission","Multi-Cast"],"picked":"Buffer+1","floor":16},{"not_picked":["Streamline","Lockon","Rebound"],"picked":"Singing Bowl","floor":18},{"not_picked":["Sweeping Beam","Redo","Conserve Battery"],"picked":"Singing Bowl","floor":19},{"not_picked":["Compile Driver","Rebound+1"],"picked":"Defragment+1","floor":20}],"player_experience":1913410,"relics_obtained":[{"floor":7,"key":"Singing Bowl"},{"floor":9,"key":"Regal Pillow"},{"floor":10,"key":"Frozen Egg 2"}],"event_choices":[{"damage_healed":0,"gold_gain":0,"player_choice":"0 cards matched","damage_taken":0,"max_hp_gain":0,"max_hp_loss":0,"event_name":"Match and Keep!","floor":2,"gold_loss":0,"cards_obtained":[]},{"cards_removed":["Defend_B"],"damage_healed":0,"gold_gain":0,"player_choice":"Purged","damage_taken":0,"max_hp_gain":0,"max_hp_loss":0,"event_name":"Purifier","floor":5,"gold_loss":0},{"damage_healed":0,"gold_gain":0,"player_choice":"Inject Mutagens","damage_taken":0,"relics_obtained":["MutagenicStrength"],"max_hp_gain":0,"max_hp_loss":0,"event_name":"Drug Dealer","floor":21,"gold_loss":0},{"damage_healed":0,"gold_gain":0,"player_choice":"Smashed Altar","damage_taken":0,"max_hp_gain":0,"max_hp_loss":0,"event_name":"Forgotten Altar","floor":22,"gold_loss":0,"cards_obtained":["Decay"]}],"is_beta":false,"boss_relics":[{"not_picked":["SlaversCollar","Empty Cage"],"picked":"Nuclear Battery"}],"items_purged_floors":[],"is_endless":false,"potions_floor_spawned":[7,8,16,18],"killed_by":"Gremlin Leader","ascension_level":20}}