{"host":"1a3cjta80tad0aqj","time":1609859058,"event":{"mods":["2.2 Compatiblity","AchievementEnabler","BaseMod","Colored Map","DeckTracker","KOR Keyword Fix","Keyboard Shortcuts","Minty Spire (QoL Compilation)","Permanent Neow","Quick Restart","Random Character Button","StSLib","SuperFastMode","everything is the same but u backflip on backflip"],"gold_per_floor":[114,114,39,56,76,76,107,107,107,124,137,157,157,157,157,262,262,278,288,302,128,140,140,140,140],"floor_reached":24,"playtime":1602,"items_purged":["Defend_B","Defend_B"],"score":200,"play_id":"0bec8187-fd58-40bb-9e01-84ebfb1ad424","local_time":"20210106000418","is_ascension_mode":false,"campfire_choices":[{"data":"Zap","floor":6,"key":"SMITH"},{"data":"Compile Driver","floor":8,"key":"SMITH"},{"floor":15,"key":"REST"},{"floor":23,"key":"REST"}],"circlet_count":0,"master_deck":["Strike_B","Strike_B","Strike_B","Strike_B","Defend_B","Defend_B","Zap+1","Dualcast","Turbo","Compile Driver+1","White Noise","Beam Cell","Skim","Auto Shields","Fusion","Steam","Multi-Cast","CurseOfTheBell","White Noise+1","Genetic Algorithm"],"relics":["Cracked Core","NeowsBlessing","Pantograph","Gremlin Horn","Calling Bell","Omamori","Sundial","FossilizedHelix"],"acts_visited":["Exordium","TheCity"],"potions_floor_usage":[7,16,20,22,24],"damage_taken":[{"damage":0,"enemies":"Jaw Worm","floor":1,"turns":1},{"damage":0,"enemies":"Cultist","floor":4,"turns":1},{"damage":0,"enemies":"2 Louse","floor":5,"turns":1},{"damage":20,"enemies":"Lagavulin","floor":7,"turns":6},{"damage":18,"enemies":"Gremlin Gang","floor":10,"turns":4},{"damage":9,"enemies":"2 Fungi Beasts","floor":11,"turns":3},{"damage":3,"enemies":"Red Slaver","floor":12,"turns":3},{"damage":58,"enemies":"Hexaghost","floor":16,"turns":10},{"damage":0,"enemies":"Chosen","floor":18,"turns":5},{"damage":9,"enemies":"2 Thieves","floor":19,"turns":4},{"damage":12,"enemies":"3 Cultists","floor":20,"turns":3},{"damage":35,"enemies":"Shelled Parasite and Fungi","floor":22,"turns":5},{"damage":52,"enemies":"Cultist and Chosen","floor":24,"turns":8}],"seed_played":"4503732820867270699","potions_obtained":[{"floor":1,"key":"Weak Potion"},{"floor":7,"key":"Swift Potion"},{"floor":10,"key":"Regen Potion"},{"floor":18,"key":"FearPotion"},{"floor":22,"key":"LiquidBronze"}],"is_trial":false,"path_per_floor":["M","?","$","M","M","R","E","R","T","M","M","M","?","?","R","B",null,"M","M","M","$","M","R","M"],"character_chosen":"DEFECT","items_purchased":["Genetic Algorithm"],"campfire_rested":2,"item_purchase_floors":[21],"current_hp_per_floor":[75,75,75,75,75,75,55,55,55,37,28,25,25,25,47,29,75,75,66,54,54,19,41,0,0],"gold":140,"neow_bonus":"THREE_ENEMY_KILL","is_daily":false,"chose_seed":false,"campfire_upgraded":2,"win_rate":0.0,"timestamp":1609859058,"path_taken":["M","?","$","?","M","R","E","R","T","M","M","M","?","?","R","BOSS","M","M","?","$","M","R","M"],"items_purchased_type":["Card"],"build_version":"2020-12-22","purchased_purges":2,"victory":false,"max_hp_per_floor":[75,75,75,75,75,75,75,75,75,75,75,75,75,75,75,75,75,75,75,75,75,75,75,75,75],"card_choices":[{"not_picked":["Scrape","Go for the Eyes"],"picked":"Turbo","floor":1},{"not_picked":["Go for the Eyes","Darkness"],"picked":"Compile Driver","floor":4},{"not_picked":["Chaos","Redo"],"picked":"White Noise","floor":5},{"not_picked":["Scrape","Fusion"],"picked":"Beam Cell","floor":7},{"not_picked":["Beam Cell","FTL"],"picked":"Skim","floor":10},{"not_picked":["Turbo","All For One"],"picked":"Auto Shields","floor":11},{"not_picked":["Doom and Gloom","Barrage"],"picked":"Fusion","floor":12},{"not_picked":["Thunder Strike","All For One"],"picked":"Multi-Cast","floor":16},{"not_picked":["Beam Cell","Stack","Steam"],"picked":"SKIP","floor":18},{"not_picked":["Steam","Coolheaded","Consume"],"picked":"SKIP","floor":19},{"not_picked":["Auto Shields","Aggregate"],"picked":"White Noise+1","floor":20},{"not_picked":["Turbo","Gash","Glacier"],"picked":"SKIP","floor":22}],"player_experience":143703,"relics_obtained":[{"floor":7,"key":"Pantograph"},{"floor":9,"key":"Gremlin Horn"},{"floor":17,"key":"Omamori"},{"floor":17,"key":"Sundial"},{"floor":17,"key":"FossilizedHelix"}],"event_choices":[{"damage_healed":0,"gold_gain":0,"player_choice":"Ignored","damage_taken":0,"max_hp_gain":0,"max_hp_loss":0,"event_name":"NoteForYourself","floor":2,"gold_loss":0},{"damage_healed":0,"gold_gain":0,"player_choice":"Fled","damage_taken":0,"max_hp_gain":0,"max_hp_loss":0,"event_name":"Scrap Ooze","floor":13,"gold_loss":0},{"damage_healed":0,"gold_gain":0,"player_choice":"1 cards matched","damage_taken":0,"max_hp_gain":0,"max_hp_loss":0,"event_name":"Match and Keep!","floor":14,"gold_loss":0,"cards_obtained":["Steam"]}],"is_beta":false,"boss_relics":[{"not_picked":["Black Star","FrozenCore"],"picked":"Calling Bell"}],"items_purged_floors":[3,21],"is_endless":false,"potions_floor_spawned":[1,7,10,18,22],"killed_by":"Cultist and Chosen","ascension_level":0}}