{"host":"8u40nq559zpgb6zp","time":1609879700,"event":{"mods":["Aspiration","Bard","BaseMod","Beaked The Cultist","Better Altar","Better Match","Better Note","Better Sensory Stone","Better Skull","Better Third Choice","BetterRewards","CCEM","Clawfect","Conspire","Duelist Mod","Googly Eyes","Halation","Hermit","Highlight Path","Infinite Spire","Jedi Mod","Jorbs\u0027s Wanderer Trilogy","Mad Scientist","Marisa（霧雨　魔理沙）","Minty Spire (QoL Compilation)","Permanent Neow","Replay The Spire","Shade Mod","Shop Mod","Spicy Shops","StSLib","The Bladedancer","The Construct","The Cursed","The Disciple","The Druid","The Gatherer","The Hierophant","The IronCluck","The Jungle","The Mystic","The Necromancer","The Runesmith","The Senshi","The Servant 0.9.4","The Spell Scribe","The Witch","slay the spire mod where everything is the same but ironclad has a cowboy hat"],"gold_per_floor":[110,125,141,151,151,151,178,198,198,223,240,257,257,275,275,379,379,392,402,402,414,24,24,35,35,35,48,48,60,60,94,94,197,197,215,240,240,252,265,300,300,313,365,290,305,305,5,35,35,133,133,149,5,5,63,80,80,80,80,80,48,48],"floor_reached":61,"playtime":3270,"items_purged":[],"score":847,"play_id":"841d1543-3c14-4627-93af-122c0686323f","local_time":"20210105154820","is_ascension_mode":false,"campfire_choices":[{"data":"jedi:locknload","floor":6.0,"key":"SMITH"},{"data":"ReplayRNGCard","floor":13.0,"key":"SMITH"},{"data":"Clawfect:ClawingBeam","floor":15.0,"key":"SMITH"},{"data":"ReplayTheSpireMod:Fabricate Wheel","floor":23.0,"key":"SMITH"},{"data":"Aggregate","floor":30.0,"key":"SMITH"},{"floor":32.0,"key":"REST"},{"floor":41.0,"key":"REST"},{"data":"jedi:bruteforce","floor":46.0,"key":"SMITH"},{"floor":49.0,"key":"REST"},{"data":"ReplayRNGCard","floor":57,"key":"SMITH"},{"data":"Clawfect:ClawSnap","floor":59,"key":"SMITH"}],"circlet_count":0,"master_deck":["Gash+1","Gash","Gash","Gash","Defend_B","Defend_B","Defend_B","Defend_B","Defend_B","Clawfect:ClawSnap+1","Glacier","Clawfect:ClawingBeam+1","jedi:locknload+1","jedi:BurstLightning+1","Madness+1","Clawfect:ClawForTheEyes+1","ReplayRNGCard+1","Clawfect:Clawline+1","Conserve Battery","Electrodynamics","Clawfect:Clawrage+1","Clawfect:ClawSnap+1","Clawfect:ClawpileDriver+1","jedi:bruteforce+1","Clawfect:ClawpileDriver+1","jedi:locknload","jedi:sharpshooter+1","Panic Button+1","Clawfect:Clawline+1","Aggregate+1","jedi:BurstLightning+1","Meteor Strike+1","Tempest+1","Gash+1","Capacitor","Core Surge+1","Leap+1","jedi:sharpshooter+1","White Noise+1","ReplaySolidLightProjector+1","Gash+1","ReplayRNGCard+1","Clawfect:ClawForTheEyes+1","Clawfect:ClawSnap+1","Injury","Clawfect:Clawline+1","jedi:markofdeath+1"],"relics":["Nuclear Battery","Molten Egg 2","infinitespire:FocusingShard","Blood Vial","beaked:SacredDeck","jedi:fakemustache","jedi:heavyjacket","Prayer Wheel","Vajra","aspiration:RitualStick","infinitespire:PuzzleCube","Busted Crown","Bag of Preparation","jedi:kaleidoscope","Potion Belt","Happy Flower","Sling","CCEMRelics:SpiritsEdge","conspire:SpecialSausage","Membership Card","Toxic Egg 2","halation:BlackBeret","Cables","CCEMRelics:DissonantTune"],"acts_visited":["Exordium","TheCity","TheBeyond"],"potions_floor_usage":[61,61],"damage_taken":[{"damage":0.0,"enemies":"Cultist","floor":1.0,"turns":4.0},{"damage":3.0,"enemies":"2 Louse","floor":2.0,"turns":3.0},{"damage":0.0,"enemies":"Small Slimes","floor":3.0,"turns":4.0},{"damage":0.0,"enemies":"2 Fungi Beasts","floor":4.0,"turns":4.0},{"damage":17.0,"enemies":"Gremlin Nob","floor":7.0,"turns":4.0},{"damage":0.0,"enemies":"Blue Slaver","floor":8.0,"turns":4.0},{"damage":2.0,"enemies":"Replay:BlueRogue","floor":10.0,"turns":5.0},{"damage":4.0,"enemies":"Red Slaver","floor":11.0,"turns":3.0},{"damage":0.0,"enemies":"Large Slime","floor":12.0,"turns":4.0},{"damage":0.0,"enemies":"2 Fungi Beasts","floor":14.0,"turns":2.0},{"damage":4.0,"enemies":"Hexaghost","floor":16.0,"turns":6.0},{"damage":28.0,"enemies":"2 Thieves","floor":18.0,"turns":4.0},{"damage":0.0,"enemies":"Chosen","floor":19.0,"turns":4.0},{"damage":20.0,"enemies":"Shelled Parasite and Fungi","floor":21.0,"turns":5.0},{"damage":0.0,"enemies":"Sentry and Sphere","floor":24.0,"turns":5.0},{"damage":2.0,"enemies":"conspire:HollyBat","floor":27.0,"turns":5.0},{"damage":3.0,"enemies":"Shelled Parasite and Fungi","floor":29.0,"turns":4.0},{"damage":0.0,"enemies":"Nightmare","floor":31.0,"turns":5.0},{"damage":10.0,"enemies":"conspire:MysteriousRune","floor":33.0,"turns":6.0},{"damage":28.0,"enemies":"3 Shapes","floor":35.0,"turns":4.0},{"damage":12.0,"enemies":"conspire:MimicChest","floor":36.0,"turns":5.0},{"damage":2.0,"enemies":"3 Darklings","floor":38.0,"turns":4.0},{"damage":4.0,"enemies":"Writhing Mass","floor":39.0,"turns":4.0},{"damage":28.0,"enemies":"Nemesis","floor":40.0,"turns":4.0},{"damage":0.0,"enemies":"Spire Growth","floor":42.0,"turns":3.0},{"damage":0.0,"enemies":"Sphere and 2 Shapes","floor":45.0,"turns":5.0},{"damage":0.0,"enemies":"Giant Head","floor":48.0,"turns":4.0},{"damage":75.0,"enemies":"Time Eater","floor":50.0,"turns":9.0},{"damage":0,"enemies":"Small Slimes","floor":52,"turns":1},{"damage":7,"enemies":"Lagavulin Event","floor":55,"turns":2},{"damage":0,"enemies":"Cultist","floor":56,"turns":1},{"damage":84,"enemies":"Nightmare_Alpha","floor":61,"turns":6}],"seed_played":"4599528485753814474","potions_obtained":[{"floor":3.0,"key":"jedi:coolantleak"},{"floor":4.0,"key":"Languid Potion"},{"floor":10.0,"key":"Energy Potion"},{"floor":11.0,"key":"DuplicationPotion"},{"floor":19.0,"key":"CultistPotion"},{"floor":20.0,"key":"Fruit Juice"},{"floor":20.0,"key":"BlessingOfTheForge"},{"floor":20.0,"key":"SneckoOil"},{"floor":21.0,"key":"FocusPotion"},{"floor":33.0,"key":"Weak Potion"},{"floor":35.0,"key":"Weak Potion"},{"floor":42.0,"key":"AttackPotion"},{"floor":50.0,"key":"CultistPotion"},{"floor":56,"key":"LifebloodPotion"}],"is_trial":false,"path_per_floor":["M","M","M","M","?","R","E","M","T","E","M","M","R","M","R","B",null,"M","M","?","M","$","R","M","?","T","M","?","M","R","NM","R","B",null,"M","?","?","M","M","E","R","M","T","?","M","R","$","E","R","B",null,"M","$","?","?","M","R","T","R","T","NM"],"character_chosen":"DEFECT","items_purchased":["jedi:fakemustache","jedi:heavyjacket","Happy Flower","Sling","Membership Card"],"campfire_rested":3,"item_purchase_floors":[22,22,47,47,53],"current_hp_per_floor":[75,72,72,72,72,72,55,55,55,53,51,53,53,55,55,53,75,47,49,54,36,51,51,53,53,53,53,37,36,36,38,62,54,80,52,42,42,42,40,14,38,40,40,40,42,42,52,54,78,5,80,80,80,80,73,75,75,75,75,75,0,0],"gold":48,"neow_bonus":"BOSS_RELIC","is_daily":false,"chose_seed":false,"campfire_upgraded":8,"win_rate":0.0,"timestamp":1609879700,"path_taken":["M","M","?","M","?","R","E","M","T","E","M","M","R","M","R","BOSS","M","M","?","M","$","R","M","?","T","M","?","M","R","NM","R","BOSS","M","?","?","M","M","E","R","M","T","?","M","R","$","E","R","BOSS","M","$","?","?","M","R","?","R","T","NM"],"items_purchased_type":["Relic","Relic","Relic","Relic","Relic"],"build_version":"2020-12-22","purchased_purges":0,"victory":false,"max_hp_per_floor":[75,75,75,75,75,75,75,75,75,75,75,75,75,75,75,75,75,75,75,80,80,80,80,80,80,80,80,80,80,80,80,80,80,80,80,80,80,80,80,80,80,80,80,80,80,80,80,80,80,80,80,80,80,80,80,80,80,80,80,80,80,80],"card_choices":[{"not_picked":["jedi:reiji","Clawfect:ClawCell"],"picked":"Clawfect:ClawSnap","floor":1.0},{"not_picked":["jedi:BurstLightning","Gash"],"picked":"Glacier","floor":2.0},{"not_picked":["Turbo","jedi:BurstLightning"],"picked":"Clawfect:ClawingBeam","floor":3.0},{"not_picked":["conspire:Rain","Glacier"],"picked":"jedi:locknload","floor":4.0},{"not_picked":["Crystallizer","Redo"],"picked":"jedi:BurstLightning+1","floor":7.0},{"not_picked":["Tempest","Clawfect:ClawForTheEyes+1"],"picked":"FTL+1","floor":8.0},{"not_picked":["Clawfect:ClawCell+1","Reinforced Body"],"picked":"Clawfect:ClawForTheEyes+1","floor":10.0},{"not_picked":["Clawfect:Clawter+1","jedi:blockon"],"picked":"ReplayRNGCard","floor":11.0},{"not_picked":["jedi:reiji","Leap"],"picked":"Clawfect:Clawline+1","floor":12.0},{"not_picked":["Undo","Stack"],"picked":"Conserve Battery","floor":14.0},{"not_picked":["Fission","Amplify"],"picked":"Electrodynamics","floor":16.0},{"not_picked":["jedi:sharpshooter+1","Clawfect:ScrapingClaw+1"],"picked":"Clawfect:Clawrage+1","floor":18.0},{"not_picked":["Hello World","Self Repair"],"picked":"Clawfect:ClawSnap+1","floor":19.0},{"not_picked":["Time Bomb","Rebound+1"],"picked":"Clawfect:ClawpileDriver+1","floor":21.0},{"not_picked":["Genetic Algorithm","Darkness"],"picked":"Clawfect:ClawpileDriver+1","floor":24.0},{"not_picked":["Multi-Cast","Clawfect:Clawline+1"],"picked":"jedi:locknload","floor":24.0},{"not_picked":["FTL+1","Panic Button+1"],"picked":"jedi:sharpshooter+1","floor":27.0},{"not_picked":["Hologram","Clawfect:Clawter+1"],"picked":"Panic Button+1","floor":27.0},{"not_picked":["Recycle","Hologram+1"],"picked":"Clawfect:Clawline+1","floor":29.0},{"not_picked":["jedi:BurstFrost","ReplayTheSpireMod:Dual Polarity+1"],"picked":"Aggregate","floor":29.0},{"not_picked":["Hologram","FTL+1"],"picked":"jedi:BurstLightning+1","floor":31.0},{"not_picked":["Amplify","Rainbow"],"picked":"Meteor Strike+1","floor":33.0},{"not_picked":[],"picked":"Tempest+1","floor":35.0},{"not_picked":["jedi:spotbugs"],"picked":"SKIP","floor":35.0},{"not_picked":[],"picked":"Gash+1","floor":38.0},{"not_picked":[],"picked":"Capacitor","floor":38.0},{"not_picked":[],"picked":"Core Surge+1","floor":39.0},{"not_picked":["Redo+1"],"picked":"SKIP","floor":39.0},{"not_picked":["Turbo+1"],"picked":"SKIP","floor":40.0},{"not_picked":[],"picked":"Leap+1","floor":42.0},{"not_picked":[],"picked":"jedi:sharpshooter+1","floor":42.0},{"not_picked":[],"picked":"White Noise+1","floor":45.0},{"not_picked":[],"picked":"ReplaySolidLightProjector+1","floor":45.0},{"not_picked":[],"picked":"Gash+1","floor":48.0},{"not_picked":[],"picked":"ReplayRNGCard","floor":50.0},{"not_picked":[],"picked":"Clawfect:ClawForTheEyes+1","floor":52},{"not_picked":[],"picked":"Clawfect:ClawSnap+1","floor":52},{"not_picked":[],"picked":"Clawfect:Clawline+1","floor":55},{"not_picked":[],"picked":"jedi:markofdeath+1","floor":56},{"not_picked":["Leap+1"],"picked":"SKIP","floor":56}],"player_experience":1016593,"relics_obtained":[{"floor":7.0,"key":"Molten Egg 2"},{"floor":9.0,"key":"infinitespire:FocusingShard"},{"floor":10.0,"key":"Blood Vial"},{"floor":26.0,"key":"Vajra"},{"floor":31.0,"key":"infinitespire:PuzzleCube"},{"floor":36.0,"key":"Bag of Preparation"},{"floor":40.0,"key":"jedi:kaleidoscope"},{"floor":43.0,"key":"Potion Belt"},{"floor":48.0,"key":"CCEMRelics:SpiritsEdge"},{"floor":58,"key":"Cables"},{"floor":60,"key":"CCEMRelics:DissonantTune"}],"event_choices":[{"damage_healed":0.0,"max_hp_gain":0.0,"max_hp_loss":0.0,"gold_gain":0.0,"event_name":"Lab","player_choice":"Got Potions","floor":20.0,"gold_loss":0.0,"damage_taken":0.0},{"damage_healed":0.0,"max_hp_gain":0.0,"max_hp_loss":0.0,"gold_gain":0.0,"event_name":"betterNote:BetterNote","player_choice":"Ignored","floor":25.0,"gold_loss":0.0,"damage_taken":0.0,"cards_obtained":["Clawfect:Clawter"]},{"cards_removed":["Gash"],"damage_healed":0.0,"max_hp_gain":0.0,"max_hp_loss":0.0,"gold_gain":0.0,"event_name":"Falling","player_choice":"Removed Attack","floor":37.0,"gold_loss":0.0,"damage_taken":0.0},{"damage_healed":0.0,"max_hp_gain":0.0,"max_hp_loss":0.0,"gold_gain":0.0,"event_name":"betterMatch:BetterMatch","player_choice":"2","floor":44.0,"gold_loss":0.0,"damage_taken":0.0,"cards_obtained":[]},{"damage_healed":0,"gold_gain":0,"player_choice":"Searched \u00272\u0027 times","damage_taken":0,"relics_obtained":["halation:BlackBeret"],"max_hp_gain":0,"max_hp_loss":0,"event_name":"Dead Adventurer","floor":55,"gold_loss":0}],"is_beta":false,"boss_relics":[{"not_picked":["Fusion Hammer","Tiny House"],"picked":"beaked:SacredDeck"},{"not_picked":["halation:LoveArrow","aspiration:SecretTechniqueScroll"],"picked":"Busted Crown"},{"not_picked":["Runic Pyramid","Inserter"],"picked":"conspire:SpecialSausage"}],"items_purged_floors":[],"is_endless":true,"potions_floor_spawned":[3,4,10,11,14,19,21,27,33,35,42,50,56],"killed_by":"Nightmare_Alpha","ascension_level":0}}