{"host":"yptvp0rjza9g9li7","time":1609856242,"event":{"mods":["AchievementEnabler","BaseMod","Colored Map","Colored Powertips","DeckTracker","Minty Spire (QoL Compilation)","SuperFastMode"],"gold_per_floor":[111,124,124,148,168,168,183,227,227,250,266,266,305,305,305,425,425,425,425],"floor_reached":18,"playtime":1069,"items_purged":[],"score":174,"play_id":"b25bf514-b850-492d-b21f-26fbfaba929f","local_time":"20210105231722","is_ascension_mode":false,"campfire_choices":[{"data":"Acrobatics","floor":6.0,"key":"SMITH"},{"floor":12.0,"key":"REST"},{"floor":15.0,"key":"REST"}],"circlet_count":0,"master_deck":["Strike_G","Strike_G","Strike_G","Strike_G","Defend_G","Defend_G","Defend_G","Defend_G","Survivor","Neutralize","Caltrops","Prepared","Injury","Acrobatics+1","Flechettes","Quick Slash","Slice","Backstab","Calculated Gamble","Eviscerate","Die Die Die"],"relics":["Ring of the Snake","Golden Idol","Bag of Preparation","Meat on the Bone","Ornamental Fan","SsserpentHead","SlaversCollar"],"acts_visited":["Exordium","TheCity"],"potions_floor_usage":[],"damage_taken":[{"damage":0.0,"enemies":"Cultist","floor":1.0,"turns":5.0},{"damage":0.0,"enemies":"Small Slimes","floor":2.0,"turns":5.0},{"damage":0.0,"enemies":"2 Louse","floor":4.0,"turns":3.0},{"damage":7.0,"enemies":"Looter","floor":5.0,"turns":4.0},{"damage":5.0,"enemies":"Exordium Wildlife","floor":7.0,"turns":8.0},{"damage":29.0,"enemies":"Gremlin Nob","floor":8.0,"turns":5.0},{"damage":7.0,"enemies":"3 Louse","floor":10.0,"turns":4.0},{"damage":0.0,"enemies":"2 Fungi Beasts","floor":11.0,"turns":2.0},{"damage":45.0,"enemies":"Lagavulin","floor":13.0,"turns":8.0},{"damage":13.0,"enemies":"Slime Boss","floor":16.0,"turns":14.0},{"damage":7,"enemies":"3 Byrds","floor":18,"turns":2}],"seed_played":"-6293492060655132518","potions_obtained":[{"floor":1.0,"key":"EntropicBrew"},{"floor":7.0,"key":"Explosive Potion"},{"floor":8.0,"key":"SpeedPotion"},{"floor":13.0,"key":"Dexterity Potion"}],"is_trial":false,"path_per_floor":["M","M","?","M","M","R","M","E","T","M","M","R","E","?","R","B",null,"M"],"character_chosen":"THE_SILENT","items_purchased":[],"campfire_rested":2,"item_purchase_floors":[],"current_hp_per_floor":[49,49,49,49,42,42,37,8,8,13,25,46,13,13,34,33,70,63,63],"gold":425,"neow_bonus":"REMOVE_TWO","is_daily":false,"chose_seed":false,"campfire_upgraded":1,"win_rate":0.0,"timestamp":1609856242,"path_taken":["M","M","?","M","M","R","M","E","T","M","M","R","E","?","R","BOSS","M"],"items_purchased_type":[],"build_version":"2020-12-22","purchased_purges":0,"victory":false,"max_hp_per_floor":[70,70,70,70,70,70,70,70,70,70,70,70,70,70,70,70,70,70,70],"card_choices":[{"not_picked":["Finisher","Predator"],"picked":"Caltrops","floor":1.0},{"not_picked":["Caltrops","Bane"],"picked":"Prepared","floor":2.0},{"not_picked":["Backflip","Noxious Fumes"],"picked":"Acrobatics","floor":4.0},{"not_picked":["Crippling Poison","Underhanded Strike"],"picked":"Flechettes","floor":5.0},{"not_picked":["Outmaneuver","Riddle With Holes"],"picked":"Quick Slash","floor":7.0},{"not_picked":["Crippling Poison","Bane"],"picked":"Slice","floor":8.0},{"not_picked":["Venomology","Underhanded Strike"],"picked":"Backstab","floor":10.0},{"not_picked":["Underhanded Strike","Deadly Poison"],"picked":"Calculated Gamble","floor":11.0},{"not_picked":["Deflect","Crippling Poison"],"picked":"Eviscerate","floor":13.0},{"not_picked":["Corpse Explosion","Bullet Time"],"picked":"Die Die Die","floor":16.0}],"player_experience":160091,"relics_obtained":[{"floor":8.0,"key":"Bag of Preparation"},{"floor":9.0,"key":"Meat on the Bone"},{"floor":13.0,"key":"Ornamental Fan"}],"event_choices":[{"damage_healed":0.0,"max_hp_gain":0.0,"max_hp_loss":0.0,"gold_gain":0.0,"event_name":"Golden Idol","player_choice":"Take Wound","floor":3.0,"gold_loss":0.0,"damage_taken":0.0,"relics_obtained":["Golden Idol"],"cards_obtained":["Injury"]},{"damage_healed":0.0,"max_hp_gain":0.0,"max_hp_loss":0.0,"gold_gain":0.0,"event_name":"FaceTrader","player_choice":"Trade","floor":14.0,"gold_loss":0.0,"damage_taken":0.0,"relics_obtained":["SsserpentHead"]}],"is_beta":false,"boss_relics":[{"not_picked":["Calling Bell","SacredBark"],"picked":"SlaversCollar"}],"items_purged_floors":[],"is_endless":false,"potions_floor_spawned":[1,7,8,13],"killed_by":"3 Byrds","ascension_level":0}}