{"host":"ur405gpummdrt5xj","time":1609880075,"event":{"mods":["BaseMod","Colored Map","Minty Spire (QoL Compilation)","Quick Restart"],"gold_per_floor":[117,117,63,79,90,119,119,137,215,290,300,250,250,263,263,359,359,375,395,171,801,801,801],"floor_reached":22,"playtime":679,"items_purged":["Strike_P"],"score":392,"play_id":"530b3ac9-4a4b-4db6-822a-b39f2ac03755","local_time":"20210105125435","is_ascension_mode":true,"campfire_choices":[{"data":"Eruption","floor":7,"key":"SMITH"},{"floor":13,"key":"REST"},{"data":"CutThroughFate","floor":15,"key":"SMITH"}],"circlet_count":0,"master_deck":["Strike_P","Strike_P","Defend_P","Defend_P","Defend_P+1","Eruption+1","Vigilance","CutThroughFate+1","Tantrum","CutThroughFate","LessonLearned"],"relics":["PureWater","NeowsBlessing","Mango","Letter Opener","Sozu","Orichalcum"],"acts_visited":["Exordium","TheCity"],"potions_floor_usage":[6,11],"damage_taken":[{"damage":0,"enemies":"Small Slimes","floor":1,"turns":1},{"damage":0,"enemies":"Cultist","floor":4,"turns":1},{"damage":0,"enemies":"Jaw Worm","floor":5,"turns":1},{"damage":35,"enemies":"Lagavulin","floor":6,"turns":4},{"damage":6,"enemies":"Blue Slaver","floor":8,"turns":2},{"damage":0,"enemies":"2 Fungi Beasts","floor":11,"turns":2},{"damage":2,"enemies":"Gremlin Gang","floor":14,"turns":3},{"damage":0,"enemies":"Slime Boss","floor":16,"turns":6},{"damage":0,"enemies":"3 Byrds","floor":18,"turns":3},{"damage":0,"enemies":"Chosen","floor":19,"turns":3},{"damage":51,"enemies":"Snake Plant","floor":22,"turns":2}],"seed_played":"-1855601938520351895","potions_obtained":[{"floor":4,"key":"FairyPotion"},{"floor":5,"key":"Fire Potion"},{"floor":6,"key":"StancePotion"},{"floor":11,"key":"Fruit Juice"}],"is_trial":false,"path_per_floor":["M","?","$","M","M","E","R","M","T","?","M","?","R","M","R","B",null,"M","M","$","?","M"],"character_chosen":"WATCHER","items_purchased":["CutThroughFate","Orichalcum"],"campfire_rested":1,"item_purchase_floors":[3,20],"current_hp_per_floor":[65,65,65,65,65,44,44,38,38,27,32,32,59,57,57,57,83,83,83,83,14,0,0],"gold":801,"neow_bonus":"THREE_ENEMY_KILL","is_daily":false,"chose_seed":false,"campfire_upgraded":2,"win_rate":0.0,"timestamp":1609880075,"path_taken":["M","?","?","M","?","E","R","M","T","?","M","?","R","M","R","BOSS","M","M","$","?","?"],"items_purchased_type":["Card","Relic"],"build_version":"2020-12-22","purchased_purges":1,"victory":false,"max_hp_per_floor":[72,72,72,72,72,86,86,86,86,86,91,91,91,91,91,91,91,91,91,91,91,91,91],"card_choices":[{"not_picked":["ClearTheMind","WreathOfFlame","FlurryOfBlows"],"picked":"SKIP","floor":1},{"not_picked":["BattleHymn","Protect","Perseverance"],"picked":"SKIP","floor":4},{"not_picked":["SashWhip","FlyingSleeves"],"picked":"Tantrum","floor":5},{"not_picked":["Perseverance","ThirdEye","Worship"],"picked":"SKIP","floor":6},{"not_picked":["LikeWater","Halt"],"picked":"CutThroughFate","floor":8},{"not_picked":["Brilliance","Sanctity","JustLucky"],"picked":"SKIP","floor":11},{"not_picked":["InnerPeace","DeceiveReality","ForeignInfluence"],"picked":"SKIP","floor":14},{"not_picked":["Omniscience","Alpha"],"picked":"LessonLearned","floor":16},{"not_picked":["PathToVictory","Evaluate+1","WindmillStrike+1"],"picked":"SKIP","floor":18},{"not_picked":["Protect+1","ClearTheMind","SashWhip+1"],"picked":"SKIP","floor":19}],"player_experience":526644,"relics_obtained":[{"floor":6,"key":"Mango"},{"floor":9,"key":"Letter Opener"}],"event_choices":[{"cards_removed":["Defend_P"],"damage_healed":0,"gold_gain":0,"player_choice":"Offered Basic","damage_taken":0,"max_hp_gain":0,"max_hp_loss":0,"event_name":"Bonfire Elementals","floor":2,"gold_loss":0},{"damage_healed":0,"gold_gain":75,"player_choice":"Gather Gold","damage_taken":11,"max_hp_gain":0,"max_hp_loss":0,"event_name":"World of Goop","floor":10,"gold_loss":0},{"cards_removed":["Strike_P"],"damage_healed":0,"gold_gain":0,"player_choice":"Card Removal","damage_taken":0,"max_hp_gain":0,"max_hp_loss":0,"event_name":"The Cleric","floor":12,"gold_loss":50},{"damage_healed":0,"gold_gain":630,"player_choice":"GOLD GOLD GOLD GOLD GOLD GOLD GOLD ","damage_taken":69,"max_hp_gain":0,"max_hp_loss":0,"event_name":"Knowing Skull","floor":21,"potions_obtained":[],"gold_loss":0,"cards_obtained":[]}],"is_beta":false,"boss_relics":[{"not_picked":["Snecko Eye","Black Star"],"picked":"Sozu"}],"items_purged_floors":[20],"is_endless":false,"potions_floor_spawned":[4,5,6,11,18,19],"killed_by":"Snake Plant","ascension_level":9}}