{"host":"5dk97cf2ubw2v967","time":1609830970,"event":{"mods":["AlwaysNeverKeys","BaseMod","Better Altar","Better Vampires","Block Reminder","Colored Powertips","Downfall","Googly Eyes","Highlight Path","Minty Spire (QoL Compilation)","Permanent Neow","Potion Indicator Mod","Quick Restart","Relic Filter","Relic Stats","Say the Spire","Spicy Shops","StSLib","Waifu the Spire","everything is the same but u backflip on backflip"],"gold_per_floor":[110,128,128,128,128,155,174,174,223,233,266,280,280,43,43,114,114,114,114,74,22,22,22,22,22,22,22,22,22,22,22,22,22,22,22,22,22,22,22,22,22,22,22,22,22,22,22,22,22,22,22],"floor_reached":52,"playtime":2632,"items_purged":["Strike_G"],"score":2082,"play_id":"91b34687-76a0-4090-bab4-14a1d8ecc9c8","local_time":"20210105071610","is_ascension_mode":true,"campfire_choices":[{"data":"Setup","floor":8.0,"key":"SMITH"},{"data":"Choke","floor":13.0,"key":"SMITH"},{"data":"Footwork","floor":15.0,"key":"SMITH"},{"floor":27.0,"key":"REST"},{"floor":29.0,"key":"REST"},{"floor":32.0,"key":"REST"},{"floor":40,"key":"REST"},{"data":"Dodge and Roll","floor":45,"key":"SMITH"},{"data":"Leg Sweep","floor":47,"key":"SMITH"},{"floor":49,"key":"REST"}],"circlet_count":0,"master_deck":["AscendersBane","Strike_G+1","Defend_G","Defend_G","Defend_G","Defend_G","Survivor","Neutralize+1","Blade Dance+1","Leg Sweep+1","Setup+1","Die Die Die","Finisher+1","Choke+1","Well Laid Plans","Footwork+1","A Thousand Cuts","Infinite Blades","Infinite Blades+1","Deflect","Backstab+1","Escape Plan","After Image","Backflip","Cloak And Dagger+1","expansioncontent:SuperHexaguard","Dodge and Roll+1","Dagger Spray","Blade Dance+1","After Image"],"relics":["Ring of the Snake","NeowsBlessing","Snake Skull","Bronze Scales","Omamori","Ancient Tea Set","Ectoplasm","Strawberry","Whetstone","Regal Pillow","Cursed Key","Pen Nib","Oddly Smooth Stone","Centennial Puzzle","Dream Catcher","Potion Belt"],"acts_visited":["Exordium","TheCity","TheBeyond"],"potions_floor_usage":[44,48,50,50],"damage_taken":[{"damage":0.0,"enemies":"Jaw Worm","floor":1.0,"turns":1.0},{"damage":0.0,"enemies":"2 Louse","floor":2.0,"turns":1.0},{"damage":0.0,"enemies":"Lagavulin","floor":6.0,"turns":1.0},{"damage":0.0,"enemies":"Cultist","floor":7.0,"turns":4.0},{"damage":13.0,"enemies":"Exordium Thugs","floor":10.0,"turns":4.0},{"damage":6.0,"enemies":"Gremlin Nob","floor":11.0,"turns":3.0},{"damage":5.0,"enemies":"Blue Slaver","floor":12.0,"turns":4.0},{"damage":5.0,"enemies":"The Guardian","floor":16.0,"turns":12.0},{"damage":0.0,"enemies":"3 Byrds","floor":18.0,"turns":3.0},{"damage":11.0,"enemies":"2 Thieves","floor":20.0,"turns":2.0},{"damage":18.0,"enemies":"Cultist and Chosen","floor":22.0,"turns":5.0},{"damage":1.0,"enemies":"Centurion and Healer","floor":24.0,"turns":5.0},{"damage":25.0,"enemies":"Gremlin Leader","floor":25.0,"turns":4.0},{"damage":24.0,"enemies":"Book of Stabbing","floor":30.0,"turns":4.0},{"damage":2.0,"enemies":"Snake Plant","floor":31.0,"turns":4.0},{"damage":53.0,"enemies":"Collector","floor":33.0,"turns":10.0},{"damage":0,"enemies":"3 Shapes","floor":35,"turns":3},{"damage":5,"enemies":"Orb Walker","floor":37,"turns":4},{"damage":15,"enemies":"Jaw Worm Horde","floor":38,"turns":5},{"damage":11,"enemies":"Nemesis","floor":41,"turns":7},{"damage":11,"enemies":"Giant Head","floor":44,"turns":9},{"damage":0,"enemies":"Nemesis","floor":46,"turns":5},{"damage":3,"enemies":"Reptomancer","floor":48,"turns":6},{"damage":59,"enemies":"Awakened One","floor":50,"turns":14},{"damage":12,"enemies":"Donu and Deca","floor":51,"turns":13}],"seed_played":"-2783555119326198929","potions_obtained":[{"floor":1.0,"key":"Explosive Potion"},{"floor":7.0,"key":"LiquidMemories"},{"floor":12.0,"key":"ColorlessPotion"},{"floor":20.0,"key":"champ:CounterPotion"},{"floor":22.0,"key":"Strength Potion"},{"floor":24.0,"key":"FearPotion"},{"floor":25.0,"key":"Energy Potion"},{"floor":31.0,"key":"Poison Potion"},{"floor":37,"key":"SpeedPotion"},{"floor":41,"key":"SkillPotion"},{"floor":46,"key":"Fire Potion"},{"floor":48,"key":"AttackPotion"}],"is_trial":false,"path_per_floor":["M","M","?","?","?","E","M","R","T","M","E","M","R","$","R","B",null,"M","?","M","$","M","?","M","E","T","R","?","R","E","M","R","B",null,"M","?","M","M","?","R","E","?","T","E","R","E","R","E","R","B","B",null],"character_chosen":"THE_SILENT","items_purchased":["Footwork","Ancient Tea Set","Deflect"],"campfire_rested":5,"item_purchase_floors":[14,14,21],"current_hp_per_floor":[59,59,52,32,54,54,54,54,54,41,35,30,30,30,30,25,56,56,56,45,45,27,27,26,8,8,29,29,50,26,24,60,7,57,57,57,52,37,37,73,62,62,62,51,51,51,51,48,73,14,2],"gold":22,"neow_bonus":"THREE_ENEMY_KILL","is_daily":false,"chose_seed":false,"campfire_upgraded":5,"win_rate":0.0,"timestamp":1609830970,"path_taken":["M","M","?","?","?","E","M","R","T","M","E","M","R","$","R","BOSS","M","?","?","$","M","?","M","E","T","R","?","R","E","M","R","BOSS","M","?","?","M","?","R","E","?","T","E","R","E","R","E","R","BOSS","BOSS"],"items_purchased_type":["Card","Relic","Card"],"build_version":"2020-12-22","purchased_purges":1,"victory":true,"max_hp_per_floor":[66,66,66,66,66,66,66,66,66,66,66,66,66,66,66,66,66,66,66,66,66,66,66,66,73,73,73,73,73,73,73,73,73,73,73,73,73,73,73,73,73,73,73,73,73,73,73,73,73,73,73],"relic_stats":{"Regal Pillow":34,"Centennial Puzzle":[9],"Dream Catcher":1,"counters":[25,133],"Bronze Scales":[414],"Snake Skull":[1],"Ectoplasm":476,"Pen Nib":[23],"Whetstone":["Finisher","Neutralize"],"Cursed Key":1,"obtain_stats":[{"Potion Belt":48,"Regal Pillow":30,"NeowsBlessing":0,"Oddly Smooth Stone":43,"Snake Skull":6,"Pen Nib":41,"Omamori":11,"Whetstone":26,"Ancient Tea Set":14,"Cursed Key":34,"Centennial Puzzle":44,"Dream Catcher":46,"Bronze Scales":9,"Strawberry":25,"Ectoplasm":17,"Ring of the Snake":0},{"Potion Belt":23,"Regal Pillow":14,"NeowsBlessing":0,"Oddly Smooth Stone":20,"Snake Skull":3,"Pen Nib":20,"Omamori":6,"Whetstone":13,"Ancient Tea Set":7,"Cursed Key":16,"Centennial Puzzle":21,"Dream Catcher":22,"Bronze Scales":4,"Strawberry":13,"Ectoplasm":8,"Ring of the Snake":0},{"Potion Belt":106,"Regal Pillow":53,"NeowsBlessing":0,"Oddly Smooth Stone":86,"Snake Skull":3,"Pen Nib":86,"Omamori":14,"Whetstone":49,"Ancient Tea Set":18,"Cursed Key":67,"Centennial Puzzle":95,"Dream Catcher":100,"Bronze Scales":7,"Strawberry":49,"Ectoplasm":30,"Ring of the Snake":0}],"Ring of the Snake":[50]},"card_choices":[{"not_picked":["Masterful Stab","Bane"],"picked":"Blade Dance","floor":1.0},{"not_picked":["Outmaneuver","Flying Knee"],"picked":"Leg Sweep","floor":2.0},{"not_picked":["Sucker Punch","Setup","Quick Slash"],"picked":"SKIP","floor":6.0},{"not_picked":["Sucker Punch","Quick Slash"],"picked":"Setup","floor":6.0},{"not_picked":["Dagger Throw","Distraction"],"picked":"Die Die Die","floor":7.0},{"not_picked":["Sucker Punch","Prepared"],"picked":"Finisher","floor":10.0},{"not_picked":["Catalyst","Riddle With Holes"],"picked":"Choke","floor":11.0},{"not_picked":["Predator","Crippling Poison"],"picked":"Well Laid Plans","floor":12.0},{"not_picked":["Malaise","Wraith Form v2"],"picked":"A Thousand Cuts","floor":16.0},{"not_picked":["Deadly Poison","PiercingWail"],"picked":"Infinite Blades","floor":18.0},{"not_picked":["Outmaneuver","Setup"],"picked":"Infinite Blades+1","floor":20.0},{"not_picked":["Bane","Sucker Punch","Cloak And Dagger"],"picked":"SKIP","floor":22.0},{"not_picked":["Bane","Prepared","Deflect"],"picked":"SKIP","floor":24.0},{"not_picked":["Backflip","Prepared"],"picked":"Backstab+1","floor":25.0},{"not_picked":["Leg Sweep","Reflex"],"picked":"Escape Plan","floor":30.0},{"not_picked":["Slice","Deflect","Burst"],"picked":"SKIP","floor":31.0},{"not_picked":["Wraith Form v2","Grand Finale"],"picked":"After Image","floor":33.0},{"not_picked":["Flechettes+1","Eviscerate"],"picked":"Backflip","floor":35},{"not_picked":["Slice","Prepared"],"picked":"Cloak And Dagger+1","floor":37},{"not_picked":["Noxious Fumes","Riddle With Holes","Prepared"],"picked":"SKIP","floor":38},{"not_picked":["expansioncontent:Torchfire","Metamorphosis"],"picked":"expansioncontent:SuperHexaguard","floor":39},{"not_picked":["Dagger Spray","Poisoned Stab+1"],"picked":"Dodge and Roll","floor":41},{"not_picked":["Sucker Punch","Cloak And Dagger"],"picked":"Blade Dance+1","floor":44},{"not_picked":["Quick Slash","Reflex","Flying Knee"],"picked":"SKIP","floor":46},{"not_picked":["Dodge and Roll","Underhanded Strike"],"picked":"After Image","floor":48}],"player_experience":1296628,"relics_obtained":[{"floor":6.0,"key":"Snake Skull"},{"floor":9.0,"key":"Bronze Scales"},{"floor":11.0,"key":"Omamori"},{"floor":25.0,"key":"Strawberry"},{"floor":26.0,"key":"Whetstone"},{"floor":30.0,"key":"Regal Pillow"},{"floor":41,"key":"Pen Nib"},{"floor":43,"key":"Oddly Smooth Stone"},{"floor":44,"key":"Centennial Puzzle"},{"floor":46,"key":"Dream Catcher"},{"floor":48,"key":"Potion Belt"}],"event_choices":[{"cards_removed":["Defend_G"],"damage_healed":0.0,"max_hp_gain":0.0,"max_hp_loss":0.0,"gold_gain":0.0,"event_name":"Golden Wing","player_choice":"Card Removal","floor":3.0,"gold_loss":0.0,"damage_taken":7.0},{"damage_healed":0.0,"max_hp_gain":0.0,"max_hp_loss":0.0,"gold_gain":0.0,"event_name":"Shining Light","player_choice":"Entered Light","floor":4.0,"gold_loss":0.0,"damage_taken":20.0,"cards_upgraded":["Blade Dance","Strike_G"]},{"damage_healed":22.0,"max_hp_gain":0.0,"max_hp_loss":0.0,"gold_gain":0.0,"event_name":"Big Fish","player_choice":"Banana","floor":5.0,"gold_loss":0.0,"damage_taken":0.0},{"cards_removed":["Strike_G"],"damage_healed":0.0,"max_hp_gain":0.0,"max_hp_loss":0.0,"gold_gain":0.0,"event_name":"Bonfire Elementals","player_choice":"Offered Basic","floor":19.0,"gold_loss":0.0,"damage_taken":0.0},{"damage_healed":0.0,"max_hp_gain":0.0,"max_hp_loss":0.0,"gold_gain":0.0,"event_name":"Cursed Tome","player_choice":"Ignored","floor":23.0,"gold_loss":0.0,"damage_taken":0.0},{"damage_healed":0.0,"max_hp_gain":0.0,"max_hp_loss":0.0,"gold_gain":0.0,"event_name":"Ghosts","player_choice":"Ignored","floor":28.0,"gold_loss":0.0,"damage_taken":0.0},{"cards_removed":["Strike_G"],"damage_healed":0,"gold_gain":0,"player_choice":"Purged","damage_taken":0,"max_hp_gain":0,"max_hp_loss":0,"event_name":"Purifier","floor":36,"gold_loss":0},{"damage_healed":0,"gold_gain":0,"player_choice":"Memory 1","damage_taken":0,"max_hp_gain":0,"max_hp_loss":0,"event_name":"SensoryStone","floor":39,"gold_loss":0},{"damage_healed":0,"gold_gain":0,"cards_transformed":["Strike_G"],"player_choice":"Transformed","damage_taken":0,"max_hp_gain":0,"max_hp_loss":0,"event_name":"Transmorgrifier","floor":42,"gold_loss":0,"cards_obtained":["Dagger Spray"]}],"is_beta":false,"boss_relics":[{"not_picked":["Fusion Hammer","Snecko Eye"],"picked":"Ectoplasm"},{"not_picked":["HoveringKite","SacredBark"],"picked":"Cursed Key"}],"items_purged_floors":[14],"is_endless":false,"potions_floor_spawned":[1,7,12,16,20,22,24,25,31,37,41,46,48],"ascension_level":20}}