{"host":"w4b7hmige5bnqipq","time":1609810104,"event":{"mods":["2.2 Compatiblity","BaseMod","Colored Map","DeckTracker","Keyboard Shortcuts","Minty Spire (QoL Compilation)","Permanent Neow","Rare Cards Sparkle","SuperFastMode","everything is the same but u backflip on backflip","slay the spire mod where everything is the same but ironclad has a cowboy hat"],"gold_per_floor":[111,111,36,36,54,54,72,100,100,100,100,125,136,168,168,241,241,256,65,65,78,97,97,97,131,131,131,151,170,170,170],"floor_reached":30,"playtime":960,"items_purged":["Strike_R"],"score":536,"play_id":"f728ae4d-f301-4261-bd39-ed0db5c0e524","local_time":"20210105102824","is_ascension_mode":true,"campfire_choices":[{"data":"Juggernaut","floor":6.0,"key":"SMITH"},{"data":"Infernal Blade","floor":10.0,"key":"SMITH"},{"data":"Body Slam","floor":15.0,"key":"SMITH"},{"data":"Apotheosis","floor":23,"key":"SMITH"},{"data":"Blood for Blood","floor":27,"key":"SMITH"}],"circlet_count":0,"master_deck":["AscendersBane","Strike_R+1","Strike_R+1","Strike_R+1","Defend_R+1","Defend_R+1","Defend_R+1","Defend_R+1","Bash+1","Double Tap+1","Infernal Blade+1","Juggernaut+1","Reaper","Pommel Strike","Shrug It Off","Feel No Pain","Spot Weakness","Body Slam+1","Intimidate","Feed","Apotheosis+1","Battle Trance+1","Blood for Blood+1"],"relics":["Burning Blood","InkBottle","Bronze Scales","Bottled Lightning","Pear","Busted Crown","Letter Opener","War Paint"],"acts_visited":["Exordium","TheCity"],"potions_floor_usage":[22],"damage_taken":[{"damage":8.0,"enemies":"2 Louse","floor":1.0,"turns":3.0},{"damage":13.0,"enemies":"Cultist","floor":5.0,"turns":5.0},{"damage":14.0,"enemies":"Jaw Worm","floor":7.0,"turns":4.0},{"damage":11.0,"enemies":"Gremlin Nob","floor":8.0,"turns":3.0},{"damage":10.0,"enemies":"3 Sentries","floor":12.0,"turns":4.0},{"damage":6.0,"enemies":"Exordium Wildlife","floor":13.0,"turns":2.0},{"damage":10.0,"enemies":"Gremlin Nob","floor":14.0,"turns":3.0},{"damage":63.0,"enemies":"The Guardian","floor":16.0,"turns":12.0},{"damage":37,"enemies":"2 Thieves","floor":18,"turns":4},{"damage":0,"enemies":"Spheric Guardian","floor":21,"turns":3},{"damage":18,"enemies":"Cultist and Chosen","floor":22,"turns":7},{"damage":30,"enemies":"Gremlin Leader","floor":25,"turns":5},{"damage":10,"enemies":"Snake Plant","floor":28,"turns":3},{"damage":39,"enemies":"Shelled Parasite and Fungi","floor":29,"turns":5},{"damage":24,"enemies":"Book of Stabbing","floor":30,"turns":1}],"seed_played":"1509029873363023631","potions_obtained":[{"floor":1.0,"key":"Block Potion"},{"floor":7.0,"key":"SpeedPotion"},{"floor":8.0,"key":"AttackPotion"},{"floor":13.0,"key":"LiquidBronze"},{"floor":14.0,"key":"BloodPotion"},{"floor":16.0,"key":"Energy Potion"},{"floor":18,"key":"ElixirPotion"},{"floor":21,"key":"ColorlessPotion"}],"is_trial":false,"path_per_floor":["M","?","$","?","M","R","M","E","T","R","?","E","M","E","R","B",null,"M","$","?","M","M","R","?","E","T","R","M","M","E"],"character_chosen":"IRONCLAD","items_purchased":["Apotheosis"],"campfire_rested":0,"item_purchase_floors":[19],"current_hp_per_floor":[66,66,66,66,59,59,55,54,54,54,31,27,34,40,40,10,66,49,49,49,59,53,53,53,44,44,44,40,7,0,0],"gold":170,"neow_bonus":"ONE_RANDOM_RARE_CARD","is_daily":false,"chose_seed":false,"campfire_upgraded":5,"win_rate":0.0,"timestamp":1609810104,"path_taken":["M","?","?","?","M","R","M","E","T","R","?","E","?","E","R","BOSS","BOSS","M","$","?","M","M","R","?","E","T","R","M","?","E"],"items_purchased_type":["Card"],"build_version":"2020-12-22","purchased_purges":1,"victory":false,"max_hp_per_floor":[75,75,75,75,75,75,75,75,75,75,75,75,75,85,85,85,85,85,85,85,89,89,89,89,89,89,89,89,89,89,89],"card_choices":[{"not_picked":["Iron Wave","Seeing Red"],"picked":"Infernal Blade","floor":1.0},{"not_picked":["Rupture","Twin Strike"],"picked":"Pommel Strike","floor":5.0},{"not_picked":["Sword Boomerang","Thunderclap"],"picked":"Shrug It Off","floor":7.0},{"not_picked":["Hemokinesis","Reaper"],"picked":"Feel No Pain","floor":8.0},{"not_picked":["Clash","Thunderclap"],"picked":"Spot Weakness","floor":12.0},{"not_picked":["Uppercut","Clothesline"],"picked":"Body Slam","floor":13.0},{"not_picked":["Wild Strike","Bloodletting"],"picked":"Intimidate","floor":14.0},{"not_picked":["Limit Break","Bludgeon"],"picked":"Feed","floor":16.0},{"not_picked":["Iron Wave"],"picked":"SKIP","floor":18},{"not_picked":["Cleave"],"picked":"SKIP","floor":21},{"not_picked":["Cleave"],"picked":"SKIP","floor":21},{"not_picked":[],"picked":"Battle Trance","floor":22},{"not_picked":["Blood for Blood"],"picked":"SKIP","floor":25},{"not_picked":[],"picked":"Blood for Blood","floor":25},{"not_picked":["Anger"],"picked":"SKIP","floor":28},{"not_picked":["Warcry"],"picked":"SKIP","floor":29}],"player_experience":463960,"relics_obtained":[{"floor":8.0,"key":"InkBottle"},{"floor":9.0,"key":"Bronze Scales"},{"floor":12.0,"key":"Bottled Lightning"},{"floor":14.0,"key":"Pear"},{"floor":25,"key":"Letter Opener"},{"floor":26,"key":"War Paint"}],"event_choices":[{"damage_healed":0.0,"max_hp_gain":0.0,"max_hp_loss":0.0,"gold_gain":0.0,"event_name":"Match and Keep!","player_choice":"1 cards matched","floor":2.0,"gold_loss":0.0,"damage_taken":0.0,"cards_obtained":["Juggernaut"]},{"damage_healed":0.0,"max_hp_gain":0.0,"max_hp_loss":0.0,"gold_gain":0.0,"cards_transformed":["Strike_R"],"event_name":"Living Wall","player_choice":"Change","floor":4.0,"gold_loss":0.0,"damage_taken":0.0,"cards_obtained":["Reaper"]},{"damage_healed":0.0,"max_hp_gain":0.0,"max_hp_loss":0.0,"gold_gain":0.0,"event_name":"Shining Light","player_choice":"Entered Light","floor":11.0,"gold_loss":0.0,"damage_taken":23.0,"cards_upgraded":["Strike_R","Bash"]},{"damage_healed":0,"gold_gain":0,"player_choice":"Simplicity","damage_taken":0,"max_hp_gain":0,"max_hp_loss":0,"event_name":"Back to Basics","floor":20,"gold_loss":0,"cards_upgraded":["Strike_R","Strike_R","Defend_R","Defend_R","Defend_R","Defend_R"]},{"damage_healed":0,"gold_gain":0,"player_choice":"Ignored","damage_taken":0,"max_hp_gain":0,"max_hp_loss":0,"event_name":"N\u0027loth","floor":24,"gold_loss":0}],"is_beta":false,"boss_relics":[{"not_picked":["Runic Dome","Snecko Eye"],"picked":"Busted Crown"}],"items_purged_floors":[3],"is_endless":false,"potions_floor_spawned":[1,7,8,13,14,16,18,21],"killed_by":"Book of Stabbing","ascension_level":20}}