{"host":"g01l53quoe6lrer0","time":1609859563,"event":{"mods":["2.2 Compatiblity","AchievementEnabler","BaseMod","Colored Map","Highlight Path","Keyboard Shortcuts","Minty Spire (QoL Compilation)","Permanent Neow","Quick Restart","StSLib","SuperFastMode","everything is the same but u backflip on backflip"],"gold_per_floor":[11,11,11,186,209,240,240,240,240,240,89,89,120,141,141,267,267,283,304,53,53,53,53,69,69,96,96,127,145,145,169,169,300,300,313,313,37,370,370,397,416,435,435,160,176,176,226,226,226,226,226,226,82,115,115],"floor_reached":56,"playtime":5694,"items_purged":["Strike_B","Strike_B","Strike_B","Strike_B"],"score":1349,"play_id":"70bc9286-6365-4a58-8f71-51723c81d473","local_time":"20210106001243","is_ascension_mode":true,"campfire_choices":[{"data":"Creative AI","floor":7.0,"key":"SMITH"},{"floor":10.0,"key":"REST"},{"data":"Capacitor","floor":12.0,"key":"SMITH"},{"data":"Zap","floor":15.0,"key":"SMITH"},{"data":"Defragment","floor":23.0,"key":"SMITH"},{"floor":25.0,"key":"REST"},{"data":"Dualcast","floor":27.0,"key":"SMITH"},{"data":"Electrodynamics","floor":30.0,"key":"SMITH"},{"data":"Glacier","floor":32.0,"key":"SMITH"},{"floor":46.0,"key":"RECALL"},{"floor":49.0,"key":"REST"},{"floor":52,"key":"REST"}],"circlet_count":0,"master_deck":["Defend_B+1","Defend_B+1","Defend_B","Defend_B","Zap+1","Dualcast+1","Creative AI+1","Glacier+1","Rebound","Capacitor+1","Electrodynamics+1","Recycle+1","Reboot+1","Redo+1","Defragment+1","Purity+1","Double Energy+1","Defragment+1","Core Surge","Rebound+1","Leap+1","Glacier+1","Capacitor+1","Seek+1","White Noise+1","Reboot+1","Double Energy+1","Chaos+1"],"relics":["Cracked Core","Gremlin Horn","Mummified Hand","Toxic Egg 2","Meat on the Bone","Nuclear Battery","Akabeko","FaceOfCleric","Orichalcum","Calipers","Fusion Hammer","Runic Capacitor","Eternal Feather","Darkstone Periapt","Thread and Needle","Orrery","War Paint"],"acts_visited":["Exordium","TheCity","TheBeyond","TheEnding"],"potions_floor_usage":[50,50],"damage_taken":[{"damage":1.0,"enemies":"Cultist","floor":1.0,"turns":5.0},{"damage":9.0,"enemies":"2 Louse","floor":5.0,"turns":5.0},{"damage":22.0,"enemies":"Lagavulin","floor":6.0,"turns":12.0},{"damage":7.0,"enemies":"3 Sentries","floor":13.0,"turns":12.0},{"damage":0.0,"enemies":"Small Slimes","floor":14.0,"turns":3.0},{"damage":12.0,"enemies":"The Guardian","floor":16.0,"turns":13.0},{"damage":23.0,"enemies":"Shell Parasite","floor":18.0,"turns":8.0},{"damage":7.0,"enemies":"Chosen","floor":19.0,"turns":5.0},{"damage":46.0,"enemies":"Snecko","floor":24.0,"turns":7.0},{"damage":20.0,"enemies":"Slavers","floor":28.0,"turns":2.0},{"damage":13.0,"enemies":"Cultist and Chosen","floor":29.0,"turns":5.0},{"damage":9.0,"enemies":"3 Cultists","floor":31.0,"turns":4.0},{"damage":21.0,"enemies":"Champ","floor":33.0,"turns":9.0},{"damage":0.0,"enemies":"3 Shapes","floor":35.0,"turns":3.0},{"damage":73.0,"enemies":"Giant Head","floor":40.0,"turns":9.0},{"damage":0.0,"enemies":"Orb Walker","floor":41.0,"turns":3.0},{"damage":7.0,"enemies":"3 Darklings","floor":42.0,"turns":2.0},{"damage":0.0,"enemies":"Spire Growth","floor":45.0,"turns":5.0},{"damage":0.0,"enemies":"Mind Bloom Boss Battle","floor":47.0,"turns":4.0},{"damage":26,"enemies":"Time Eater","floor":50,"turns":14},{"damage":45,"enemies":"Shield and Spear","floor":54,"turns":7},{"damage":22,"enemies":"The Heart","floor":55,"turns":18}],"seed_played":"4273987095305570428","potions_obtained":[{"floor":5.0,"key":"FairyPotion"},{"floor":6.0,"key":"DistilledChaos"},{"floor":18.0,"key":"EssenceOfSteel"},{"floor":24.0,"key":"SteroidPotion"},{"floor":33.0,"key":"SpeedPotion"},{"floor":40.0,"key":"FairyPotion"},{"floor":41.0,"key":"AttackPotion"}],"is_trial":false,"path_per_floor":["M","T","?","?","M","E","R","?","T","R","$","R","E","M","R","B",null,"M","M","$","?","?","R","M","R","T","R","E","M","R","M","R","B",null,"M","?","$","?","T","E","M","M","T","$","M","R","?","?","R","B",null,"R","$","E","B",null],"character_chosen":"DEFECT","items_purchased":["Capacitor","Defragment","Purity+1","Runic Capacitor","Glacier+1","Dexterity Potion","Orrery"],"campfire_rested":4,"item_purchase_floors":[11,20,20,37,44,44,53],"current_hp_per_floor":[74,74,56,56,47,25,25,25,25,47,47,47,40,40,40,40,75,52,45,45,45,45,45,35,57,57,57,50,50,50,42,42,34,80,81,81,81,81,81,21,34,40,40,40,53,65,66,66,86,61,87,87,87,55,46],"gold":115,"neow_bonus":"THREE_RARE_CARDS","is_daily":false,"chose_seed":false,"campfire_upgraded":7,"win_rate":0.0,"timestamp":1609859563,"path_taken":["M","?","?","?","M","E","R","?","T","R","?","R","E","M","R","BOSS","M","M","$","?","?","R","M","R","T","R","E","?","R","M","R","BOSS","M","?","$","?","?","E","?","M","T","?","M","R","?","?","R","BOSS","R","$","E","BOSS"],"items_purchased_type":["Card","Card","Card","Relic","Card","Potion","Relic"],"build_version":"2020-12-22","purchased_purges":4,"victory":true,"max_hp_per_floor":[75,75,75,75,75,75,75,75,75,75,75,75,75,75,75,75,75,75,75,75,75,75,75,76,76,76,76,77,78,78,79,79,80,80,81,81,81,81,81,82,83,84,84,84,85,85,86,86,86,87,87,87,87,88,89],"card_choices":[{"not_picked":["Rainbow","Seek"],"picked":"Creative AI","floor":0.0},{"not_picked":["Conserve Battery","Redo"],"picked":"Glacier","floor":1.0},{"not_picked":["Coolheaded","FTL"],"picked":"Rebound","floor":5.0},{"not_picked":["Beam Cell","Go for the Eyes","Streamline"],"picked":"SKIP","floor":6.0},{"not_picked":["Steam+1","Rip and Tear"],"picked":"Electrodynamics","floor":13.0},{"not_picked":["Stack+1","Compile Driver"],"picked":"Recycle+1","floor":14.0},{"not_picked":["Fission+1","Biased Cognition"],"picked":"Reboot+1","floor":16.0},{"not_picked":["Compile Driver+1","Rebound","Fusion+1"],"picked":"SKIP","floor":18.0},{"not_picked":["Steam+1","Gash"],"picked":"Redo+1","floor":19.0},{"not_picked":["Ball Lightning","Conserve Battery+1"],"picked":"Double Energy+1","floor":24.0},{"not_picked":["Chaos+1","Redo+1","Machine Learning"],"picked":"SKIP","floor":28.0},{"not_picked":["Turbo+1","Conserve Battery+1"],"picked":"Defragment+1","floor":29.0},{"not_picked":["Melter+1","Storm","Recycle+1"],"picked":"SKIP","floor":31.0},{"not_picked":["Electrodynamics","Machine Learning"],"picked":"Core Surge","floor":33.0},{"not_picked":["Cold Snap","Beam Cell+1"],"picked":"Rebound+1","floor":35.0},{"not_picked":["Stack+1","Lockon+1"],"picked":"Leap+1","floor":40.0},{"not_picked":["Undo+1","Rebound","Fusion+1"],"picked":"SKIP","floor":41.0},{"not_picked":["Rebound+1","All For One","Force Field+1"],"picked":"SKIP","floor":42.0},{"not_picked":["Gash","Rebound+1","Self Repair"],"picked":"SKIP","floor":45.0},{"not_picked":["Storm","Sweeping Beam"],"picked":"Capacitor+1","floor":47.0},{"not_picked":["Coolheaded+1","Steam+1"],"picked":"Seek+1","floor":53},{"not_picked":["Coolheaded+1","Barrage"],"picked":"White Noise+1","floor":53},{"not_picked":["Turbo+1","FTL+1"],"picked":"Reboot+1","floor":53},{"not_picked":["Static Discharge+1","Compile Driver"],"picked":"Double Energy+1","floor":53},{"not_picked":["Streamline+1","Buffer"],"picked":"Chaos+1","floor":54}],"player_experience":72905,"relics_obtained":[{"floor":2.0,"key":"Gremlin Horn"},{"floor":6.0,"key":"Mummified Hand"},{"floor":9.0,"key":"Toxic Egg 2"},{"floor":13.0,"key":"Meat on the Bone"},{"floor":26.0,"key":"Orichalcum"},{"floor":28.0,"key":"Calipers"},{"floor":39.0,"key":"Eternal Feather"},{"floor":40.0,"key":"Darkstone Periapt"},{"floor":47.0,"key":"Thread and Needle"},{"floor":54,"key":"War Paint"}],"event_choices":[{"damage_healed":0.0,"max_hp_gain":0.0,"max_hp_loss":0.0,"gold_gain":0.0,"event_name":"Golden Idol","player_choice":"Take Damage","floor":3.0,"gold_loss":0.0,"damage_taken":18.0,"relics_obtained":["Golden Idol"]},{"damage_healed":0.0,"max_hp_gain":0.0,"max_hp_loss":0.0,"gold_gain":175.0,"event_name":"Liars Game","player_choice":"AGREE","floor":4.0,"gold_loss":0.0,"damage_taken":0.0,"cards_obtained":["Doubt"]},{"cards_removed":["Doubt"],"damage_healed":0.0,"max_hp_gain":0.0,"max_hp_loss":0.0,"gold_gain":0.0,"event_name":"Living Wall","player_choice":"Forget","floor":8.0,"gold_loss":0.0,"damage_taken":0.0},{"damage_healed":0.0,"max_hp_gain":0.0,"max_hp_loss":0.0,"gold_gain":0.0,"event_name":"Addict","player_choice":"Stole Relic","floor":21.0,"gold_loss":0.0,"damage_taken":0.0,"relics_obtained":["Akabeko"],"cards_obtained":["Shame"]},{"damage_healed":0.0,"max_hp_gain":0.0,"max_hp_loss":0.0,"gold_gain":0.0,"event_name":"FaceTrader","player_choice":"Trade","floor":22.0,"gold_loss":0.0,"damage_taken":0.0,"relics_obtained":["FaceOfCleric"]},{"damage_healed":0.0,"max_hp_gain":0.0,"max_hp_loss":0.0,"gold_gain":0.0,"event_name":"Mysterious Sphere","player_choice":"Ignored","floor":36.0,"gold_loss":0.0,"damage_taken":0.0},{"damage_healed":0.0,"max_hp_gain":0.0,"max_hp_loss":0.0,"gold_gain":333.0,"event_name":"The Moai Head","player_choice":"Gave Idol","floor":38.0,"relics_lost":["Golden Idol"],"gold_loss":0.0,"damage_taken":0.0},{"damage_healed":0.0,"max_hp_gain":0.0,"max_hp_loss":0.0,"gold_gain":0.0,"event_name":"MindBloom","player_choice":"Fight","floor":47.0,"gold_loss":0.0,"damage_taken":0.0},{"cards_removed":["Shame"],"damage_healed":0.0,"max_hp_gain":0.0,"max_hp_loss":0.0,"gold_gain":0.0,"event_name":"Fountain of Cleansing","player_choice":"Removed Curses","floor":48.0,"gold_loss":0.0,"damage_taken":0.0}],"is_beta":false,"boss_relics":[{"not_picked":["Runic Pyramid","Calling Bell"],"picked":"Nuclear Battery"},{"not_picked":["SlaversCollar","Snecko Eye"],"picked":"Fusion Hammer"}],"items_purged_floors":[11,20,37,44],"is_endless":false,"potions_floor_spawned":[5,6,18,19,24,33,40,41,45],"ascension_level":4}}