{"host":"50qwps766cbz6ukm","time":1609838321,"event":{"mods":["BaseMod","Colored Map","Colored Powertips","DeckTracker","Highlight Path","Infinite Spire","Minty Spire (QoL Compilation)","Quick Restart","Remove Card Discount Mod","StSLib","SuperFastMode","Synergy Search"],"gold_per_floor":[115,115,115,133,152,185,185,221,221,221,221,221,61,97,97,226,289,308,583,172,187,200,236,255,271,271,295,295,295,295,311,311,434,434,453,453,466,72,90,90,108,108,108,108,108,132,145,179,179,179],"floor_reached":51,"playtime":2351,"items_purged":["Injury","Doubt","Decay","Regret","Strike_P","Strike_P","Strike_P","Strike_P","Regret","Defend_P","Defend_P"],"score":985,"play_id":"7115c7d2-344e-4855-a040-da9c2203dff3","local_time":"20210105111841","is_ascension_mode":true,"campfire_choices":[{"data":"Eruption","floor":7,"key":"SMITH"},{"data":"Vigilance","floor":12,"key":"SMITH"},{"data":"FlurryOfBlows","floor":15,"key":"SMITH"},{"data":"Alpha","floor":28,"key":"SMITH"},{"floor":32,"key":"REST"},{"data":"Panache","floor":40,"key":"SMITH"},{"data":"ClearTheMind","floor":42,"key":"SMITH"},{"data":"Adaptation","floor":45,"key":"SMITH"},{"data":"MentalFortress","floor":49,"key":"SMITH"}],"circlet_count":0,"master_deck":["Defend_P+1","Defend_P+1","Eruption+1","Vigilance+1","FlurryOfBlows+1","EmptyFist","Conclude","Judgement","infinitespire:SevenWalls+1","Protect","DeusExMachina","MentalFortress+1","EmptyFist","LikeWater","InnerPeace","Halt","EmptyBody","Consecrate+1","ClearTheMind+1","Alpha+1","LikeWater","EmptyBody+1","WindmillStrike","Devotion","Consecrate+1","Panache+1","Flash of Steel","Crescendo+1","Adaptation+1","Consecrate","DeusExMachina","Tantrum+1","EmptyBody+1","Writhe","Crescendo+1","Crescendo+1","EmptyBody+1"],"relics":["PureWater","NeowsBlessing","Golden Idol","War Paint","infinitespire:ShieldingShard","Bag of Marbles","infinitespire:EmpoweringShard","Bronze Scales","Ornamental Fan","Tiny House","infinitespire:WardingShard","Peace Pipe","HornCleat","Cursed Key","Damaru","infinitespire:FocusingShard","Prayer Wheel"],"acts_visited":["Exordium","TheCity","TheBeyond"],"potions_floor_usage":[8,24,33,48,48,50],"damage_taken":[{"damage":0,"enemies":"2 Louse","floor":1,"turns":1},{"damage":0,"enemies":"Jaw Worm","floor":4,"turns":1},{"damage":0,"enemies":"Small Slimes","floor":5,"turns":1},{"damage":14,"enemies":"3 Sentries","floor":6,"turns":6},{"damage":16,"enemies":"Gremlin Nob","floor":8,"turns":3},{"damage":0,"enemies":"3 Sentries","floor":14,"turns":3},{"damage":21,"enemies":"Hexaghost","floor":16,"turns":8},{"damage":0,"enemies":"Shell Parasite","floor":18,"turns":3},{"damage":0,"enemies":"Spheric Guardian","floor":21,"turns":4},{"damage":0,"enemies":"Centurion and Healer","floor":22,"turns":5},{"damage":18,"enemies":"Book of Stabbing","floor":23,"turns":7},{"damage":0,"enemies":"3 Cultists","floor":24,"turns":3},{"damage":3,"enemies":"Cultist and Chosen","floor":25,"turns":4},{"damage":2,"enemies":"Centurion and Healer","floor":27,"turns":6},{"damage":9,"enemies":"Snake Plant","floor":31,"turns":3},{"damage":1,"enemies":"Collector","floor":33,"turns":8},{"damage":0,"enemies":"Orb Walker","floor":35,"turns":5},{"damage":0,"enemies":"3 Darklings","floor":37,"turns":4},{"damage":15,"enemies":"Spire Growth","floor":39,"turns":4},{"damage":7,"enemies":"Sphere and 2 Shapes","floor":41,"turns":2},{"damage":0,"enemies":"Maw","floor":46,"turns":7},{"damage":0,"enemies":"3 Darklings","floor":47,"turns":4},{"damage":0,"enemies":"Nemesis","floor":48,"turns":7},{"damage":44,"enemies":"infinitespire:MassOfShapes","floor":50,"turns":10}],"seed_played":"-3596799435049397297","potions_obtained":[{"floor":5,"key":"Regen Potion"},{"floor":8,"key":"SmokeBomb"},{"floor":14,"key":"Explosive Potion"},{"floor":17,"key":"Energy Potion"},{"floor":18,"key":"Block Potion"},{"floor":23,"key":"EssenceOfSteel"},{"floor":33,"key":"SkillPotion"},{"floor":35,"key":"Block Potion"},{"floor":48,"key":"SpeedPotion"}],"is_trial":false,"path_per_floor":["M","?","?","M","M","E","R","E","T","?","?","R","$","E","R","B",null,"M","?","$","M","M","E","M","M","T","M","R","?","?","M","R","B",null,"M","?","M","$","M","R","M","R","T","?","R","M","M","E","R","B",null],"character_chosen":"WATCHER","items_purchased":["Bronze Scales","infinitespire:WardingShard","LikeWater","InnerPeace","Halt","Damaru","Adaptation","Consecrate","DeusExMachina"],"campfire_rested":1,"item_purchase_floors":[13,20,20,20,20,38,38,38,38],"current_hp_per_floor":[72,72,72,72,72,58,58,51,51,51,51,51,51,51,51,30,77,77,77,77,77,77,59,59,56,56,54,54,45,45,36,59,58,77,77,67,67,67,52,52,45,45,45,45,45,45,45,45,45,1],"gold":179,"neow_bonus":"THREE_ENEMY_KILL","is_daily":false,"chose_seed":false,"campfire_upgraded":8,"win_rate":0.0,"timestamp":1609838321,"path_taken":["M","?","?","M","?","E","R","E","T","?","?","R","$","E","R","BOSS","M","?","$","?","M","E","M","M","T","M","R","?","?","M","R","BOSS","M","?","M","$","M","R","M","R","T","?","R","?","M","E","R","BOSS"],"items_purchased_type":["Relic","Relic","Card","Card","Card","Relic","Card","Card","Card"],"build_version":"2020-12-22","purchased_purges":11,"victory":true,"max_hp_per_floor":[72,72,72,72,72,72,72,72,72,72,72,72,72,72,72,72,77,77,77,77,77,77,77,77,77,77,77,77,77,77,77,77,77,77,77,77,77,77,77,77,77,77,77,77,77,77,77,77,77,77],"card_choices":[{"not_picked":["Weave","Consecrate"],"picked":"FlurryOfBlows","floor":1},{"not_picked":["Prostrate","JustLucky"],"picked":"EmptyFist","floor":4},{"not_picked":["BowlingBash","FollowUp"],"picked":"Conclude","floor":5},{"not_picked":["SashWhip","Sanctity"],"picked":"Conclude","floor":6},{"not_picked":["Indignation","Prostrate"],"picked":"Judgement","floor":8},{"not_picked":["infinitespire:Execution","infinitespire:Collect"],"picked":"infinitespire:SevenWalls","floor":11},{"not_picked":["TalkToTheHand","SpiritShield"],"picked":"Protect","floor":14},{"not_picked":["MasterReality","ConjureBlade"],"picked":"DeusExMachina","floor":16},{"not_picked":["Protect","BowlingBash"],"picked":"MentalFortress","floor":17},{"not_picked":["SignatureMove","SashWhip"],"picked":"EmptyFist","floor":18},{"not_picked":["JustLucky","InnerPeace+1"],"picked":"EmptyBody","floor":21},{"not_picked":["InnerPeace+1","Vengeance+1"],"picked":"Consecrate+1","floor":22},{"not_picked":["FlyingSleeves+1","TalkToTheHand+1"],"picked":"ClearTheMind","floor":23},{"not_picked":["EmptyFist","BowlingBash"],"picked":"Alpha","floor":24},{"not_picked":["CarveReality+1","Evaluate"],"picked":"LikeWater","floor":25},{"not_picked":["SashWhip","BowlingBash"],"picked":"EmptyBody+1","floor":27},{"not_picked":["Indignation","CutThroughFate"],"picked":"WindmillStrike","floor":31},{"not_picked":["Brilliance","ConjureBlade"],"picked":"Devotion","floor":33},{"not_picked":["EmptyFist+1","Indignation"],"picked":"Consecrate+1","floor":35},{"not_picked":["Secret Technique","Good Instincts"],"picked":"Panache","floor":36},{"not_picked":["Jack Of All Trades","Purity"],"picked":"Flash of Steel","floor":36},{"not_picked":["EmptyFist","Conclude"],"picked":"Crescendo+1","floor":37},{"not_picked":["WaveOfTheHand+1","ForeignInfluence+1"],"picked":"Tantrum+1","floor":39},{"not_picked":["Protect","JustLucky"],"picked":"EmptyBody+1","floor":41},{"not_picked":["Nirvana","Swivel+1"],"picked":"Crescendo+1","floor":46},{"not_picked":["JustLucky","Worship"],"picked":"Crescendo+1","floor":47},{"not_picked":["PathToVictory","ForeignInfluence"],"picked":"EmptyBody+1","floor":48}],"player_experience":554889,"relics_obtained":[{"floor":6,"key":"War Paint"},{"floor":8,"key":"infinitespire:ShieldingShard"},{"floor":9,"key":"Bag of Marbles"},{"floor":14,"key":"Ornamental Fan"},{"floor":23,"key":"Peace Pipe"},{"floor":26,"key":"HornCleat"},{"floor":43,"key":"infinitespire:FocusingShard"},{"floor":48,"key":"Prayer Wheel"}],"event_choices":[{"damage_healed":0,"gold_gain":0,"player_choice":"Leave","damage_taken":0,"max_hp_gain":0,"max_hp_loss":0,"event_name":"The Cleric","floor":2,"gold_loss":0},{"damage_healed":0,"gold_gain":0,"player_choice":"Take Wound","damage_taken":0,"relics_obtained":["Golden Idol"],"max_hp_gain":0,"max_hp_loss":0,"event_name":"Golden Idol","floor":3,"gold_loss":0,"cards_obtained":["Injury"]},{"damage_healed":0,"gold_gain":0,"player_choice":"Box","damage_taken":0,"relics_obtained":["infinitespire:EmpoweringShard"],"max_hp_gain":0,"max_hp_loss":0,"event_name":"Big Fish","floor":10,"gold_loss":0,"cards_obtained":["Regret"]},{"damage_healed":0,"gold_gain":275,"player_choice":"Desecrate","damage_taken":0,"max_hp_gain":0,"max_hp_loss":0,"event_name":"Golden Shrine","floor":19,"gold_loss":0,"cards_obtained":["Regret"]},{"damage_healed":0,"gold_gain":0,"player_choice":"Stopped","damage_taken":9,"max_hp_gain":0,"max_hp_loss":0,"event_name":"Cursed Tome","floor":29,"gold_loss":0},{"damage_healed":0,"gold_gain":0,"player_choice":"Ignored","damage_taken":0,"max_hp_gain":0,"max_hp_loss":0,"event_name":"Beggar","floor":30,"gold_loss":0},{"damage_healed":0,"gold_gain":0,"player_choice":"Memory 3","damage_taken":10,"max_hp_gain":0,"max_hp_loss":0,"event_name":"SensoryStone","floor":36,"gold_loss":0},{"cards_removed":["Conclude"],"damage_healed":0,"gold_gain":0,"player_choice":"Purged","damage_taken":0,"max_hp_gain":0,"max_hp_loss":0,"event_name":"Purifier","floor":44,"gold_loss":0}],"is_beta":false,"boss_relics":[{"not_picked":["Busted Crown","Snecko Eye"],"picked":"Tiny House"},{"not_picked":["Runic Pyramid","SacredBark"],"picked":"Cursed Key"}],"items_purged_floors":[13,13,13,13,13,13,13,13,20,38,38],"is_endless":false,"potions_floor_spawned":[5,8,14,18,21,23,33,35,39,48],"ascension_level":4}}