{"host":"u7lm8z2rvb4dg2oo","time":1609827766,"event":{"mods":["AchievementEnabler","BaseMod","Colored Map","Colored Powertips","Curses Come First","Googly Eyes","Highlight Path","Minty Spire (QoL Compilation)","Quick Restart","StSLib"],"gold_per_floor":[118,135,149,114,134,134,162,262,313,0,18,34,34,44,44,142,142,157,11,11,11],"floor_reached":20,"playtime":666,"items_purged":[],"score":238,"play_id":"2b7fbd56-6541-4c96-a76c-f0f1bfced40f","local_time":"20210105012246","is_ascension_mode":true,"campfire_choices":[{"data":"BattleHymn","floor":6,"key":"SMITH"},{"data":"Eruption","floor":13,"key":"SMITH"},{"data":"Establishment","floor":15,"key":"SMITH"}],"circlet_count":0,"master_deck":["Strike_P","Strike_P","Strike_P","Defend_P","Defend_P","Defend_P","Defend_P","Eruption+1","Vigilance","InnerPeace","BattleHymn+1","Prostrate","Establishment+1","ReachHeaven","Conclude","DeusExMachina"],"relics":["PureWater","Question Card","Smiling Mask","Anchor","Velvet Choker","Strange Spoon"],"acts_visited":["Exordium","TheCity"],"potions_floor_usage":[1,7,7,7,16],"damage_taken":[{"damage":0,"enemies":"2 Louse","floor":1,"turns":3},{"damage":17,"enemies":"Small Slimes","floor":2,"turns":3},{"damage":0,"enemies":"Cultist","floor":3,"turns":2},{"damage":1,"enemies":"2 Fungi Beasts","floor":5,"turns":3},{"damage":12,"enemies":"3 Sentries","floor":7,"turns":4},{"damage":2,"enemies":"3 Louse","floor":11,"turns":5},{"damage":3,"enemies":"Blue Slaver","floor":12,"turns":4},{"damage":0,"enemies":"Looter","floor":14,"turns":2},{"damage":51,"enemies":"The Guardian","floor":16,"turns":5},{"damage":7,"enemies":"2 Thieves","floor":18,"turns":2},{"damage":51,"enemies":"Shell Parasite","floor":20,"turns":4}],"seed_played":"-5194951864912317594","potions_obtained":[{"floor":1,"key":"EntropicBrew"},{"floor":7,"key":"GamblersBrew"},{"floor":11,"key":"AttackPotion"},{"floor":12,"key":"Strength Potion"},{"floor":18,"key":"ColorlessPotion"}],"is_trial":false,"path_per_floor":["M","M","M","?","M","R","E","?","T","$","M","M","R","M","R","B",null,"M","$","M"],"character_chosen":"WATCHER","items_purchased":["Anchor","Establishment","Strange Spoon"],"campfire_rested":0,"item_purchase_floors":[10,10,19],"current_hp_per_floor":[65,48,48,66,65,65,65,65,65,65,63,60,60,60,60,9,56,49,49,0,0],"gold":11,"neow_bonus":"TRANSFORM_CARD","is_daily":false,"chose_seed":false,"campfire_upgraded":3,"win_rate":0.0,"timestamp":1609827766,"path_taken":["M","M","M","?","M","R","E","?","T","$","?","M","R","M","R","BOSS","M","$","M"],"items_purchased_type":["Relic","Card","Relic"],"build_version":"2020-12-22","purchased_purges":0,"victory":false,"max_hp_per_floor":[72,72,72,72,72,72,72,72,72,72,72,72,72,72,72,72,72,72,72,72,72],"card_choices":[{"not_picked":["FollowUp","EmptyMind"],"picked":"BattleHymn","floor":1},{"not_picked":["EmptyBody","BowlingBash","Sanctity"],"picked":"SKIP","floor":2},{"not_picked":["SashWhip","EmptyFist","Consecrate"],"picked":"SKIP","floor":3},{"not_picked":["FollowUp","FlyingSleeves","Crescendo"],"picked":"SKIP","floor":5},{"not_picked":["SashWhip","CutThroughFate"],"picked":"Prostrate","floor":7},{"not_picked":["Evaluate","BowlingBash","SashWhip"],"picked":"ReachHeaven","floor":11},{"not_picked":["FlyingSleeves","Study","Collect"],"picked":"Conclude","floor":12},{"not_picked":["EmptyBody","Sanctity","JustLucky","FollowUp"],"picked":"SKIP","floor":14},{"not_picked":["Omniscience","Judgement","ConjureBlade"],"picked":"DeusExMachina","floor":16},{"not_picked":["SashWhip","Crescendo","Prostrate","ThirdEye"],"picked":"SKIP","floor":18}],"player_experience":1070161,"relics_obtained":[{"floor":7,"key":"Question Card"},{"floor":9,"key":"Smiling Mask"}],"event_choices":[{"damage_healed":18,"gold_gain":0,"player_choice":"Healed","damage_taken":0,"max_hp_gain":0,"max_hp_loss":0,"event_name":"The Cleric","floor":4,"gold_loss":35},{"damage_healed":0,"gold_gain":100,"player_choice":"Gold","damage_taken":0,"max_hp_gain":0,"max_hp_loss":0,"event_name":"Wheel of Change","floor":8,"gold_loss":0}],"is_beta":false,"boss_relics":[{"not_picked":["Busted Crown","Empty Cage"],"picked":"Velvet Choker"}],"items_purged_floors":[],"is_endless":false,"potions_floor_spawned":[1,3,7,11,12,18],"killed_by":"Shell Parasite","ascension_level":7}}