{"host":"soyfmymeou4emntr","time":1609814872,"event":{"mods":["BaseMod","Minty Spire (QoL Compilation)","Relic Sorter","Relic Stats","StSLib"],"gold_per_floor":[110,30,30,30,50,85,85,110,110,110,110],"floor_reached":10,"playtime":843,"items_purged":[],"score":148,"play_id":"94085240-64fa-4ed7-8c49-9a25e703b542","local_time":"20210104194752","is_ascension_mode":true,"campfire_choices":[{"data":"Quick Slash","floor":7.0,"key":"SMITH"}],"circlet_count":0,"master_deck":["AscendersBane","Strike_G","Strike_G","Strike_G","Strike_G","Strike_G","Defend_G","Defend_G","Defend_G","Defend_G","Defend_G","Survivor","Neutralize","Blind+1","Quick Slash+1","Well Laid Plans","Dagger Throw","Storm of Steel"],"relics":["Ring of the Snake","Paper Crane","Snake Skull","Shuriken"],"acts_visited":["Exordium"],"potions_floor_usage":[10],"damage_taken":[{"damage":7.0,"enemies":"Cultist","floor":1.0,"turns":6.0},{"damage":3.0,"enemies":"Jaw Worm","floor":5.0,"turns":7.0},{"damage":20.0,"enemies":"3 Sentries","floor":6.0,"turns":9.0},{"damage":23.0,"enemies":"Gremlin Nob","floor":8.0,"turns":4.0},{"damage":16,"enemies":"3 Sentries","floor":10,"turns":6}],"seed_played":"-1797721654437996031","potions_obtained":[{"floor":1.0,"key":"CultistPotion"},{"floor":6.0,"key":"AttackPotion"},{"floor":8.0,"key":"CultistPotion"}],"is_trial":false,"path_per_floor":["M","$","?","?","M","E","R","E","T","E"],"character_chosen":"THE_SILENT","items_purchased":["Well Laid Plans"],"campfire_rested":0,"item_purchase_floors":[2],"current_hp_per_floor":[52,52,52,57,54,34,34,11,11,0,0],"gold":110,"neow_bonus":"RANDOM_COLORLESS","is_daily":false,"chose_seed":false,"campfire_upgraded":1,"win_rate":0.0,"timestamp":1609814872,"path_taken":["M","?","?","?","M","E","R","E","T","E"],"items_purchased_type":["Card"],"build_version":"2020-12-22","purchased_purges":0,"victory":false,"max_hp_per_floor":[66,66,66,71,71,71,71,71,71,71,71],"relic_stats":{"counters":[5,32],"Shuriken":[2],"Snake Skull":[0],"obtain_stats":[{"Shuriken":9,"Snake Skull":8,"Paper Crane":6,"Ring of the Snake":0},{"Shuriken":4,"Snake Skull":4,"Paper Crane":3,"Ring of the Snake":0},{"Shuriken":26,"Snake Skull":26,"Paper Crane":22,"Ring of the Snake":0}],"Ring of the Snake":[10]},"card_choices":[{"not_picked":["Purity","Panacea"],"picked":"Blind","floor":0.0},{"not_picked":["Cloak And Dagger","Slice"],"picked":"Quick Slash","floor":1.0},{"not_picked":["Backstab","Endless Agony"],"picked":"Dagger Throw","floor":5.0},{"not_picked":["Accuracy","Expertise","Prepared"],"picked":"SKIP","floor":6.0},{"not_picked":["Slice","Endless Agony"],"picked":"Storm of Steel","floor":8.0}],"player_experience":2796070,"relics_obtained":[{"floor":6.0,"key":"Paper Crane"},{"floor":8.0,"key":"Snake Skull"},{"floor":9.0,"key":"Shuriken"}],"event_choices":[{"damage_healed":0.0,"max_hp_gain":0.0,"max_hp_loss":0.0,"gold_gain":0.0,"event_name":"Living Wall","player_choice":"Grow","floor":3.0,"gold_loss":0.0,"damage_taken":0.0,"cards_upgraded":["Blind"]},{"damage_healed":0.0,"max_hp_gain":5.0,"max_hp_loss":0.0,"gold_gain":0.0,"event_name":"Big Fish","player_choice":"Donut","floor":4.0,"gold_loss":0.0,"damage_taken":0.0}],"is_beta":false,"boss_relics":[],"items_purged_floors":[],"is_endless":false,"potions_floor_spawned":[1,6,8],"killed_by":"3 Sentries","ascension_level":20}}