{"host":"nqsrckqog5ia9mbo","time":1609874538,"event":{"mods":["AchievementEnabler","BaseMod","Colored Map","Highlight Path","Minty Spire (QoL Compilation)"],"gold_per_floor":[111,186,203,220,204,204,239,249,272,272,304,304,254,254,254,357,357,368,368,385,395,413,413,440,440,440,469,569,569,569,585,585,585,585],"floor_reached":33,"playtime":2224,"items_purged":[],"score":339,"play_id":"0373d4e6-7861-41a0-aa55-9d565e988fc1","local_time":"20210105202218","is_ascension_mode":true,"campfire_choices":[{"data":"Footwork","floor":6,"key":"SMITH"},{"floor":10,"key":"REST"},{"data":"Neutralize","floor":15,"key":"SMITH"},{"floor":23,"key":"REST"},{"floor":25,"key":"REST"},{"floor":32,"key":"REST"}],"circlet_count":0,"master_deck":["Strike_G","Strike_G","Strike_G","Strike_G","Defend_G","Defend_G","Defend_G","Defend_G","Defend_G","Survivor","Neutralize+1","Blur","Quick Slash","Footwork+1","Flying Knee","Prepared","Backflip","Storm of Steel","Deadly Poison+1","Expertise","Blind","Neutralize","Reflex+1","Accuracy","Burst+1","Deadly Poison","Catalyst"],"relics":["Ring of the Snake","Bag of Preparation","Nunchaku","Regal Pillow","Vajra","Snecko Eye","Juzu Bracelet","Ice Cream","Tiny Chest","Centennial Puzzle"],"acts_visited":["Exordium","TheCity"],"potions_floor_usage":[16,20,21,24,33],"damage_taken":[{"damage":8,"enemies":"2 Louse","floor":1,"turns":3},{"damage":0,"enemies":"Small Slimes","floor":3,"turns":5},{"damage":0,"enemies":"Cultist","floor":4,"turns":4},{"damage":6,"enemies":"Exordium Thugs","floor":5,"turns":6},{"damage":20,"enemies":"3 Sentries","floor":7,"turns":13},{"damage":3,"enemies":"Looter","floor":8,"turns":3},{"damage":31,"enemies":"Gremlin Nob","floor":11,"turns":5},{"damage":27,"enemies":"Slime Boss","floor":16,"turns":18},{"damage":25,"enemies":"2 Thieves","floor":18,"turns":4},{"damage":0,"enemies":"Chosen","floor":20,"turns":5},{"damage":58,"enemies":"3 Cultists","floor":21,"turns":7},{"damage":13,"enemies":"Snake Plant","floor":22,"turns":6},{"damage":13,"enemies":"Book of Stabbing","floor":24,"turns":6},{"damage":46,"enemies":"Slavers","floor":27,"turns":8},{"damage":18,"enemies":"Chosen and Byrds","floor":31,"turns":8},{"damage":43,"enemies":"Collector","floor":33,"turns":3}],"seed_played":"-311059757960997674","potions_obtained":[{"floor":4,"key":"BlessingOfTheForge"},{"floor":5,"key":"FairyPotion"},{"floor":7,"key":"Fire Potion"},{"floor":16,"key":"EssenceOfSteel"},{"floor":20,"key":"Fruit Juice"},{"floor":22,"key":"Dexterity Potion"},{"floor":27,"key":"SpeedPotion"}],"is_trial":false,"path_per_floor":["M","?","M","M","M","R","E","M","T","R","E","?","?","?","R","B",null,"M","?","M","M","M","R","E","R","T","E","?","T","?","M","R","B"],"character_chosen":"THE_SILENT","items_purchased":[],"campfire_rested":4,"item_purchase_floors":[],"current_hp_per_floor":[62,51,51,51,45,45,25,22,22,58,27,50,50,50,50,23,70,45,45,50,22,9,46,33,70,70,24,24,24,24,6,43,0,0],"gold":585,"neow_bonus":"RANDOM_COMMON_RELIC","is_daily":false,"chose_seed":false,"campfire_upgraded":2,"win_rate":0.0,"timestamp":1609874538,"path_taken":["M","?","M","M","M","R","E","M","T","R","E","?","?","?","R","BOSS","M","?","M","M","M","R","E","R","T","E","?","?","?","M","R","BOSS"],"items_purchased_type":[],"build_version":"2020-12-22","purchased_purges":0,"victory":false,"max_hp_per_floor":[70,70,70,70,70,70,70,70,70,70,70,70,70,70,70,70,70,70,70,75,75,75,75,75,75,75,75,75,75,75,75,75,75,75],"card_choices":[{"not_picked":["Dodge and Roll","Deflect"],"picked":"Blur","floor":1},{"not_picked":["Bane","Sucker Punch"],"picked":"Quick Slash","floor":3},{"not_picked":["PiercingWail","Bane"],"picked":"Footwork","floor":4},{"not_picked":["Tactician","Quick Slash"],"picked":"Flying Knee","floor":5},{"not_picked":["Cloak And Dagger","Infinite Blades"],"picked":"Prepared","floor":7},{"not_picked":["Distraction","Predator","Slice"],"picked":"SKIP","floor":8},{"not_picked":["PiercingWail","After Image"],"picked":"Backflip","floor":11},{"not_picked":["Glass Knife","Tools of the Trade"],"picked":"Storm of Steel","floor":16},{"not_picked":["Quick Slash+1","Blade Dance+1"],"picked":"Deadly Poison+1","floor":18},{"not_picked":["Sucker Punch","Heel Hook+1","Flechettes+1"],"picked":"SKIP","floor":20},{"not_picked":["Sucker Punch","Deflect+1"],"picked":"Reflex+1","floor":21},{"not_picked":["Outmaneuver","Crippling Poison"],"picked":"Accuracy","floor":22},{"not_picked":["Riddle With Holes+1","Dagger Throw"],"picked":"Burst","floor":24},{"not_picked":["Phantasmal Killer","Dagger Throw"],"picked":"Deadly Poison","floor":27},{"not_picked":["Cloak And Dagger","PiercingWail+1"],"picked":"Catalyst","floor":31}],"player_experience":144984,"relics_obtained":[{"floor":7,"key":"Nunchaku"},{"floor":9,"key":"Regal Pillow"},{"floor":11,"key":"Vajra"},{"floor":24,"key":"Juzu Bracelet"},{"floor":26,"key":"Ice Cream"},{"floor":27,"key":"Tiny Chest"},{"floor":29,"key":"Centennial Puzzle"}],"event_choices":[{"damage_healed":0,"gold_gain":75,"player_choice":"Gather Gold","damage_taken":11,"max_hp_gain":0,"max_hp_loss":0,"event_name":"World of Goop","floor":2,"gold_loss":0},{"damage_healed":23,"gold_gain":0,"player_choice":"Banana","damage_taken":0,"max_hp_gain":0,"max_hp_loss":0,"event_name":"Big Fish","floor":12,"gold_loss":0},{"cards_removed":["Strike_G"],"damage_healed":0,"gold_gain":0,"player_choice":"Card Removal","damage_taken":0,"max_hp_gain":0,"max_hp_loss":0,"event_name":"The Cleric","floor":13,"gold_loss":50},{"damage_healed":0,"gold_gain":0,"player_choice":"Ignored","damage_taken":0,"max_hp_gain":0,"max_hp_loss":0,"event_name":"Liars Game","floor":14,"gold_loss":0},{"damage_healed":0,"gold_gain":0,"player_choice":"3 cards matched","damage_taken":0,"max_hp_gain":0,"max_hp_loss":0,"event_name":"Match and Keep!","floor":19,"gold_loss":0,"cards_obtained":["Expertise","Blind","Neutralize"]},{"damage_healed":0,"gold_gain":100,"player_choice":"Pray","damage_taken":0,"max_hp_gain":0,"max_hp_loss":0,"event_name":"Golden Shrine","floor":28,"gold_loss":0},{"damage_healed":0,"gold_gain":0,"player_choice":"Upgraded","damage_taken":0,"max_hp_gain":0,"max_hp_loss":0,"event_name":"Upgrade Shrine","floor":30,"gold_loss":0,"cards_upgraded":["Burst"]}],"is_beta":false,"boss_relics":[{"not_picked":["Calling Bell","SlaversCollar"],"picked":"Snecko Eye"}],"items_purged_floors":[],"is_endless":false,"potions_floor_spawned":[4,5,7,16,20,22,27],"killed_by":"Collector","ascension_level":3}}