{"host":"tw7a6rmo9h75ssrt","time":1609885366,"event":{"mods":["AchievementEnabler","Act Like it!","BaseMod","Colored Map","Highlight Path","Minty Spire (QoL Compilation)","Permanent Neow","Quick Restart","Relic Stats","SuperFastMode"],"gold_per_floor":[116,116,136,155,155,155,171,190,190,190,234,234,234,253,253,378,378,378,378,153,78,78,78,48,48,48,48,48,48,48,48,48,48,48,48,48,48,48,48,48,48,48,48,48,48,48,48,48,48,48],"floor_reached":51,"playtime":8214,"items_purged":["Strike_R"],"score":1135,"play_id":"fb68d398-3a1d-49c5-a795-eec03ef4ee70","local_time":"20210106062246","is_ascension_mode":true,"campfire_choices":[{"data":"Searing Blow","floor":6.0,"key":"SMITH"},{"floor":12.0,"key":"REST"},{"data":"Searing Blow+2","floor":15.0,"key":"SMITH"},{"data":"Searing Blow+3","floor":23.0,"key":"SMITH"},{"data":"Searing Blow+4","floor":25.0,"key":"SMITH"},{"data":"Searing Blow+5","floor":30.0,"key":"SMITH"},{"data":"Double Tap","floor":32.0,"key":"SMITH"},{"data":"Searing Blow+6","floor":40.0,"key":"SMITH"},{"data":"Searing Blow+7","floor":42.0,"key":"SMITH"},{"data":"Searing Blow+8","floor":46.0,"key":"SMITH"},{"data":"Searing Blow+9","floor":49.0,"key":"SMITH"}],"circlet_count":0,"master_deck":["Strike_R","Strike_R","Defend_R","Defend_R","Defend_R","Bash","Pommel Strike","Searing Blow+10","Battle Trance","Double Tap+1","Brutality","Brutality","Armaments","Dual Wield+1","Reaper","Shrug It Off+1","Metallicize+1","Rupture"],"relics":["Cursed Key","Mummified Hand","Ectoplasm","Brimstone","Runic Dome","Prayer Wheel"],"acts_visited":["Exordium","TheCity","TheBeyond"],"potions_floor_usage":[],"damage_taken":[{"damage":1.0,"enemies":"Cultist","floor":1.0,"turns":3.0},{"damage":3.0,"enemies":"2 Louse","floor":3.0,"turns":2.0},{"damage":0.0,"enemies":"Small Slimes","floor":4.0,"turns":2.0},{"damage":9.0,"enemies":"3 Louse","floor":7.0,"turns":3.0},{"damage":14.0,"enemies":"Exordium Thugs","floor":8.0,"turns":6.0},{"damage":16.0,"enemies":"Gremlin Nob","floor":11.0,"turns":3.0},{"damage":5.0,"enemies":"Large Slime","floor":14.0,"turns":4.0},{"damage":30.0,"enemies":"Hexaghost","floor":16.0,"turns":7.0},{"damage":0.0,"enemies":"Spheric Guardian","floor":18.0,"turns":1.0},{"damage":12.0,"enemies":"2 Thieves","floor":24.0,"turns":3.0},{"damage":3.0,"enemies":"Centurion and Healer","floor":27.0,"turns":3.0},{"damage":1.0,"enemies":"Snake Plant","floor":28.0,"turns":2.0},{"damage":1.0,"enemies":"Sentry and Sphere","floor":29.0,"turns":2.0},{"damage":31.0,"enemies":"Automaton","floor":33.0,"turns":4.0},{"damage":37.0,"enemies":"3 Darklings","floor":35.0,"turns":4.0},{"damage":39.0,"enemies":"Orb Walker","floor":37.0,"turns":5.0},{"damage":52.0,"enemies":"Transient","floor":38.0,"turns":5.0},{"damage":12.0,"enemies":"Sphere and 2 Shapes","floor":39.0,"turns":4.0},{"damage":13.0,"enemies":"3 Darklings","floor":41.0,"turns":5.0},{"damage":2.0,"enemies":"Mind Bloom Boss Battle","floor":45.0,"turns":3.0},{"damage":94,"enemies":"Time Eater","floor":50,"turns":7}],"seed_played":"4063565604893043147","potions_obtained":[{"floor":3.0,"key":"PowerPotion"},{"floor":8.0,"key":"Energy Potion"},{"floor":14.0,"key":"Swift Potion"},{"floor":18.0,"key":"Block Potion"},{"floor":28.0,"key":"ColorlessPotion"},{"floor":29.0,"key":"GamblersBrew"},{"floor":33.0,"key":"Fruit Juice"},{"floor":37.0,"key":"ElixirPotion"},{"floor":38.0,"key":"Fruit Juice"},{"floor":39.0,"key":"LiquidBronze"},{"floor":41.0,"key":"ElixirPotion"},{"floor":45.0,"key":"SteroidPotion"}],"is_trial":false,"path_per_floor":["M","?","M","M","?","R","M","M","T","?","E","R","?","M","R","B",null,"M","?","$","?","T","R","M","R","T","M","M","M","R","?","R","B",null,"M","$","M","M","M","R","M","R","T","?","?","R","?","T","R","B",null],"character_chosen":"IRONCLAD","items_purchased":["Brimstone"],"campfire_rested":1,"item_purchase_floors":[20],"current_hp_per_floor":[71,71,68,68,68,68,59,45,45,45,29,51,74,69,69,39,65,65,65,65,65,65,65,53,53,53,50,49,48,48,48,48,17,60,74,74,79,78,79,79,84,84,84,84,82,82,82,82,82,82],"gold":48,"neow_bonus":"BOSS_RELIC","is_daily":false,"chose_seed":false,"campfire_upgraded":10,"win_rate":0.0,"timestamp":1609885366,"path_taken":["M","?","M","M","?","R","M","M","T","?","E","R","?","M","R","BOSS","M","?","?","?","?","R","M","R","T","M","?","M","R","?","R","BOSS","M","$","M","M","M","R","?","R","T","?","?","R","?","?","R","BOSS"],"items_purchased_type":["Relic"],"build_version":"2020-12-22","purchased_purges":1,"victory":true,"max_hp_per_floor":[80,80,80,80,74,74,74,74,74,74,74,74,74,74,74,74,74,74,74,74,74,74,74,74,74,74,74,74,74,74,74,74,74,74,74,74,79,79,79,79,84,84,84,84,84,84,84,84,84,84],"relic_stats":{"counters":[21,78],"Mummified Hand":[43],"Prayer Wheel":0,"Ectoplasm":718,"Cursed Key":0,"obtain_stats":[{"Runic Dome":34,"Golden Idol":5,"Mummified Hand":11,"Brimstone":20,"Prayer Wheel":45,"Ectoplasm":17,"Cursed Key":0,"Burning Blood":0},{"Runic Dome":14,"Golden Idol":3,"Mummified Hand":6,"Brimstone":9,"Prayer Wheel":20,"Ectoplasm":8,"Cursed Key":0,"Burning Blood":0},{"Runic Dome":45,"Golden Idol":7,"Mummified Hand":19,"Brimstone":31,"Prayer Wheel":71,"Ectoplasm":30,"Cursed Key":0,"Burning Blood":0}]},"card_choices":[{"not_picked":["Power Through","Clothesline"],"picked":"Pommel Strike","floor":1.0},{"not_picked":["Body Slam","Sword Boomerang","Headbutt"],"picked":"SKIP","floor":3.0},{"not_picked":["Clothesline","Dark Embrace"],"picked":"Searing Blow","floor":4.0},{"not_picked":["Warcry","Double Tap","Reckless Charge"],"picked":"SKIP","floor":7.0},{"not_picked":["Warcry","Anger"],"picked":"Battle Trance","floor":8.0},{"not_picked":["Iron Wave","Armaments"],"picked":"Double Tap","floor":11.0},{"not_picked":["Blood for Blood","Wild Strike","True Grit"],"picked":"SKIP","floor":14.0},{"not_picked":["Impervious","Double Tap"],"picked":"Brutality","floor":16.0},{"not_picked":["Metallicize","True Grit","Power Through"],"picked":"SKIP","floor":18.0},{"not_picked":["Metallicize","True Grit","Power Through"],"picked":"SKIP","floor":18.0},{"not_picked":["Second Wind","Uppercut","Shockwave"],"picked":"SKIP","floor":24.0},{"not_picked":["Pummel","Heavy Blade","Carnage"],"picked":"SKIP","floor":27.0},{"not_picked":["Twin Strike","Headbutt"],"picked":"Armaments","floor":28.0},{"not_picked":["Disarm+1","Sever Soul"],"picked":"Dual Wield+1","floor":29.0},{"not_picked":["Impervious","Fiend Fire"],"picked":"Reaper","floor":33.0},{"not_picked":["Feel No Pain+1","Flex+1","Second Wind"],"picked":"SKIP","floor":35.0},{"not_picked":["Clothesline","Thunderclap","Rage+1"],"picked":"SKIP","floor":37.0},{"not_picked":["Rage","Shockwave+1"],"picked":"Shrug It Off+1","floor":38.0},{"not_picked":["Carnage","Spot Weakness"],"picked":"Metallicize+1","floor":39.0},{"not_picked":["Flame Barrier+1","Clash+1","Havoc"],"picked":"SKIP","floor":41.0},{"not_picked":["Warcry","Twin Strike"],"picked":"Rupture","floor":45.0}],"player_experience":31185,"relics_obtained":[{"floor":11.0,"key":"Mummified Hand"},{"floor":45.0,"key":"Prayer Wheel"}],"event_choices":[{"damage_healed":0.0,"max_hp_gain":0.0,"max_hp_loss":0.0,"gold_gain":0.0,"event_name":"Liars Game","player_choice":"Ignored","floor":2.0,"gold_loss":0.0,"damage_taken":0.0},{"damage_healed":0.0,"max_hp_gain":0.0,"max_hp_loss":6.0,"gold_gain":0.0,"event_name":"Golden Idol","player_choice":"Lose Max HP","floor":5.0,"gold_loss":0.0,"damage_taken":0.0,"relics_obtained":["Golden Idol"]},{"damage_healed":0.0,"max_hp_gain":0.0,"max_hp_loss":0.0,"gold_gain":0.0,"event_name":"Living Wall","player_choice":"Grow","floor":10.0,"gold_loss":0.0,"damage_taken":0.0,"cards_upgraded":["Searing Blow"]},{"damage_healed":24.0,"max_hp_gain":0.0,"max_hp_loss":0.0,"gold_gain":0.0,"event_name":"Big Fish","player_choice":"Banana","floor":13.0,"gold_loss":0.0,"damage_taken":0.0},{"damage_healed":0.0,"max_hp_gain":0.0,"max_hp_loss":0.0,"gold_gain":0.0,"event_name":"Duplicator","player_choice":"Copied","floor":19.0,"gold_loss":0.0,"damage_taken":0.0,"cards_obtained":["Brutality"]},{"cards_removed":["Strike_R"],"damage_healed":0.0,"max_hp_gain":0.0,"max_hp_loss":0.0,"gold_gain":0.0,"event_name":"Beggar","player_choice":"Gave Gold","floor":21.0,"gold_loss":75.0,"damage_taken":0.0},{"cards_removed":["Strike_R"],"damage_healed":0.0,"max_hp_gain":0.0,"max_hp_loss":0.0,"gold_gain":0.0,"event_name":"Bonfire Elementals","player_choice":"Offered Basic","floor":31.0,"gold_loss":0.0,"damage_taken":0.0},{"cards_removed":["Defend_R"],"damage_healed":0.0,"max_hp_gain":0.0,"max_hp_loss":0.0,"gold_gain":0.0,"event_name":"Falling","player_choice":"Removed Skill","floor":44.0,"gold_loss":0.0,"damage_taken":0.0},{"damage_healed":0.0,"max_hp_gain":0.0,"max_hp_loss":0.0,"gold_gain":0.0,"event_name":"MindBloom","player_choice":"Fight","floor":45.0,"gold_loss":0.0,"damage_taken":0.0},{"damage_healed":0.0,"max_hp_gain":0.0,"max_hp_loss":0.0,"gold_gain":333.0,"event_name":"The Moai Head","player_choice":"Gave Idol","floor":47.0,"relics_lost":["Golden Idol"],"gold_loss":0.0,"damage_taken":0.0}],"is_beta":false,"boss_relics":[{"not_picked":["Empty Cage","Black Star"],"picked":"Ectoplasm"},{"not_picked":["Snecko Eye","Fusion Hammer"],"picked":"Runic Dome"}],"items_purged_floors":[20],"is_endless":false,"potions_floor_spawned":[3,8,14,18,28,29,33,37,38,39,41,45],"ascension_level":7}}