{"host":"ye7mfqqt9ljtnqit","time":1609849395,"event":{"mods":["BaseMod","Colored Map","Downfall","Marisa£®ÏF”Í°°ƒß¿Ì…≥£©","Minty Spire (QoL Compilation)","StSLib","SuperFastMode","The Servant 0.9.4"],"gold_per_floor":[99,113,123,142,142,142,142,47,82,99,110,130,13,51,67,172,222,72,95,202,302,42,73,73,88,99,99,24,53,67,67,77,178,178,178,194,204,204,218,218,287,287,298,283,283,299,91,123,138,138,138,138,138,138],"floor_reached":52,"playtime":4034,"items_purged":["Regret"],"score":911,"play_id":"2f7842d9-646b-4334-a82f-40ab1bf70aa8","local_time":"20210105202315","is_ascension_mode":false,"campfire_choices":[{"floor":1.0,"key":"RECALL"},{"data":"hexamod:ParanormalForm","floor":18.0,"key":"SMITH"},{"data":"expansioncontent:QuickStudy","floor":28,"key":"SMITH"},{"data":"hexamod:ParanormalForm","floor":35,"key":"SMITH"},{"data":"hexamod:SpectersWail","floor":40,"key":"SMITH"},{"data":"hexamod:UnleashSpirits","floor":42,"key":"SMITH"}],"circlet_count":0,"master_deck":["hexamod:Strike+1","hexamod:Strike+1","hexamod:Defend+1","hexamod:Defend+1","hexamod:Sear+1","hexamod:Float+1","hexamod:ParanormalForm+1","hexamod:GhostShield+1","hexamod:StepThrough+1","hexamod:RecurringNightmare","hexamod:NightmareStrike+1","hexamod:UnleashSpirits+1","hexamod:GhostLash+1","hexamod:AdvancingGuard","hexamod:GhostShield+1","hexamod:HeatShield","hexamod:WildfireWeapon","hexamod:FastForward+1","hexamod:SoulSteal+1","hexamod:EtherealExpedition+1","hexamod:SixthSeal","hexamod:ParanormalForm+1","hexamod:GhostLash","hexamod:Firestarter","J.A.X.","hexamod:GhostLash+1","hexamod:GhostShield+1","expansioncontent:QuickStudy+1","hexamod:EmpoweringStance","hexamod:AdvancingGuard+1","hexamod:FirstSeal","hexamod:EtherealExpedition","hexamod:RecurringNightmare","hexamod:WildfireWeapon+1","hexamod:GhostLash","hexamod:UnleashSpirits+1","hexamod:GhostShield","hexamod:ThirdSeal","hexamod:GhostShield","hexamod:SpectersWail+1","hexamod:NightmareGuise","hexamod:GhostOfSpireFuture+1","hexamod:UnleashSpirits","hexamod:GhostShield","hexamod:RainOfEmbers","hexamod:CrushingStance","hexamod:ExtraCrispy+1","hexamod:ThermalTransfer+1","hexamod:NightmareGuise+1","hexamod:TimeOfNeed","hexamod:EtherealExpedition","hexamod:GhostOfSpireFuture","hexamod:InspiringFlames+1","hexamod:RecurringNightmare","hexamod:DynamicBlow+1"],"relics":["hexamod:SpiritBrand","Pantograph","TungstenRod","Tiny House","downfall:HeartBlessingGreen","downfall:HeartBlessingRed","hexamod:TheBrokenSeal","Lizard Tail","Eternal Feather","MutagenicStrength","Pear","downfall:RedIOU","downfall:HeartBlessingBlue","Happy Flower","hexamod:IceCube","Darkstone Periapt","Bronze Scales","HandDrill","Pen Nib"],"acts_visited":["Exordium","TheCity","TheBeyond","TheEnding"],"potions_floor_usage":[23,52],"damage_taken":[{"damage":0.0,"enemies":"Cultist","floor":2.0,"turns":3.0},{"damage":0.0,"enemies":"Jaw Worm","floor":3.0,"turns":3.0},{"damage":0.0,"enemies":"Small Slimes","floor":4.0,"turns":3.0},{"damage":2.0,"enemies":"downfall:FleeingMerchant","floor":8.0,"turns":4.0},{"damage":31.0,"enemies":"Lagavulin","floor":9.0,"turns":8.0},{"damage":7.0,"enemies":"3 Louse","floor":10.0,"turns":4.0},{"damage":11.0,"enemies":"2 Fungi Beasts","floor":11.0,"turns":4.0},{"damage":10.0,"enemies":"Large Slime","floor":12.0,"turns":6.0},{"damage":7.0,"enemies":"downfall:FleeingMerchant","floor":13.0,"turns":4.0},{"damage":16.0,"enemies":"Gremlin Nob","floor":14.0,"turns":5.0},{"damage":6.0,"enemies":"Red Slaver","floor":15.0,"turns":3.0},{"damage":3.0,"enemies":"downfall:Watcher","floor":16.0,"turns":12.0},{"damage":31.0,"enemies":"Shell Parasite","floor":19.0,"turns":8.0},{"damage":81,"enemies":"downfall:Defect","floor":20,"turns":11},{"damage":12,"enemies":"downfall:Augmenter","floor":21,"turns":6},{"damage":2,"enemies":"downfall:FleeingMerchant","floor":22,"turns":4},{"damage":75,"enemies":"Gremlin Leader","floor":23,"turns":8},{"damage":0,"enemies":"Chosen","floor":25,"turns":3},{"damage":0,"enemies":"Sentry and Sphere","floor":26,"turns":3},{"damage":5,"enemies":"Book of Stabbing","floor":29,"turns":7},{"damage":0,"enemies":"Snake Plant","floor":30,"turns":2},{"damage":0,"enemies":"Shelled Parasite and Fungi","floor":32,"turns":5},{"damage":18,"enemies":"downfall:Silent","floor":33,"turns":8},{"damage":3,"enemies":"Orb Walker","floor":36,"turns":3},{"damage":0,"enemies":"3 Shapes","floor":37,"turns":8},{"damage":11,"enemies":"Writhing Mass","floor":39,"turns":5},{"damage":18,"enemies":"Spire Growth","floor":43,"turns":4},{"damage":17,"enemies":"downfall:FleeingMerchant","floor":44,"turns":4},{"damage":15,"enemies":"Sphere and 2 Shapes","floor":46,"turns":3},{"damage":0,"enemies":"downfall:FleeingMerchant","floor":47,"turns":1},{"damage":10,"enemies":"Nemesis","floor":48,"turns":5},{"damage":8,"enemies":"Writhing Mass","floor":49,"turns":5},{"damage":0,"enemies":"downfall:Defect","floor":50,"turns":6},{"damage":144,"enemies":"downfall:CharBossMerchant","floor":52,"turns":8}],"seed_played":"-134239072737542168","potions_obtained":[{"floor":2.0,"key":"Strength Potion"},{"floor":10.0,"key":"champ:CounterPotion"},{"floor":12.0,"key":"Fire Potion"},{"floor":14.0,"key":"FearPotion"},{"floor":25,"key":"Fire Potion"},{"floor":26,"key":"AttackPotion"}],"is_trial":false,"path_per_floor":["R","M","M","M","?","?","T","$","E","M","M","M","$","E","M","B",null,"R","M","?","?","$","E","T","M","M","?","R","E","M","?","M","B",null,"R","M","M","?","M","R","T","R","M","$","?","M","$","E","M","B",null,"E"],"character_chosen":"THE_SPIRIT","items_purchased":["hexamod:UnleashSpirits","hexamod:ThirdSeal","expansioncontent:QuickStudy","hexamod:EmpoweringStance","hexamod:TimeOfNeed","hexamod:EtherealExpedition","hexamod:GhostOfSpireFuture","Bronze Scales","HandDrill"],"campfire_rested":0,"item_purchase_floors":[8,13,22,22,47,47,47,47,47],"current_hp_per_floor":[70,70,70,70,70,63,63,68,44,44,40,37,37,28,29,58,75,75,51,82,70,68,52,52,52,52,52,80,82,82,82,82,94,105,105,105,105,105,101,105,105,105,87,77,70,62,62,59,58,90,105,0,0,0],"gold":138,"neow_bonus":"ONE_RANDOM_RARE_CARD","is_daily":false,"chose_seed":false,"campfire_upgraded":5,"win_rate":0.0,"timestamp":1609849395,"path_taken":["R","M","M","M","?","?","T","?","E","M","M","M","$","E","M","BOSS","R","M","?","?","$","E","T","M","M","?","R","E","M","?","M","BOSS","R","M","M","?","M","R","T","R","?","$","?","M","$","E","M","BOSS","E"],"items_purchased_type":["Card","Card","Card","Card","Card","Card","Card","Relic","Relic"],"build_version":"2020-12-22","purchased_purges":1,"victory":false,"max_hp_per_floor":[70,70,70,70,70,70,70,70,70,70,70,70,70,70,70,70,75,75,75,85,85,85,95,95,95,95,95,105,105,105,105,105,105,105,105,105,105,105,105,105,105,105,105,105,105,105,105,105,105,105,105,105,105,105],"card_choices":[{"not_picked":["hexamod:BurningTouch","hexamod:GhostOfSpirePresent"],"picked":"hexamod:GhostShield","floor":2.0},{"not_picked":["hexamod:ShieldOfDarkness","hexamod:HauntingEcho"],"picked":"hexamod:StepThrough","floor":3.0},{"not_picked":["hexamod:GhostShield","hexamod:HeatMetal"],"picked":"hexamod:RecurringNightmare","floor":4.0},{"not_picked":["hexamod:ChargedBarrage","hexamod:HeatShield"],"picked":"hexamod:NightmareStrike","floor":8.0},{"not_picked":["hexamod:RainOfEmbers","hexamod:BurningTouch"],"picked":"hexamod:SixthSeal","floor":9.0},{"not_picked":["hexamod:HauntingEcho","hexamod:SwordOfDarkness"],"picked":"hexamod:SecondSeal","floor":10.0},{"not_picked":["hexamod:ShieldOfDarkness","hexamod:SwordOfDarkness","hexamod:GhostOfSpirePast"],"picked":"SKIP","floor":11.0},{"not_picked":["hexamod:FastForward","hexamod:PhantomFireball"],"picked":"hexamod:GhostLash","floor":12.0},{"not_picked":["hexamod:SpectralAdrenaline","hexamod:ShieldOfDarkness"],"picked":"hexamod:AdvancingGuard","floor":13.0},{"not_picked":["hexamod:AdvancingGuard","hexamod:BurningTouch"],"picked":"hexamod:GhostShield","floor":14.0},{"not_picked":["hexamod:AdvancingGuard","hexamod:GhostShield"],"picked":"hexamod:HeatShield","floor":15.0},{"not_picked":["hexamod:UnleashSpirits","hexamod:SearingWound"],"picked":"hexamod:FifthSeal","floor":16.0},{"not_picked":["hexamod:SixthSeal","hexamod:SearingWound"],"picked":"hexamod:WildfireWeapon","floor":16.0},{"not_picked":["hexamod:PhantomCloak","hexamod:CatchUp"],"picked":"hexamod:FastForward","floor":17.0},{"not_picked":["hexamod:ThirdSeal","hexamod:SixthSeal"],"picked":"hexamod:FourthSeal","floor":19.0},{"not_picked":["hexamod:BurningTouch","hexamod:ShieldOfDarkness"],"picked":"hexamod:SoulSteal+1","floor":19.0},{"not_picked":["hexamod:RainOfEmbers","hexamod:GhostOfSpirePast+1"],"picked":"hexamod:EtherealExpedition+1","floor":19.0},{"not_picked":["hexamod:FirstSeal","hexamod:FourthSeal"],"picked":"hexamod:SixthSeal","floor":20},{"not_picked":["hexamod:Again","hexamod:GhostShield"],"picked":"hexamod:ParanormalForm","floor":20},{"not_picked":[],"picked":"J.A.X.","floor":21},{"not_picked":["hexamod:HauntingEcho","hexamod:TimeWarp"],"picked":"hexamod:GhostLash+1","floor":21},{"not_picked":["hexamod:ThermalTransfer","hexamod:RainOfEmbers"],"picked":"hexamod:GhostShield+1","floor":22},{"not_picked":["hexamod:Firestarter","hexamod:InspiringFlames+1"],"picked":"hexamod:AdvancingGuard+1","floor":23},{"not_picked":["hexamod:Firestarter+1","hexamod:SoulSteal"],"picked":"hexamod:FirstSeal","floor":25},{"not_picked":["hexamod:Firestarter","hexamod:ChargedBarrage"],"picked":"hexamod:EtherealExpedition","floor":26},{"not_picked":["hexamod:SecondSeal","hexamod:AdvancingGuard"],"picked":"hexamod:RecurringNightmare","floor":29},{"not_picked":["hexamod:HeatMetal","hexamod:BurningTouch"],"picked":"hexamod:WildfireWeapon","floor":30},{"not_picked":["hexamod:SkipABeat","hexamod:ThermalTransfer"],"picked":"hexamod:GhostLash","floor":32},{"not_picked":["hexamod:ParanormalForm","hexamod:SixthSeal"],"picked":"hexamod:UnleashSpirits","floor":33},{"not_picked":["hexamod:BacktrackSmack","hexamod:RainOfEmbers"],"picked":"hexamod:GhostShield","floor":36},{"not_picked":["hexamod:SwordOfDarkness+1","hexamod:ShieldOfDarkness+1"],"picked":"hexamod:ThirdSeal","floor":37},{"not_picked":["hexamod:ChargedBarrage+1","hexamod:FourthSeal"],"picked":"hexamod:GhostShield","floor":39},{"not_picked":["hexamod:ThermalTransfer","hexamod:SpectersWail","hexamod:Rewind"],"picked":"SKIP","floor":39},{"not_picked":["hexamod:ThermalTransfer","hexamod:Rewind"],"picked":"hexamod:SpectersWail","floor":39},{"not_picked":["hexamod:ShieldOfDarkness+1","hexamod:Rewind+1"],"picked":"hexamod:NightmareGuise","floor":43},{"not_picked":["hexamod:GhostLash","hexamod:ChargedBarrage+1"],"picked":"hexamod:GhostOfSpireFuture+1","floor":43},{"not_picked":["hexamod:ChargedBarrage+1","hexamod:SpectersWail"],"picked":"hexamod:UnleashSpirits","floor":44},{"not_picked":["hexamod:Incineration+1","hexamod:InspiringFlames"],"picked":"hexamod:GhostShield","floor":44},{"not_picked":["hexamod:AdvancingGuard+1","hexamod:ShieldOfDarkness"],"picked":"hexamod:ExtraCrispy+1","floor":46},{"not_picked":["hexamod:RainOfEmbers","hexamod:ShieldOfDarkness+1"],"picked":"hexamod:ThermalTransfer+1","floor":46},{"not_picked":["hexamod:GhostLash+1","hexamod:ThermalTransfer+1"],"picked":"hexamod:NightmareGuise+1","floor":47},{"not_picked":["hexamod:RainOfEmbers+1","hexamod:HeatShield+1"],"picked":"hexamod:InspiringFlames+1","floor":48},{"not_picked":["hexamod:Firestarter+1","hexamod:FirstSeal"],"picked":"hexamod:RecurringNightmare","floor":49},{"not_picked":["hexamod:BacktrackSmack","hexamod:AdvancingGuard+1"],"picked":"hexamod:DynamicBlow+1","floor":49}],"player_experience":119593,"relics_obtained":[{"floor":7.0,"key":"Pantograph"},{"floor":9.0,"key":"TungstenRod"},{"floor":14.0,"key":"Regal Pillow"},{"floor":20,"key":"Lizard Tail"},{"floor":20,"key":"Eternal Feather"},{"floor":21,"key":"MutagenicStrength"},{"floor":23,"key":"Pear"},{"floor":29,"key":"Happy Flower"},{"floor":41,"key":"Darkstone Periapt"},{"floor":48,"key":"Pen Nib"}],"event_choices":[],"is_beta":false,"boss_relics":[{"not_picked":["SacredBark","Cursed Key"],"picked":"Tiny House"},{"not_picked":["Fusion Hammer","Velvet Choker"],"picked":"hexamod:IceCube"}],"items_purged_floors":[13],"is_endless":false,"potions_floor_spawned":[2,10,12,14,15,16,25,26,29,32,39,46],"killed_by":"downfall:CharBossMerchant","ascension_level":0}}