{"host":"y89x8uui45kcjy42","time":1609819661,"event":{"mods":["2.2 Compatiblity","BaseMod","CapriCore","Colored Map","Colored Powertips","Custom Start","Friendly Minions","Keyboard Shortcuts","Lobotomy","Minty Spire (QoL Compilation)","Relic Stats","Slay the Relics Exporter","StSLib","SuperFastMode","Uncapped"],"gold_per_floor":[117,182,107,120,120,120,120,120,199,199,218,237,295,325,325,421,421,432,432,332,332,332,364,364,364,364],"floor_reached":25,"playtime":843,"items_purged":["SpecialBullet","QueenOfHatred"],"score":251,"play_id":"636996df-684b-43a0-882c-def6d3b9a3c1","local_time":"20210105130741","is_ascension_mode":true,"campfire_choices":[],"circlet_count":0,"master_deck":["SpecialBullet","SpecialBullet","SpecialBullet","SpecialBullet","SpecialBullet","SpecialBullet","SpecialBullet","InformationCode","SecurityCode","CentralCode","SingingMachine","Lamp+4","Heaven","DisciplinaryCode","Variant"],"relics":["CogitoBucket","WingedGreaves","Pantograph","Orichalcum","Kunai","Black Star","FleshIdol","Vajra","Bag of Preparation","Mango"],"acts_visited":["Exordium","TheCity"],"potions_floor_usage":[],"damage_taken":[{"damage":0.0,"enemies":"Small Slimes","floor":1.0,"turns":2.0},{"damage":4.0,"enemies":"Cultist","floor":4.0,"turns":2.0},{"damage":15.0,"enemies":"Jaw Worm","floor":11.0,"turns":3.0},{"damage":4.0,"enemies":"Large Slime","floor":12.0,"turns":3.0},{"damage":20.0,"enemies":"Gremlin Nob","floor":13.0,"turns":3.0},{"damage":32.0,"enemies":"Lagavulin","floor":14.0,"turns":4.0},{"damage":14.0,"enemies":"Slime Boss","floor":16.0,"turns":12.0},{"damage":54.0,"enemies":"Chosen","floor":18.0,"turns":6.0},{"damage":54,"enemies":"Gremlin Leader","floor":23,"turns":8},{"damage":49,"enemies":"Book of Stabbing","floor":25,"turns":3}],"seed_played":"1940288074727845701","potions_obtained":[{"floor":11.0,"key":"ColorlessPotion"},{"floor":12.0,"key":"Fruit Juice"},{"floor":16.0,"key":"GamblersBrew"}],"is_trial":false,"path_per_floor":["M","?","$","M","?","R","R","R","T","R","M","M","?","E","R","B",null,"M","?","$","?","?","E","R","E"],"character_chosen":"Angela","items_purchased":[],"campfire_rested":0,"item_purchase_floors":[],"current_hp_per_floor":[70,70,70,70,80,80,80,80,80,80,77,80,75,73,73,80,80,44,70,70,55,55,39,39,0,0],"gold":364,"neow_bonus":"ONE_RANDOM_RARE_CARD","is_daily":false,"chose_seed":false,"campfire_upgraded":0,"win_rate":0.0,"timestamp":1609819661,"path_taken":["M","?","$","M","?","R","R","R","T","R","M","?","?","E","R","BOSS","M","?","$","?","?","E","R","E"],"items_purchased_type":[],"build_version":"2020-12-22","purchased_purges":2,"victory":false,"max_hp_per_floor":[70,70,70,70,80,80,80,80,80,80,80,80,80,80,80,80,80,80,80,80,85,85,99,99,99,99],"relic_stats":{"counters":[11,47],"Pantograph":7,"Black Star":1,"Bag of Preparation":[2],"Kunai":[2],"Orichalcum":[156],"obtain_stats":[{"CogitoBucket":0,"Pantograph":9,"Vajra":22,"FleshIdol":18,"Mango":23,"WingedGreaves":6,"Black Star":17,"Bag of Preparation":23,"Kunai":14,"Orichalcum":13},{"CogitoBucket":0,"Pantograph":2,"Vajra":9,"FleshIdol":9,"Mango":10,"WingedGreaves":2,"Black Star":7,"Bag of Preparation":10,"Kunai":6,"Orichalcum":5},{"CogitoBucket":0,"Pantograph":4,"Vajra":36,"FleshIdol":36,"Mango":44,"WingedGreaves":4,"Black Star":29,"Bag of Preparation":44,"Kunai":17,"Orichalcum":13}]},"card_choices":[{"not_picked":["MeatLantern","Murderer"],"picked":"SingingMachine","floor":1.0},{"not_picked":["SomewhereSpear","CherryBlossom"],"picked":"SKIP","floor":1.0},{"not_picked":["Tough","Penitence"],"picked":"SKIP","floor":4.0},{"not_picked":["FairyFestival","ShyLook"],"picked":"QueenOfHatred","floor":11.0},{"not_picked":["WristCuter","Penitence"],"picked":"SKIP","floor":11.0},{"not_picked":["RedEyes"],"picked":"Lamp","floor":12.0},{"not_picked":["Loneliness"],"picked":"Heaven","floor":13.0},{"not_picked":["Wingbeat","CUTE"],"picked":"SKIP","floor":14.0},{"not_picked":["HeroicMonk","OldLady"],"picked":"Variant","floor":18.0},{"not_picked":["RedEyes","InTheNameOfLoveAndHate"],"picked":"SKIP","floor":18.0},{"not_picked":["GoldRush","BloodyDesire"],"picked":"SKIP","floor":23}],"player_experience":570664,"relics_obtained":[{"floor":9.0,"key":"Pantograph"},{"floor":13.0,"key":"Orichalcum"},{"floor":14.0,"key":"Kunai"},{"floor":23,"key":"Bag of Preparation"},{"floor":23,"key":"Mango"}],"event_choices":[{"damage_healed":0.0,"max_hp_gain":0.0,"max_hp_loss":0.0,"gold_gain":65.0,"event_name":"Golden Wing","player_choice":"Gained Gold","floor":2.0,"gold_loss":0.0,"damage_taken":0.0},{"cards_removed":["Justitia"],"damage_healed":0.0,"max_hp_gain":10.0,"max_hp_loss":0.0,"gold_gain":0.0,"event_name":"Bonfire Elementals","player_choice":"Offered Rare","floor":5.0,"gold_loss":0.0,"damage_taken":0.0},{"damage_healed":0.0,"max_hp_gain":0.0,"max_hp_loss":0.0,"gold_gain":30.0,"event_name":"Dead Adventurer","player_choice":"Searched \u00272\u0027 times","floor":13.0,"gold_loss":0.0,"damage_taken":0.0},{"damage_healed":26.0,"max_hp_gain":0.0,"max_hp_loss":0.0,"gold_gain":0.0,"event_name":"The Library","player_choice":"Heal","floor":19.0,"gold_loss":0.0,"damage_taken":0.0},{"damage_healed":0,"gold_gain":0,"player_choice":"Shed Blood","damage_taken":20,"max_hp_gain":5,"max_hp_loss":0,"event_name":"Forgotten Altar","floor":21,"gold_loss":0},{"damage_healed":0,"gold_gain":0,"player_choice":"Opened","damage_taken":0,"relics_obtained":["Vajra"],"max_hp_gain":0,"max_hp_loss":0,"event_name":"The Mausoleum","floor":22,"gold_loss":0}],"is_beta":false,"boss_relics":[{"not_picked":["Busted Crown","Fusion Hammer"],"picked":"Black Star"}],"items_purged_floors":[3,20],"is_endless":false,"potions_floor_spawned":[11,12,16],"killed_by":"Book of Stabbing","ascension_level":1}}