{"host":"wghdsg8ym2wc7ov9","time":1609814150,"event":{"mods":["AchievementEnabler","Astrologer","BaseMod","Beaked The Cultist","Better Altar","Better Note","Colored Map","Downfall","Hermit","Highlight Path","Jorbs\u0027s Wanderer Trilogy","KinomotoSakuraMod(????)","Minty Spire (QoL Compilation)","Random Character Button","Relic Stats","SIMod","Shop Mod","StSLib","The Blackbeard","The Bladedancer","The Construct","The Cursed","The Death Knight","The Gatherer","The Hierophant","The Marked","The Mystic","The Necromancer","The Runesmith","The Senshi","The Servant 0.9.4"],"gold_per_floor":[99,110,129,142,152,152,152,182,10,28,28,45,45,77,90,192,192,42,53,53,68,87,87,162,87,87,97,117,127,143,172,187,187,187,187],"floor_reached":33,"playtime":4671,"items_purged":[],"score":310,"play_id":"d5351edf-3862-44f5-9516-2209a7ff4d0f","local_time":"20210104183550","is_ascension_mode":false,"campfire_choices":[{"floor":1,"key":"RECALL"},{"data":"Guardian:DonusPower","floor":6,"key":"SMITH"},{"floor":11,"key":"REST"},{"data":"Guardian:MultiBeam","floor":13,"key":"SMITH"},{"data":"Guardian:StasisStrike","floor":18,"key":"SMITH"},{"data":"Guardian:TwinSlam","floor":23,"key":"SMITH"},{"data":"Guardian:Clone","floor":25,"key":"SMITH"}],"circlet_count":0,"master_deck":["Guardian:Strike_Guardian","Guardian:Strike_Guardian","Guardian:Strike_Guardian","Guardian:Strike_Guardian","Guardian:Defend_Guardian","Guardian:Defend_Guardian","Guardian:Defend_Guardian","Guardian:Defend_Guardian","Guardian:CurlUp","Guardian:TwinSlam+1","Guardian:RollAttack","Guardian:PrimingBeam","Guardian:DonusPower+1","Guardian:BronzeOrb","Guardian:TimeCapacitor+1","Guardian:Planning","expansioncontent:Chronoboost+1","Guardian:Repulse+1","Guardian:WalkerClaw","Guardian:MultiBeam+1","Guardian:StasisStrike+1","CurseOfTheBell","Guardian:Clone+1","beaked:BloodRitual+1","Guardian:TemporalStrike","Guardian:TemporalShield","Guardian:CrystalBeam","Guardian:ChargeUp+1","Guardian:Gem_Crimson","Guardian:Harden+1","Guardian:ShieldCharger"],"relics":["Guardian:ModeShifter","Happy Flower","Frozen Egg 2","Bottled Tornado","Calling Bell","Omamori","Sundial","Peace Pipe","downfall:HeartBlessingRed","downfall:HeartBlessingGreen","downfall:HeartBlessingBlue","White Beast Statue"],"acts_visited":["Exordium","TheCity"],"potions_floor_usage":[14,27,29,30,31,33],"damage_taken":[{"damage":1,"enemies":"Cultist","floor":2,"turns":4},{"damage":0,"enemies":"Jaw Worm","floor":3,"turns":3},{"damage":3,"enemies":"Small Slimes","floor":4,"turns":3},{"damage":20,"enemies":"Exordium Thugs","floor":5,"turns":3},{"damage":18,"enemies":"Lagavulin","floor":8,"turns":6},{"damage":0,"enemies":"downfall:FleeingMerchant","floor":9,"turns":4},{"damage":9,"enemies":"Large Slime","floor":10,"turns":5},{"damage":0,"enemies":"Blue Slaver","floor":12,"turns":3},{"damage":19,"enemies":"Gremlin Nob","floor":14,"turns":5},{"damage":6,"enemies":"Large Slime","floor":15,"turns":3},{"damage":16,"enemies":"downfall:Watcher","floor":16,"turns":6},{"damage":0,"enemies":"Chosen","floor":19,"turns":3},{"damage":16,"enemies":"3 Byrds","floor":21,"turns":4},{"damage":13,"enemies":"Sentry and Sphere","floor":22,"turns":4},{"damage":14,"enemies":"Centurion and Healer","floor":27,"turns":5},{"damage":22,"enemies":"Snecko","floor":28,"turns":5},{"damage":13,"enemies":"Shelled Parasite and Fungi","floor":29,"turns":4},{"damage":6,"enemies":"Centurion and Healer","floor":30,"turns":5},{"damage":25,"enemies":"Book of Stabbing","floor":31,"turns":5},{"damage":6,"enemies":"Snecko","floor":32,"turns":5},{"damage":7,"enemies":"downfall:Silent","floor":33,"turns":1}],"seed_played":"-3865579851430767764","potions_obtained":[{"floor":2,"key":"Guardian:AcceleratePotion"},{"floor":12,"key":"Weak Potion"},{"floor":14,"key":"Regen Potion"},{"floor":15,"key":"BlessingOfTheForge"},{"floor":16,"key":"Guardian:DefensiveModePotion"},{"floor":28,"key":"Fruit Juice"},{"floor":32,"key":"Regen Potion"}],"is_trial":false,"path_per_floor":["R","M","M","M","M","R","T","E","$","M","R","M","R","E","M","B",null,"R","M","?","M","M","R","T","R","?","M","M","M","M","E","M","B"],"character_chosen":"GUARDIAN","items_purchased":["expansioncontent:Chronoboost+1","Guardian:Repulse+1"],"campfire_rested":1,"item_purchase_floors":[9,9],"current_hp_per_floor":[88,87,87,84,64,64,64,46,46,37,63,63,63,44,38,22,88,88,88,88,72,59,59,59,69,69,55,33,25,19,8,2,0,0,0],"gold":187,"neow_bonus":"TEN_PERCENT_HP_BONUS","is_daily":false,"chose_seed":false,"campfire_upgraded":5,"win_rate":0.0,"timestamp":1609814150,"path_taken":["R","M","M","M","M","R","T","E","$","?","R","M","R","E","M","BOSS","R","M","?","M","M","R","T","R","?","M","M","M","M","E","M","BOSS"],"items_purchased_type":["Card","Card"],"build_version":"2020-12-22","purchased_purges":0,"victory":false,"max_hp_per_floor":[88,88,88,88,88,88,88,88,88,88,88,88,88,88,88,88,88,88,88,88,88,88,88,88,98,98,98,98,103,103,103,103,103,103,103],"relic_stats":{"Peace Pipe":0,"Happy Flower":[24],"counters":[21,86],"Sundial":[2],"obtain_stats":[{"Calling Bell":17,"Peace Pipe":17,"Happy Flower":7,"downfall:HeartBlessingRed":18,"Sundial":17,"downfall:HeartBlessingBlue":25,"Guardian:ModeShifter":0,"downfall:HeartBlessingGreen":18,"Omamori":17,"Frozen Egg 2":8,"Bottled Tornado":14,"White Beast Statue":31},{"Calling Bell":11,"Peace Pipe":11,"Happy Flower":4,"downfall:HeartBlessingRed":11,"Sundial":11,"downfall:HeartBlessingBlue":14,"Guardian:ModeShifter":0,"downfall:HeartBlessingGreen":11,"Omamori":11,"Frozen Egg 2":5,"Bottled Tornado":9,"White Beast Statue":19},{"Calling Bell":45,"Peace Pipe":45,"Happy Flower":13,"downfall:HeartBlessingRed":45,"Sundial":45,"downfall:HeartBlessingBlue":56,"Guardian:ModeShifter":0,"downfall:HeartBlessingGreen":45,"Omamori":45,"Frozen Egg 2":19,"Bottled Tornado":36,"White Beast Statue":80}]},"card_choices":[{"not_picked":["Guardian:Gem_White","Guardian:Gem_Red"],"picked":"Guardian:RollAttack","floor":2},{"not_picked":["Guardian:TemporalShield","Guardian:PiercingHide"],"picked":"Guardian:PrimingBeam","floor":3},{"not_picked":["Guardian:Gem_Purple","Guardian:ShieldCharger"],"picked":"Guardian:DonusPower","floor":4},{"not_picked":["Guardian:ConstructionForm","Guardian:TimeCapacitor"],"picked":"Guardian:BronzeOrb","floor":5},{"not_picked":["Guardian:PrimingBeam","Guardian:BronzeOrb"],"picked":"Guardian:TimeCapacitor+1","floor":8},{"not_picked":["Guardian:Incinerate","Guardian:Recover"],"picked":"Guardian:Planning","floor":9},{"not_picked":["Guardian:GuardianWhirl","Guardian:RollAttack"],"picked":"Guardian:WalkerClaw","floor":10},{"not_picked":["Guardian:PrimingBeam","Guardian:BronzeArmor"],"picked":"Guardian:MultiBeam","floor":12},{"not_picked":["Guardian:BronzeOrb","Guardian:Reroute"],"picked":"Guardian:Gem_Red","floor":14},{"not_picked":["Guardian:Reroute","Guardian:Gem_Blue"],"picked":"Guardian:Gem_Crimson","floor":15},{"not_picked":["Guardian:FastForward","Guardian:ConstructionForm+1"],"picked":"Guardian:StasisStrike","floor":16},{"not_picked":["Guardian:Gem_Green","Guardian:Gem_Crimson"],"picked":"Guardian:Clone","floor":19},{"not_picked":["Guardian:ShieldCharger+1","Guardian:Gem_Lightblue"],"picked":"Guardian:TemporalStrike","floor":21},{"not_picked":["Guardian:Clone","Guardian:BronzeArmor"],"picked":"Guardian:Gem_Green","floor":22},{"not_picked":["Guardian:PrimingBeam+1","Guardian:Gem_Blue"],"picked":"Guardian:TemporalShield","floor":27},{"not_picked":["Guardian:Gem_Lightblue","Guardian:PrismaticBarrier"],"picked":"Guardian:CrystalBeam","floor":28},{"not_picked":["Guardian:Gem_Synthetic","Guardian:Suspension"],"picked":"Guardian:ChargeUp+1","floor":29},{"not_picked":["Guardian:Gem_Lightblue","Guardian:MultiBeam"],"picked":"Guardian:Gem_Crimson","floor":30},{"not_picked":["Guardian:FloatingOrbs+1","Guardian:TimeCapacitor+1"],"picked":"Guardian:Harden+1","floor":31},{"not_picked":["Guardian:Gem_Green","Guardian:RollAttack"],"picked":"Guardian:ShieldCharger","floor":32}],"player_experience":602880,"relics_obtained":[{"floor":7,"key":"Happy Flower"},{"floor":8,"key":"Frozen Egg 2"},{"floor":14,"key":"Bottled Tornado"},{"floor":17,"key":"Omamori"},{"floor":17,"key":"Sundial"},{"floor":17,"key":"Peace Pipe"},{"floor":31,"key":"White Beast Statue"}],"event_choices":[{"cards_removed":["Guardian:DonusPower"],"damage_healed":0,"gold_gain":0,"player_choice":"Take \u0026 Give","damage_taken":0,"max_hp_gain":0,"max_hp_loss":0,"event_name":"betterNote:BetterNote","floor":20,"gold_loss":0,"cards_obtained":["beaked:BloodRitual"]},{"damage_healed":0,"gold_gain":0,"player_choice":"Got Potions","damage_taken":0,"max_hp_gain":0,"max_hp_loss":0,"event_name":"Lab","floor":26,"gold_loss":0}],"is_beta":false,"boss_relics":[{"not_picked":["Coffee Dripper","SlaversCollar"],"picked":"Calling Bell"}],"items_purged_floors":[],"is_endless":false,"potions_floor_spawned":[2,12,14,15,16,21,28,32],"killed_by":"downfall:Silent","ascension_level":0}}