{"host":"anox4050deqdcqoh","time":1609882387,"event":{"mods":["BaseMod","Colored Map","Highlight Path","Minty Spire (QoL Compilation)","Quick Restart","Rare Cards Sparkle","everything is the same but u backflip on backflip"],"gold_per_floor":[114,114,2,22,40,72,72,106,129,129,141,141,141,161,161,259,259,279,279,290,310,324,324,98,98,98],"floor_reached":25,"playtime":1646,"items_purged":["Strike_G"],"score":234,"play_id":"2a4c82b4-746c-4793-88cc-43c06a3c6a47","local_time":"20210105163307","is_ascension_mode":true,"campfire_choices":[{"data":"Noxious Fumes","floor":7,"key":"SMITH"},{"floor":12,"key":"REST"},{"floor":15,"key":"REST"},{"floor":23,"key":"REST"}],"circlet_count":0,"master_deck":["Strike_G","Defend_G","Defend_G","Defend_G","Defend_G","Survivor","Neutralize","Sucker Punch","Noxious Fumes+1","Catalyst","Bane","Bane","Distraction","Sucker Punch","Escape Plan","Backflip","Deadly Poison","Outmaneuver","Acrobatics","Tools of the Trade","Poisoned Stab","Envenom","Dash","Catalyst"],"relics":["Ring of the Snake","Orichalcum","Bronze Scales","Dream Catcher","Lantern","Unceasing Top","Runic Pyramid"],"acts_visited":["Exordium","TheCity"],"potions_floor_usage":[],"damage_taken":[{"damage":3,"enemies":"2 Louse","floor":1,"turns":3},{"damage":0,"enemies":"Cultist","floor":4,"turns":3},{"damage":2,"enemies":"Small Slimes","floor":5,"turns":3},{"damage":15,"enemies":"Lagavulin","floor":6,"turns":8},{"damage":21,"enemies":"3 Sentries","floor":8,"turns":6},{"damage":2,"enemies":"3 Louse","floor":11,"turns":3},{"damage":0,"enemies":"Blue Slaver","floor":14,"turns":3},{"damage":24,"enemies":"The Guardian","floor":16,"turns":8},{"damage":5,"enemies":"Chosen","floor":18,"turns":4},{"damage":27,"enemies":"2 Thieves","floor":20,"turns":4},{"damage":8,"enemies":"Chosen and Byrds","floor":21,"turns":5},{"damage":22,"enemies":"Shelled Parasite and Fungi","floor":22,"turns":5},{"damage":4,"enemies":"Centurion and Healer","floor":25,"turns":2}],"seed_played":"-2232834302106630796","potions_obtained":[{"floor":1,"key":"Regen Potion"},{"floor":6,"key":"SkillPotion"},{"floor":8,"key":"AttackPotion"}],"is_trial":false,"path_per_floor":["M","?","$","M","M","E","R","E","T","?","M","R","?","M","R","B",null,"M","?","M","M","M","R","$","M"],"character_chosen":"THE_SILENT","items_purchased":["Noxious Fumes","Catalyst","Dash","Catalyst"],"campfire_rested":3,"item_purchase_floors":[3,3,24,24],"current_hp_per_floor":[67,67,67,67,65,50,50,29,29,26,24,45,38,38,59,35,70,65,65,38,30,8,29,29,25,25],"gold":98,"neow_bonus":"RANDOM_COMMON_RELIC","is_daily":false,"chose_seed":false,"campfire_upgraded":1,"win_rate":0.0,"timestamp":1609882387,"path_taken":["M","?","$","M","?","E","R","E","T","?","M","R","?","M","R","BOSS","M","?","M","M","M","R","$","M"],"items_purchased_type":["Card","Card","Card","Card"],"build_version":"2020-12-22","purchased_purges":1,"victory":false,"max_hp_per_floor":[70,70,70,70,70,70,70,70,70,70,70,70,70,70,70,70,70,70,70,70,70,70,70,70,70,70],"card_choices":[{"not_picked":["Riddle With Holes","PiercingWail"],"picked":"Sucker Punch","floor":1},{"not_picked":["Expertise","Setup"],"picked":"Bane","floor":4},{"not_picked":["Deadly Poison","Escape Plan"],"picked":"Bane","floor":5},{"not_picked":["Reflex","Eviscerate"],"picked":"Distraction","floor":6},{"not_picked":["Accuracy","PiercingWail"],"picked":"Sucker Punch","floor":8},{"not_picked":["Quick Slash","Backstab"],"picked":"Escape Plan","floor":11},{"not_picked":["Prepared","Crippling Poison"],"picked":"Backflip","floor":12},{"not_picked":["Tactician","Sucker Punch"],"picked":"Deadly Poison","floor":14},{"not_picked":["Deflect","Riddle With Holes","Flying Knee"],"picked":"SKIP","floor":18},{"not_picked":["All Out Attack+1","Deadly Poison+1"],"picked":"Tools of the Trade","floor":20},{"not_picked":["Dagger Spray","Flechettes","Choke"],"picked":"SKIP","floor":21},{"not_picked":["Terror","Well Laid Plans"],"picked":"Poisoned Stab","floor":22},{"not_picked":["Bane","Acrobatics"],"picked":"Envenom","floor":23}],"player_experience":288414,"relics_obtained":[{"floor":6,"key":"Bronze Scales"},{"floor":8,"key":"Dream Catcher"},{"floor":9,"key":"Lantern"}],"event_choices":[{"cards_removed":["Defend_G"],"damage_healed":0,"gold_gain":0,"player_choice":"Offered Basic","damage_taken":0,"max_hp_gain":0,"max_hp_loss":0,"event_name":"Bonfire Elementals","floor":2,"gold_loss":0},{"damage_healed":0,"gold_gain":0,"player_choice":"Success","damage_taken":3,"relics_obtained":["Unceasing Top"],"max_hp_gain":0,"max_hp_loss":0,"event_name":"Scrap Ooze","floor":10,"gold_loss":0},{"cards_removed":["Strike_G"],"damage_healed":0,"gold_gain":0,"player_choice":"Card Removal","damage_taken":7,"max_hp_gain":0,"max_hp_loss":0,"event_name":"Golden Wing","floor":13,"gold_loss":0},{"damage_healed":0,"gold_gain":0,"cards_transformed":["Strike_G","Strike_G"],"player_choice":"Became Test Subject","damage_taken":0,"max_hp_gain":0,"max_hp_loss":0,"event_name":"Drug Dealer","floor":19,"gold_loss":0,"cards_obtained":["Outmaneuver","Acrobatics"]}],"is_beta":false,"boss_relics":[{"not_picked":["Busted Crown","Runic Dome"],"picked":"Runic Pyramid"}],"items_purged_floors":[24],"is_endless":false,"potions_floor_spawned":[1,6,8,18,20,21],"killed_by":"Centurion and Healer","ascension_level":2}}