{"host":"l84l8xigz5v5foa2","time":1609861119,"event":{"mods":["2.2 Compatiblity","AchievementEnabler","BaseMod","Better Note","Better Vampires","Card Filter","Colored Map","DeckTracker","Downfall","Gremlin Skip","Highlight Path","Keyboard Shortcuts","Minty Spire (QoL Compilation)","Permanent Neow","Quick Restart","Relic Filter","Relic Stats","StSLib","SuperFastMode","Transform Curses","Unknown Chances"],"gold_per_floor":[349,359,359,269,269,117,141,153,168,168,188,188,204,227,240,311,311,311,327,344,344,81,94,94,94,119,154,165,185,216,216,233,306,306,231,251,251,205,205,238,238,287,287,302,152,165,165,198,215,215,215,244,94,94,94],"floor_reached":56,"playtime":4113,"items_purged":["hexamod:Strike","hexamod:Strike","hexamod:Defend","hexamod:Defend"],"score":2174,"play_id":"e7b95997-b88f-4d72-97f5-0a4be238f769","local_time":"20210106003839","is_ascension_mode":true,"campfire_choices":[{"data":"hexamod:Float","floor":1.0,"key":"SMITH"},{"data":"hexamod:FastForward","floor":12.0,"key":"SMITH"},{"data":"hexamod:ApocalypticArmor","floor":18.0,"key":"SMITH"},{"data":"hexamod:GhostOfSpirePast","floor":25.0,"key":"SMITH"},{"floor":35.0,"key":"RECALL"},{"floor":45,"key":"REST"},{"floor":47,"key":"REST"},{"floor":54,"key":"REST"}],"circlet_count":0,"master_deck":["AscendersBane","hexamod:Defend+1","hexamod:Defend+1","hexamod:Sear","hexamod:Float+1","hexamod:HauntingEcho","hexamod:HauntingEcho+1","hexamod:GhostLash","hexamod:FastForward+1","hexamod:FourthSeal","hexamod:InspiringFlames","hexamod:Hexaguard","hexamod:NightmareGuise","hexamod:ApocalypticArmor+1","hexamod:ShieldOfDarkness+1","hexamod:GhostOfSpirePast+1","hexamod:GhostLash+1","hexamod:GhostShield+1","hexamod:Incineration+1","hexamod:InspiringFlames","Bite+1","hexamod:GiftsFromTheDead+1","hexamod:NecessarySacrifice","hexamod:ThirdSeal","hexamod:AdvancingGuard","Flash of Steel+1","hexamod:GhostOfSpirePast+1","hexamod:GhostOfSpirePast","hexamod:Hexaguard+1","hexamod:CatchUp+1","hexamod:StepThrough+1","hexamod:AdvancingGuard"],"relics":["hexamod:SpiritBrand","hexamod:BolsterEngine","WarpedTongs","Odd Mushroom","expansioncontent:StudyCardRelic","champ:Barbells","TungstenRod","Red Mask","Molten Egg 2","hexamod:MatchstickCase","Fusion Hammer","downfall:HeartBlessingGreen","Nunchaku","Turnip","hexamod:Sixitude","downfall:HeartBlessingRed","downfall:HeartBlessingBlue","Ginger","Blood Vial"],"acts_visited":["Exordium","TheCity","TheBeyond","TheEnding"],"potions_floor_usage":[38,40,42,44,55,55],"damage_taken":[{"damage":0.0,"enemies":"Jaw Worm","floor":2.0,"turns":4.0},{"damage":0.0,"enemies":"downfall:FleeingMerchant","floor":4.0,"turns":4.0},{"damage":10.0,"enemies":"downfall:FleeingMerchant","floor":6.0,"turns":4.0},{"damage":0.0,"enemies":"Cultist","floor":8.0,"turns":3.0},{"damage":0.0,"enemies":"Small Slimes","floor":9.0,"turns":3.0},{"damage":4.0,"enemies":"Exordium Thugs","floor":11.0,"turns":6.0},{"damage":1.0,"enemies":"Blue Slaver","floor":13.0,"turns":3.0},{"damage":1.0,"enemies":"The Mushroom Lair","floor":14.0,"turns":3.0},{"damage":5.0,"enemies":"Gremlin Gang","floor":15.0,"turns":3.0},{"damage":7.0,"enemies":"downfall:Watcher","floor":16.0,"turns":8.0},{"damage":1.0,"enemies":"Chosen","floor":19.0,"turns":4.0},{"damage":6.0,"enemies":"Spheric Guardian","floor":20.0,"turns":4.0},{"damage":4.0,"enemies":"downfall:FleeingMerchant","floor":22.0,"turns":5.0},{"damage":0.0,"enemies":"Centurion and Healer","floor":23.0,"turns":5.0},{"damage":8.0,"enemies":"Masked Bandits","floor":26.0,"turns":4.0},{"damage":0.0,"enemies":"Book of Stabbing","floor":27.0,"turns":5.0},{"damage":4.0,"enemies":"Shelled Parasite and Fungi","floor":28.0,"turns":4.0},{"damage":0.0,"enemies":"Snake Plant","floor":29.0,"turns":4.0},{"damage":2.0,"enemies":"Slavers","floor":30.0,"turns":4.0},{"damage":0.0,"enemies":"Cultist and Chosen","floor":32.0,"turns":4.0},{"damage":15.0,"enemies":"downfall:Silent","floor":33.0,"turns":9.0},{"damage":0.0,"enemies":"3 Shapes","floor":36.0,"turns":4.0},{"damage":5,"enemies":"downfall:FleeingMerchant","floor":38,"turns":4},{"damage":11,"enemies":"Nemesis","floor":40,"turns":9},{"damage":25,"enemies":"2 Orb Walkers","floor":42,"turns":7},{"damage":0,"enemies":"3 Darklings","floor":44,"turns":3},{"damage":0,"enemies":"Transient","floor":46,"turns":7},{"damage":2,"enemies":"Reptomancer","floor":48,"turns":5},{"damage":0,"enemies":"Jaw Worm Horde","floor":49,"turns":3},{"damage":9,"enemies":"downfall:Defect","floor":50,"turns":10},{"damage":65,"enemies":"downfall:CharBossMerchant","floor":52,"turns":10},{"damage":3,"enemies":"downfall:NeowBoss","floor":55,"turns":21}],"seed_played":"8603747921287448017","potions_obtained":[{"floor":2.0,"key":"BlessingOfTheForge"},{"floor":8.0,"key":"SteroidPotion"},{"floor":9.0,"key":"Slimebound:ThreeZeroPotion"},{"floor":13.0,"key":"hexamod:EctoCoolerPotion"},{"floor":14.0,"key":"Explosive Potion"},{"floor":15.0,"key":"Weak Potion"},{"floor":16.0,"key":"SteroidPotion"},{"floor":16.0,"key":"SpeedPotion"},{"floor":19.0,"key":"Regen Potion"},{"floor":20.0,"key":"EssenceOfSteel"},{"floor":22.0,"key":"ColorlessPotion"},{"floor":23.0,"key":"Fire Potion"},{"floor":26.0,"key":"GamblersBrew"},{"floor":27.0,"key":"Regen Potion"},{"floor":28.0,"key":"Fire Potion"},{"floor":30.0,"key":"CultistPotion"},{"floor":32.0,"key":"EssenceOfSteel"},{"floor":33.0,"key":"Explosive Potion"},{"floor":36.0,"key":"Swift Potion"},{"floor":38,"key":"Slimebound:ThreeZeroPotion"},{"floor":40,"key":"LiquidMemories"},{"floor":42,"key":"Guardian:BlockOnCardUsePotion"},{"floor":44,"key":"Swift Potion"},{"floor":44,"key":"FairyPotion"},{"floor":48,"key":"ColorlessPotion"}],"is_trial":false,"path_per_floor":["R","M","?","$","?","$","T","M","M","?","M","R","M","?","M","B",null,"R","M","M","?","$","M","T","R","?","E","M","M","E","?","M","B",null,"R","M","?","$","?","E","T","?","?","M","R","M","R","E","M","B",null,"E","$","R","B",null],"character_chosen":"THE_SPIRIT","items_purchased":["hexamod:FourthSeal","hexamod:GhostOfSpirePast","champ:Barbells","Flash of Steel+1","Nunchaku"],"campfire_rested":3,"item_purchase_floors":[6,22,22,38,38],"current_hp_per_floor":[42,42,42,42,42,32,32,32,32,32,28,28,27,26,21,14,51,51,50,56,56,52,52,52,52,44,44,52,52,50,50,53,44,55,55,58,58,54,54,43,43,21,10,13,40,46,66,64,64,61,67,10,10,30,32],"gold":94,"neow_bonus":"TWO_FIFTY_GOLD","is_daily":false,"chose_seed":false,"campfire_upgraded":4,"win_rate":0.0,"timestamp":1609861119,"path_taken":["R","M","?","?","?","$","T","M","?","?","M","R","?","?","M","BOSS","R","M","M","?","$","?","T","R","?","E","M","M","E","?","M","BOSS","R","M","?","$","?","E","T","?","?","M","R","M","R","E","M","BOSS","E","$","R","BOSS"],"items_purchased_type":["Card","Card","Relic","Card","Relic"],"build_version":"2020-12-22","purchased_purges":4,"victory":true,"max_hp_per_floor":[63,63,63,63,63,63,63,63,63,63,63,63,63,63,63,63,63,63,63,63,63,63,63,63,63,63,63,63,63,63,59,59,59,59,59,59,59,59,59,59,59,59,59,59,69,69,69,69,69,69,69,69,69,69,69],"relic_stats":{"Blood Vial":2,"Nunchaku":[15],"counters":[32,176],"Turnip":[2],"Ginger":[6],"obtain_stats":[{"champ:Barbells":22,"downfall:HeartBlessingRed":45,"hexamod:Sixitude":42,"downfall:HeartBlessingGreen":35,"expansioncontent:StudyCardRelic":17,"Ginger":48,"Odd Mushroom":14,"WarpedTongs":10,"hexamod:MatchstickCase":30,"Blood Vial":52,"Nunchaku":38,"downfall:HeartBlessingBlue":45,"Molten Egg 2":27,"Fusion Hammer":34,"Turnip":40,"Red Mask":26,"hexamod:BolsterEngine":7,"hexamod:SpiritBrand":0,"TungstenRod":24},{"champ:Barbells":13,"downfall:HeartBlessingRed":26,"hexamod:Sixitude":25,"downfall:HeartBlessingGreen":21,"expansioncontent:StudyCardRelic":10,"Ginger":28,"Odd Mushroom":8,"WarpedTongs":5,"hexamod:MatchstickCase":19,"Blood Vial":31,"Nunchaku":23,"downfall:HeartBlessingBlue":26,"Molten Egg 2":16,"Fusion Hammer":21,"Turnip":24,"Red Mask":15,"hexamod:BolsterEngine":3,"hexamod:SpiritBrand":0,"TungstenRod":14},{"champ:Barbells":54,"downfall:HeartBlessingRed":120,"hexamod:Sixitude":117,"downfall:HeartBlessingGreen":93,"expansioncontent:StudyCardRelic":41,"Ginger":132,"Odd Mushroom":30,"WarpedTongs":18,"hexamod:MatchstickCase":80,"Blood Vial":155,"Nunchaku":101,"downfall:HeartBlessingBlue":120,"Molten Egg 2":68,"Fusion Hammer":93,"Turnip":110,"Red Mask":63,"hexamod:BolsterEngine":12,"hexamod:SpiritBrand":0,"TungstenRod":59}],"TungstenRod":23,"WarpedTongs":[146]},"card_choices":[{"not_picked":["hexamod:HeatCrush","hexamod:GhostflameBarrier"],"picked":"hexamod:HauntingEcho","floor":2.0},{"not_picked":["hexamod:SpectralSpark","hexamod:ShieldOfDarkness"],"picked":"hexamod:HauntingEcho","floor":4.0},{"not_picked":["hexamod:RainOfEmbers","hexamod:HauntingEcho"],"picked":"hexamod:FastForward","floor":6.0},{"not_picked":["hexamod:Hexaguard","hexamod:AdvancingGuard"],"picked":"hexamod:SpectersWail","floor":8.0},{"not_picked":["hexamod:SpectralAdrenaline","hexamod:NightmareStrike"],"picked":"hexamod:InspiringFlames","floor":9.0},{"not_picked":["hexamod:SuperheatedStrike","hexamod:RainOfEmbers","hexamod:SwordOfDarkness"],"picked":"SKIP","floor":11.0},{"not_picked":["hexamod:SkipABeat","hexamod:ShieldOfDarkness"],"picked":"hexamod:Hexaguard","floor":13.0},{"not_picked":["hexamod:RecurringNightmare","hexamod:RainOfEmbers"],"picked":"hexamod:NightmareGuise","floor":14.0},{"not_picked":["hexamod:NightmareGuise","hexamod:SoulSteal"],"picked":"hexamod:ApocalypticArmor","floor":15.0},{"not_picked":["hexamod:FlamesFromBeyond","hexamod:GhostShield","hexamod:SpectersWail"],"picked":"SKIP","floor":19.0},{"not_picked":["hexamod:RetreatToShadows","hexamod:HauntingEcho","hexamod:SuperheatedStrike"],"picked":"SKIP","floor":20.0},{"not_picked":["hexamod:VolcanoVisage","hexamod:InspiringFlames"],"picked":"hexamod:ShieldOfDarkness","floor":22.0},{"not_picked":["hexamod:SpectersWail","hexamod:GhostShield"],"picked":"hexamod:GhostLash+1","floor":23.0},{"not_picked":["hexamod:ShieldOfDarkness","hexamod:EmpoweringStance","hexamod:GhostLash+1"],"picked":"SKIP","floor":27.0},{"not_picked":["hexamod:ShieldOfDarkness","hexamod:EmpoweringStance","hexamod:GhostLash+1"],"picked":"SKIP","floor":27.0},{"not_picked":["hexamod:InspiringFlames","hexamod:EtherealExpedition"],"picked":"hexamod:GhostShield","floor":28.0},{"not_picked":["hexamod:GhostShield","hexamod:SpectralSpark"],"picked":"hexamod:Incineration+1","floor":29.0},{"not_picked":["hexamod:Hexaguard","hexamod:NightmareGuise"],"picked":"hexamod:InspiringFlames","floor":30.0},{"not_picked":["hexamod:SwordOfDarkness+1","hexamod:RainOfEmbers+1","hexamod:SecondSeal"],"picked":"SKIP","floor":32.0},{"not_picked":["hexamod:EmpoweringStance","hexamod:CrushingStance+1"],"picked":"hexamod:GiftsFromTheDead","floor":33.0},{"not_picked":["hexamod:InspiringFlames","hexamod:BurningTouch"],"picked":"hexamod:NecessarySacrifice","floor":36.0},{"not_picked":["hexamod:BurningTouch+1","hexamod:FastForward"],"picked":"hexamod:AdvancingGuard","floor":38},{"not_picked":["hexamod:FastForward","hexamod:BurningTouch","hexamod:PhantomCloak"],"picked":"SKIP","floor":38},{"not_picked":["hexamod:PhantomFireball+1","hexamod:SoulSteal","hexamod:EmpoweredFlame+1"],"picked":"SKIP","floor":40},{"not_picked":["hexamod:NightmareStrike+1","hexamod:PhantomFireball+1","hexamod:BacktrackSmack+1"],"picked":"SKIP","floor":40},{"not_picked":["hexamod:HauntingEcho+1","hexamod:BurningTouch"],"picked":"hexamod:GhostOfSpirePast","floor":42},{"not_picked":["hexamod:GhostShield+1","hexamod:NightmareStrike+1"],"picked":"hexamod:GhostOfSpirePast","floor":44},{"not_picked":["hexamod:ShieldOfDarkness","hexamod:GhostLash+1","hexamod:SpectersWail+1"],"picked":"SKIP","floor":44},{"not_picked":["hexamod:Firestarter+1","hexamod:PhantomCloak+1"],"picked":"hexamod:Hexaguard+1","floor":46},{"not_picked":["hexamod:GhostLash+1","hexamod:SwordOfDarkness+1","hexamod:SixthSeal"],"picked":"SKIP","floor":46},{"not_picked":["hexamod:FastForward","hexamod:HauntingEcho+1"],"picked":"hexamod:CatchUp+1","floor":48},{"not_picked":["hexamod:BurningTouch","hexamod:NightmareGuise","hexamod:Again+1"],"picked":"SKIP","floor":48},{"not_picked":["hexamod:BurningTouch","hexamod:RetreatToShadows+1"],"picked":"hexamod:StepThrough+1","floor":49},{"not_picked":["hexamod:SecondSeal","hexamod:SwordOfDarkness+1"],"picked":"hexamod:AdvancingGuard","floor":49},{"not_picked":["hexamod:GhostLash+1","hexamod:Hexaguard","hexamod:FourthSeal"],"picked":"SKIP","floor":52},{"not_picked":["hexamod:NightmareStrike+1","hexamod:SkipABeat","hexamod:Hexaguard+1"],"picked":"SKIP","floor":52}],"player_experience":2882492,"relics_obtained":[{"floor":7.0,"key":"hexamod:BolsterEngine"},{"floor":14.0,"key":"Odd Mushroom"},{"floor":24.0,"key":"TungstenRod"},{"floor":26.0,"key":"Red Mask"},{"floor":27.0,"key":"Molten Egg 2"},{"floor":30.0,"key":"hexamod:MatchstickCase"},{"floor":40,"key":"Turnip"},{"floor":42,"key":"hexamod:Sixitude"},{"floor":48,"key":"Ginger"},{"floor":52,"key":"Blood Vial"}],"event_choices":[{"cards_removed":["hexamod:Strike"],"damage_healed":0.0,"max_hp_gain":0.0,"max_hp_loss":0.0,"gold_gain":0.0,"event_name":"Purifier","player_choice":"Purged","floor":3.0,"gold_loss":0.0,"damage_taken":0.0},{"damage_healed":0.0,"max_hp_gain":0.0,"max_hp_loss":0.0,"gold_gain":0.0,"event_name":"Accursed Blacksmith","player_choice":"Rummage","floor":10.0,"gold_loss":0.0,"damage_taken":0.0,"relics_obtained":["WarpedTongs"],"cards_obtained":["Pain"]},{"damage_healed":0.0,"max_hp_gain":0.0,"max_hp_loss":0.0,"gold_gain":0.0,"event_name":"Mushrooms","player_choice":"Fought Mushrooms","floor":14.0,"gold_loss":0.0,"damage_taken":0.0},{"cards_removed":["Pain"],"damage_healed":0.0,"max_hp_gain":0.0,"max_hp_loss":0.0,"gold_gain":0.0,"event_name":"Purifier","player_choice":"Purged","floor":21.0,"gold_loss":0.0,"damage_taken":0.0},{"damage_healed":0.0,"max_hp_gain":0.0,"max_hp_loss":0.0,"gold_gain":0.0,"event_name":"Masked Bandits","player_choice":"Fought Bandits","floor":26.0,"gold_loss":0.0,"damage_taken":0.0},{"damage_healed":0.0,"max_hp_gain":0.0,"max_hp_loss":4.0,"gold_gain":0.0,"event_name":"Vampires","player_choice":"Became a vampire","floor":31.0,"gold_loss":0.0,"damage_taken":0.0,"cards_obtained":["Bite"]},{"damage_healed":0,"gold_gain":0,"player_choice":"Fight","damage_taken":0,"max_hp_gain":0,"max_hp_loss":0,"event_name":"Mysterious Sphere","floor":42,"gold_loss":0}],"is_beta":false,"boss_relics":[{"not_picked":["Ectoplasm","Calling Bell"],"picked":"expansioncontent:StudyCardRelic"},{"not_picked":["Sozu","sneckomod:SneckoTalon"],"picked":"Fusion Hammer"}],"items_purged_floors":[4,6,38,53],"is_endless":false,"potions_floor_spawned":[2,13,14,15,16,19,20,27,29,33,36,44,46,49],"ascension_level":20}}