{"host":"mfnyjbfkyfsz33u9","time":1609853304,"event":{"mods":["2.2 Compatiblity","BaseMod","Colored Powertips","Downfall","Marisa£¨Ùöéë¡¡Øª×âÞÞ£©","Minty Spire (QoL Compilation)","Rare Cards Sparkle","Replay The Spire","StSLib","SuperFastMode","The Cursed"],"gold_per_floor":[115,115,132,132,150,184,15,35,35,53,68,68,93,93,93,216,216,234,272,123,123,148,179,179,179,228,337,380,396,432,450,450,579,579,594,594,594,594],"floor_reached":37,"playtime":1338,"items_purged":["Bash"],"score":479,"play_id":"8981a64f-8e8b-4101-a7fd-9aa90c4da7a7","local_time":"20210105222824","is_ascension_mode":false,"campfire_choices":[{"data":"Fiend Fire","floor":12,"key":"SMITH"},{"floor":32,"key":"DIG"}],"circlet_count":0,"master_deck":["Defend_R","Defend_R","Defend_R","Defend_R","Clash","Headbutt","Shrug It Off","Fiend Fire+1","Trip","Rampage","Clash","ReplayTheSpireMod:Corrosion Curse+1","Sword Boomerang","Impervious","CurseOfTheBell","Whirlwind","Replay:Undeath\u0027s Touch","Slimebound:Tackle+1","Slimebound:Tackle+1","Slimebound:Tackle+1","Metallicize+1","Slimebound:Icky","Seeing Red","ReplayTheSpireMod:Strike From Hell","ReplayReversal+1","Corruption+1","Intimidate"],"relics":["Burning Blood","NeowsBlessing","PreservedInsect","Golden Idol","Replay:Bottled Flurry","Shuriken","Calling Bell","Centennial Puzzle","Replay:Ringing Soul","Counterbalance","Red Mask","Nunchaku","Toy Ornithopter","Durian","ReplayTheSpireMod:Ring of Addiction","Ring of Misfortune","SacredBark","White Beast Statue","Orichalcum","Juzu Bracelet","Frozen Egg 2","Ancient Tea Set","Mercury Hourglass","Ring of Chaos"],"acts_visited":["Exordium","TheCity","TheBeyond"],"potions_floor_usage":[8,18,19,28,30,31,33,35,37,37,37],"damage_taken":[{"damage":0,"enemies":"Small Slimes","floor":1,"turns":1},{"damage":0,"enemies":"2 Louse","floor":3,"turns":1},{"damage":0,"enemies":"Jaw Worm","floor":5,"turns":1},{"damage":23,"enemies":"Lagavulin","floor":6,"turns":7},{"damage":0,"enemies":"3 Louse","floor":8,"turns":1},{"damage":5,"enemies":"Looter","floor":10,"turns":2},{"damage":0,"enemies":"Large Slime","floor":11,"turns":4},{"damage":4,"enemies":"Blue Slaver","floor":13,"turns":3},{"damage":18,"enemies":"Slime Boss","floor":16,"turns":8},{"damage":2,"enemies":"Spheric Guardian","floor":18,"turns":5},{"damage":22,"enemies":"Masked Bandits","floor":19,"turns":5},{"damage":11,"enemies":"2 Thieves","floor":22,"turns":3},{"damage":3,"enemies":"Gremlin Leader","floor":23,"turns":3},{"damage":27,"enemies":"Slavers","floor":28,"turns":7},{"damage":1,"enemies":"Centurion and Healer","floor":29,"turns":5},{"damage":7,"enemies":"Gremlin Leader","floor":30,"turns":5},{"damage":0,"enemies":"3 Cultists","floor":31,"turns":4},{"damage":10,"enemies":"Champ","floor":33,"turns":8},{"damage":4,"enemies":"3 Shapes","floor":35,"turns":4},{"damage":127,"enemies":"Awakened One","floor":37,"turns":14}],"seed_played":"-3655883605284642382","potions_obtained":[{"floor":1,"key":"Explosive Potion"},{"floor":8,"key":"Slimebound:ThreeZeroPotion"},{"floor":10,"key":"Block Potion"},{"floor":11,"key":"SmokeBomb"},{"floor":16,"key":"AttackPotion"},{"floor":23,"key":"Energy Potion"},{"floor":25,"key":"DistilledChaos"},{"floor":28,"key":"LiquidBronze"},{"floor":29,"key":"SkillPotion"},{"floor":30,"key":"ColorlessPotion"},{"floor":31,"key":"PowerPotion"},{"floor":33,"key":"Weak Potion"},{"floor":35,"key":"SpeedPotion"}],"is_trial":false,"path_per_floor":["M","?","M","?","M","E","$","M","T","M","M","R","M","?","R","B",null,"M","?","$","?","M","E","T","?","T","?","E","M","E","M","R","B",null,"M","?","B"],"character_chosen":"IRONCLAD","items_purchased":["Trip","Nunchaku"],"campfire_rested":0,"item_purchase_floors":[7,20],"current_hp_per_floor":[80,62,68,48,54,37,37,43,43,44,50,50,52,52,52,40,80,83,70,70,73,68,74,79,82,82,60,44,52,56,67,67,71,109,112,112,0,0],"gold":594,"neow_bonus":"THREE_ENEMY_KILL","is_daily":false,"chose_seed":false,"campfire_upgraded":1,"win_rate":0.0,"timestamp":1609853304,"path_taken":["M","?","M","?","M","E","?","M","T","M","M","R","M","?","R","BOSS","M","?","$","?","M","E","?","?","T","?","E","M","E","M","R","BOSS","M","?","BOSS"],"items_purchased_type":["Card","Relic"],"build_version":"2020-12-22","purchased_purges":1,"victory":false,"max_hp_per_floor":[80,80,80,80,80,80,80,80,80,80,80,80,80,80,80,80,80,83,86,86,89,89,92,97,100,100,103,103,106,106,106,106,109,109,112,112,112,112],"card_choices":[{"not_picked":["ReplayReversal","Armaments"],"picked":"Clash","floor":1},{"not_picked":["Clothesline","Twin Strike"],"picked":"Headbutt","floor":3},{"not_picked":["True Grit","Warcry"],"picked":"Shrug It Off","floor":5},{"not_picked":["Body Slam","Massacre"],"picked":"Fiend Fire","floor":6},{"not_picked":["Thunderclap","Seeing Red"],"picked":"Rampage","floor":8},{"not_picked":["Rage","Power Through"],"picked":"Clash","floor":10},{"not_picked":["Seeing Red","Uppercut"],"picked":"Clash","floor":11},{"not_picked":["Pummel","Twin Strike","Sword Boomerang"],"picked":"SKIP","floor":13},{"not_picked":["Reaper","Corruption"],"picked":"Impervious","floor":16},{"not_picked":["Clothesline+1","Power Through"],"picked":"Whirlwind","floor":18},{"not_picked":["Run Through","Uppercut+1"],"picked":"Replay:Undeath\u0027s Touch","floor":19},{"not_picked":["Anger","Iron Wave","Headbutt"],"picked":"SKIP","floor":22},{"not_picked":["Cleave","Abandon"],"picked":"Metallicize+1","floor":23},{"not_picked":["Cleave","Inflame+1"],"picked":"Seeing Red","floor":27},{"not_picked":["Clash","Shrug It Off"],"picked":"ReplayTheSpireMod:Strike From Hell","floor":27},{"not_picked":["Shockwave","Armaments+1","Body Slam"],"picked":"SKIP","floor":28},{"not_picked":["Headbutt+1","Berserk+1"],"picked":"ReplayReversal+1","floor":29},{"not_picked":["Anger+1","Bloodletting","ReplayTheSpireMod:Strike From Hell+1"],"picked":"SKIP","floor":30},{"not_picked":["Cleave+1","True Grit","Bloodletting"],"picked":"SKIP","floor":31},{"not_picked":["Impervious","Bludgeon"],"picked":"Corruption+1","floor":33},{"not_picked":["Life Link+1","Shrug It Off"],"picked":"Intimidate","floor":35}],"player_experience":7502,"relics_obtained":[{"floor":6,"key":"Replay:Bottled Flurry"},{"floor":9,"key":"Shuriken"},{"floor":17,"key":"Centennial Puzzle"},{"floor":17,"key":"Replay:Ringing Soul"},{"floor":17,"key":"Counterbalance"},{"floor":19,"key":"Red Mask"},{"floor":23,"key":"Toy Ornithopter"},{"floor":24,"key":"Durian"},{"floor":25,"key":"ReplayTheSpireMod:Ring of Addiction"},{"floor":25,"key":"Ring of Misfortune"},{"floor":25,"key":"SacredBark"},{"floor":25,"key":"White Beast Statue"},{"floor":26,"key":"Orichalcum"},{"floor":27,"key":"Juzu Bracelet"},{"floor":28,"key":"Frozen Egg 2"},{"floor":30,"key":"Ancient Tea Set"},{"floor":32,"key":"Mercury Hourglass"}],"event_choices":[{"damage_healed":0,"gold_gain":0,"player_choice":"Success","damage_taken":18,"relics_obtained":["PreservedInsect"],"max_hp_gain":0,"max_hp_loss":0,"event_name":"Scrap Ooze","floor":2,"gold_loss":0},{"damage_healed":0,"gold_gain":0,"player_choice":"Take Damage","damage_taken":20,"relics_obtained":["Golden Idol"],"max_hp_gain":0,"max_hp_loss":0,"event_name":"Golden Idol","floor":4,"gold_loss":0},{"damage_healed":0,"gold_gain":0,"player_choice":"Fought Bandits","damage_taken":0,"max_hp_gain":0,"max_hp_loss":0,"event_name":"Masked Bandits","floor":19,"gold_loss":0},{"damage_healed":0,"gold_gain":0,"player_choice":"Took Portal","damage_taken":0,"max_hp_gain":0,"max_hp_loss":0,"event_name":"SecretPortal","floor":36,"gold_loss":0}],"is_beta":false,"boss_relics":[{"not_picked":["ReplayTheSpireMod:DimensionalGlitch","Snecko Eye"],"picked":"Calling Bell"},{"not_picked":["Philosopher\u0027s Stone","Kintsugi"],"picked":"Ring of Chaos"}],"items_purged_floors":[7],"is_endless":false,"potions_floor_spawned":[1,8,10,11,16,23,28,29,30,31,33,35],"killed_by":"Awakened One","ascension_level":0}}