{"host":"bux1pdxjwq4dkad9","time":1609813694,"event":{"mods":["BaseMod","Colored Map","Minty Spire (QoL Compilation)","Poem Panic","Quick Restart","Spicy Shops","StSLib","SuperFastMode","【功能Mod】精心准备","【遗物Mod】简单游戏"],"gold_per_floor":[109,120,130,130,150,183,183,200,200,220,220,249,249,287,287,366,366,377,302,318,368,379,405,405,440,440,471,471,498,498,423,423,495,495,508,526,541,557,557,582,582,482,507,536,546,546,573,584,584,584,584,584,584,131,163,163],"floor_reached":57,"playtime":872,"items_purged":["Caltrops+1","Venomology","Blur+1"],"score":3710,"play_id":"2f7df19e-ff60-47d5-97d5-cfefc6bf1ec7","local_time":"20210105102814","is_ascension_mode":true,"campfire_choices":[{"data":"After Image","floor":11.0,"key":"SMITH"},{"floor":13.0,"key":"RECALL"},{"data":"Tactician","floor":15.0,"key":"SMITH"},{"data":"Adrenaline","floor":24,"key":"SMITH"},{"data":"Grand Finale","floor":32,"key":"SMITH"},{"data":"Calculated Gamble","floor":41,"key":"SMITH"},{"data":"Neutralize","floor":46,"key":"SMITH"},{"data":"Grand Finale","floor":49,"key":"SMITH"},{"data":"Blur","floor":53,"key":"SMITH"}],"circlet_count":0,"master_deck":["AscendersBane","Survivor","Neutralize+1","Reflex","After Image+1","Adrenaline+1","Grand Finale+1","Tactician+1","Grand Finale+1","Terror","After Image+1","Calculated Gamble+1"],"relics":["ImprovedEquipment","Coffee Dripper","PoemPanic:PoemPanicRelic","Paper Crane","Frozen Egg 2","Odd Mushroom","Shuriken","Philosopher\u0027s Stone","Bottled Flame","MealTicket","StrikeDummy","Turnip","Sozu","Vajra","Orichalcum","Kunai","Lizard Tail","Calipers","Bag of Preparation"],"acts_visited":["Exordium","TheCity","TheBeyond","TheEnding"],"potions_floor_usage":[20,22,25,27,29,56],"damage_taken":[{"damage":0.0,"enemies":"Small Slimes","floor":1.0,"turns":1.0},{"damage":0.0,"enemies":"2 Louse","floor":2.0,"turns":1.0},{"damage":0.0,"enemies":"Jaw Worm","floor":3.0,"turns":1.0},{"damage":0.0,"enemies":"2 Fungi Beasts","floor":5.0,"turns":1.0},{"damage":0.0,"enemies":"3 Sentries","floor":6.0,"turns":1.0},{"damage":0.0,"enemies":"Exordium Thugs","floor":8.0,"turns":1.0},{"damage":0.0,"enemies":"The Mushroom Lair","floor":10.0,"turns":1.0},{"damage":0.0,"enemies":"Gremlin Nob","floor":12.0,"turns":1.0},{"damage":0.0,"enemies":"Blue Slaver","floor":14.0,"turns":2.0},{"damage":0.0,"enemies":"Slime Boss","floor":16.0,"turns":1.0},{"damage":0,"enemies":"Chosen","floor":18,"turns":1},{"damage":0,"enemies":"Shell Parasite","floor":20,"turns":1},{"damage":0,"enemies":"Snake Plant","floor":22,"turns":1},{"damage":0,"enemies":"Gremlin Leader","floor":23,"turns":1},{"damage":0,"enemies":"Slavers","floor":25,"turns":1},{"damage":0,"enemies":"Book of Stabbing","floor":27,"turns":1},{"damage":0,"enemies":"Slavers","floor":29,"turns":1},{"damage":0,"enemies":"Collector","floor":33,"turns":1},{"damage":0,"enemies":"Orb Walker","floor":35,"turns":1},{"damage":0,"enemies":"3 Shapes","floor":36,"turns":1},{"damage":0,"enemies":"3 Darklings","floor":37,"turns":1},{"damage":0,"enemies":"Writhing Mass","floor":38,"turns":1},{"damage":0,"enemies":"Nemesis","floor":40,"turns":1},{"damage":0,"enemies":"Reptomancer","floor":44,"turns":1},{"damage":0,"enemies":"Jaw Worm Horde","floor":45,"turns":1},{"damage":0,"enemies":"Nemesis","floor":47,"turns":1},{"damage":0,"enemies":"Spire Growth","floor":48,"turns":1},{"damage":0,"enemies":"Time Eater","floor":50,"turns":1},{"damage":0,"enemies":"Awakened One","floor":51,"turns":2},{"damage":0,"enemies":"Shield and Spear","floor":55,"turns":1},{"damage":0,"enemies":"The Heart","floor":56,"turns":4}],"seed_played":"-2038028699923331768","potions_obtained":[{"floor":3.0,"key":"Strength Potion"},{"floor":5.0,"key":"Fruit Juice"},{"floor":8.0,"key":"ColorlessPotion"},{"floor":22,"key":"Fruit Juice"},{"floor":27,"key":"SpeedPotion"}],"is_trial":false,"path_per_floor":["M","M","M","$","M","E","?","M","T","?","R","E","R","M","R","B",null,"M","?","M","?","M","E","R","E","T","E","$","E","?","$","R","B",null,"M","M","M","M","?","E","R","$","T","E","M","R","E","M","R","B","B",null,"R","$","E","B",null],"character_chosen":"THE_SILENT","items_purchased":["Calipers"],"campfire_rested":0,"item_purchase_floors":[54],"current_hp_per_floor":[59,59,59,59,64,64,69,69,69,69,69,69,69,69,69,69,74,74,74,74,74,79,79,79,79,79,79,81,81,81,81,81,81,81,81,81,81,81,77,77,77,77,77,77,77,77,77,77,77,77,77,77,77,77,77,77],"gold":163,"neow_bonus":"","is_daily":false,"chose_seed":false,"campfire_upgraded":8,"win_rate":0.0,"timestamp":1609813694,"path_taken":["M","M","M","$","M","E","?","M","T","?","R","E","R","M","R","BOSS","M","?","M","?","?","E","R","E","T","E","$","E","?","$","R","BOSS","M","M","?","M","?","E","R","?","T","E","M","R","E","M","R","BOSS","BOSS","R","$","E","BOSS"],"items_purchased_type":["Relic"],"build_version":"2020-12-22","purchased_purges":3,"victory":true,"max_hp_per_floor":[66,66,66,66,71,71,76,76,76,76,76,76,76,76,76,76,76,76,76,76,76,81,81,81,81,81,81,81,81,81,81,81,81,81,81,81,81,81,77,77,77,77,77,77,77,77,77,77,77,77,77,77,77,77,77,77],"card_choices":[{"not_picked":["Sucker Punch","Riddle With Holes","Outmaneuver"],"picked":"SKIP","floor":1.0},{"not_picked":["Deflect","Calculated Gamble","Dodge and Roll"],"picked":"SKIP","floor":2.0},{"not_picked":["Acrobatics","Dash"],"picked":"Terror","floor":3.0},{"not_picked":["Poisoned Stab","Deadly Poison","PiercingWail"],"picked":"SKIP","floor":5.0},{"not_picked":["Outmaneuver","Dagger Spray","Burst"],"picked":"SKIP","floor":6.0},{"not_picked":["Concentrate","Deflect","Distraction"],"picked":"SKIP","floor":8.0},{"not_picked":["Sucker Punch","Prepared","Quick Slash"],"picked":"SKIP","floor":12.0},{"not_picked":["Heel Hook","PiercingWail","Slice"],"picked":"SKIP","floor":14.0},{"not_picked":["Cloak And Dagger","Poisoned Stab","Deadly Poison"],"picked":"SKIP","floor":18},{"not_picked":["Sucker Punch","Quick Slash+1","Bane"],"picked":"SKIP","floor":20},{"not_picked":["Dodge and Roll","Crippling Poison+1","Concentrate"],"picked":"SKIP","floor":22},{"not_picked":["Dodge and Roll","Skewer","Distraction"],"picked":"SKIP","floor":23},{"not_picked":["Sucker Punch+1","Dagger Throw","Poisoned Stab"],"picked":"SKIP","floor":25},{"not_picked":["Quick Slash","Acrobatics"],"picked":"After Image+1","floor":27},{"not_picked":["Poisoned Stab","Footwork+1","Flying Knee"],"picked":"SKIP","floor":29},{"not_picked":["Terror","Sucker Punch"],"picked":"Calculated Gamble","floor":35},{"not_picked":["Dodge and Roll","Leg Sweep+1","Acrobatics+1"],"picked":"SKIP","floor":36},{"not_picked":["Outmaneuver+1","Blade Dance","Heel Hook+1"],"picked":"SKIP","floor":37},{"not_picked":["Tools of the Trade+1","Distraction","Quick Slash"],"picked":"SKIP","floor":38},{"not_picked":["Skewer","Cloak And Dagger","Deflect+1"],"picked":"SKIP","floor":40},{"not_picked":["Cloak And Dagger","Doppelganger","Finisher"],"picked":"SKIP","floor":44},{"not_picked":["Tactician","Quick Slash","PiercingWail"],"picked":"SKIP","floor":45},{"not_picked":["Outmaneuver","Bullet Time","Footwork+1"],"picked":"SKIP","floor":47},{"not_picked":["Tactician+1","Blur","Dodge and Roll+1"],"picked":"SKIP","floor":48},{"not_picked":["All Out Attack","Heel Hook","Outmaneuver"],"picked":"SKIP","floor":55}],"player_experience":2335205,"relics_obtained":[{"floor":6.0,"key":"Paper Crane"},{"floor":9.0,"key":"Frozen Egg 2"},{"floor":10.0,"key":"Odd Mushroom"},{"floor":12.0,"key":"Shuriken"},{"floor":23,"key":"Bottled Flame"},{"floor":25,"key":"MealTicket"},{"floor":27,"key":"StrikeDummy"},{"floor":29,"key":"Turnip"},{"floor":40,"key":"Vajra"},{"floor":43,"key":"Orichalcum"},{"floor":44,"key":"Kunai"},{"floor":47,"key":"Lizard Tail"},{"floor":55,"key":"Bag of Preparation"}],"event_choices":[{"damage_healed":0.0,"max_hp_gain":5.0,"max_hp_loss":0.0,"gold_gain":0.0,"event_name":"Big Fish","player_choice":"Donut","floor":7.0,"gold_loss":0.0,"damage_taken":0.0},{"damage_healed":0.0,"max_hp_gain":0.0,"max_hp_loss":0.0,"gold_gain":0.0,"event_name":"Mushrooms","player_choice":"Fought Mushrooms","floor":10.0,"gold_loss":0.0,"damage_taken":0.0},{"cards_removed":["Tactician"],"damage_healed":0,"gold_gain":0,"player_choice":"Gave Gold","damage_taken":0,"max_hp_gain":0,"max_hp_loss":0,"event_name":"Beggar","floor":19,"gold_loss":75},{"damage_healed":0,"gold_gain":50,"player_choice":"Pray","damage_taken":0,"max_hp_gain":0,"max_hp_loss":0,"event_name":"Golden Shrine","floor":21,"gold_loss":0},{"damage_healed":0,"gold_gain":0,"cards_transformed":["Noxious Fumes"],"player_choice":"Transformed","damage_taken":0,"max_hp_gain":0,"max_hp_loss":0,"event_name":"Transmorgrifier","floor":30,"gold_loss":0,"cards_obtained":["Caltrops"]},{"damage_healed":0,"gold_gain":0,"player_choice":"Max HP","damage_taken":0,"max_hp_gain":0,"max_hp_loss":4,"event_name":"Winding Halls","floor":39,"gold_loss":0}],"is_beta":false,"boss_relics":[{"not_picked":["Calling Bell","PoemPanic:PoemPanicRelic"],"picked":"Philosopher\u0027s Stone"},{"not_picked":["Fusion Hammer","Snecko Eye"],"picked":"Sozu"}],"items_purged_floors":[31,42,54],"is_endless":false,"potions_floor_spawned":[3,5,8,14,18,22,23,27,29,36,37,44,45,55],"ascension_level":20}}