{"host":"6r4na9dgjsffx65e","time":1609859802,"event":{"mods":["BaseMod","Colored Map","Colored Powertips","Minty Spire (QoL Compilation)","Relic Stats","ojb\u0027s Info Mod"],"gold_per_floor":[110,127,202,48,48,83,83,108,108,108,108,138,88,101,101,220,220,235,235,1,27,48,48,88,112,190,190,190],"floor_reached":27,"playtime":1376,"items_purged":["Strike_B"],"score":356,"play_id":"cc36e7de-f52d-46fc-b8c7-3860f5e3acd8","local_time":"20210105161642","is_ascension_mode":true,"campfire_choices":[{"data":"Self Repair","floor":7,"key":"SMITH"},{"data":"Coolheaded","floor":11,"key":"SMITH"},{"data":"Barrage","floor":15,"key":"SMITH"},{"data":"Defragment","floor":23,"key":"SMITH"}],"circlet_count":0,"master_deck":["Strike_B","Strike_B","Defend_B","Defend_B","Defend_B","Defend_B","Zap","Dualcast","Barrage+1","Leap","Self Repair+1","Aggregate","Coolheaded+1","Cold Snap","Buffer","Defragment+1","Chill","Multi-Cast"],"relics":["Cracked Core","NeowsBlessing","Golden Idol","StoneCalendar","The Courier","InkBottle","Inserter","Nloth\u0027s Gift","DataDisk","Frozen Egg 2","Pantograph"],"acts_visited":["Exordium","TheCity"],"potions_floor_usage":[16,24,24,24],"damage_taken":[{"damage":0,"enemies":"Jaw Worm","floor":1,"turns":1},{"damage":0,"enemies":"Small Slimes","floor":2,"turns":1},{"damage":0,"enemies":"Gremlin Nob","floor":6,"turns":1},{"damage":4,"enemies":"2 Louse","floor":8,"turns":3},{"damage":36,"enemies":"Exordium Thugs","floor":14,"turns":7},{"damage":35,"enemies":"Hexaghost","floor":16,"turns":10},{"damage":13,"enemies":"Shell Parasite","floor":18,"turns":7},{"damage":3,"enemies":"Chosen","floor":22,"turns":5},{"damage":16,"enemies":"Gremlin Leader","floor":24,"turns":7},{"damage":29,"enemies":"Snake Plant","floor":25,"turns":6},{"damage":34,"enemies":"Book of Stabbing","floor":27,"turns":7}],"seed_played":"3715489351847037806","potions_obtained":[{"floor":1,"key":"BlessingOfTheForge"},{"floor":8,"key":"FocusPotion"},{"floor":16,"key":"Fire Potion"},{"floor":18,"key":"PowerPotion"}],"is_trial":false,"path_per_floor":["M","M","?","$","?","E","R","M","T","T","R","?","?","M","R","B",null,"M","?","$","T","M","R","E","M","T","E"],"character_chosen":"DEFECT","items_purchased":["Self Repair","Defragment","DataDisk","Chill"],"campfire_rested":0,"item_purchase_floors":[4,20,20,20],"current_hp_per_floor":[68,68,57,57,57,57,57,63,63,63,63,63,63,37,37,12,55,52,52,52,52,59,59,53,34,34,0,0],"gold":190,"neow_bonus":"THREE_ENEMY_KILL","is_daily":false,"chose_seed":false,"campfire_upgraded":4,"win_rate":0.0,"timestamp":1609859802,"path_taken":["M","M","?","$","?","E","R","M","T","?","R","?","?","M","R","BOSS","M","?","$","?","?","R","E","M","T","E"],"items_purchased_type":["Card","Card","Relic","Card"],"build_version":"2020-12-22","purchased_purges":1,"victory":false,"max_hp_per_floor":[75,75,75,75,69,69,69,69,69,69,69,69,69,69,69,69,69,69,69,69,69,69,69,69,69,69,69,69],"relic_stats":{"Inserter":[16],"counters":[11,55],"Golden Idol":59,"Pantograph":0,"StoneCalendar":[219],"Nloth\u0027s Gift":1,"obtain_stats":[{"Darkstone Periapt":12,"DataDisk":20,"Inserter":17,"NeowsBlessing":0,"Golden Idol":5,"Pantograph":26,"StoneCalendar":6,"The Courier":9,"Nloth\u0027s Gift":19,"Frozen Egg 2":24,"Cracked Core":0,"InkBottle":10},{"Darkstone Periapt":4,"DataDisk":7,"Inserter":6,"NeowsBlessing":0,"Golden Idol":2,"Pantograph":10,"StoneCalendar":3,"The Courier":4,"Nloth\u0027s Gift":7,"Frozen Egg 2":9,"Cracked Core":0,"InkBottle":4},{"Darkstone Periapt":6,"DataDisk":30,"Inserter":23,"NeowsBlessing":0,"Golden Idol":2,"Pantograph":48,"StoneCalendar":3,"The Courier":6,"Nloth\u0027s Gift":30,"Frozen Egg 2":42,"Cracked Core":0,"InkBottle":6}],"InkBottle":[15]},"card_choices":[{"not_picked":["Go for the Eyes","Steam Power"],"picked":"Barrage","floor":1},{"not_picked":["Storm","Melter"],"picked":"Leap","floor":2},{"not_picked":["Steam","Blizzard"],"picked":"Aggregate","floor":6},{"not_picked":["Gash","Rebound"],"picked":"Coolheaded","floor":8},{"not_picked":["Leap","Genetic Algorithm"],"picked":"Cold Snap","floor":14},{"not_picked":["Meteor Strike","All For One"],"picked":"Buffer","floor":16},{"not_picked":["Gash","Coolheaded","Redo"],"picked":"SKIP","floor":18},{"not_picked":["Rebound+1","Cold Snap","Go for the Eyes"],"picked":"SKIP","floor":22},{"not_picked":["Machine Learning+1","Streamline"],"picked":"Multi-Cast","floor":24},{"not_picked":["Reprogram","Barrage","Static Discharge+1"],"picked":"SKIP","floor":25}],"player_experience":514750,"relics_obtained":[{"floor":6,"key":"StoneCalendar"},{"floor":9,"key":"The Courier"},{"floor":10,"key":"InkBottle"},{"floor":24,"key":"Frozen Egg 2"},{"floor":26,"key":"Pantograph"}],"event_choices":[{"damage_healed":0,"gold_gain":75,"player_choice":"Gather Gold","damage_taken":11,"max_hp_gain":0,"max_hp_loss":0,"event_name":"World of Goop","floor":3,"gold_loss":0},{"damage_healed":0,"gold_gain":0,"player_choice":"Lose Max HP","damage_taken":0,"relics_obtained":["Golden Idol"],"max_hp_gain":0,"max_hp_loss":6,"event_name":"Golden Idol","floor":5,"gold_loss":0},{"damage_healed":0,"gold_gain":30,"player_choice":"Searched \u00272\u0027 times","damage_taken":0,"relics_obtained":["Darkstone Periapt"],"max_hp_gain":0,"max_hp_loss":0,"event_name":"Dead Adventurer","floor":12,"gold_loss":0},{"cards_removed":["Strike_B"],"damage_healed":0,"gold_gain":0,"player_choice":"Card Removal","damage_taken":0,"max_hp_gain":0,"max_hp_loss":0,"event_name":"The Cleric","floor":13,"gold_loss":50},{"damage_healed":0,"gold_gain":0,"player_choice":"Traded Relic","damage_taken":0,"relics_obtained":["Nloth\u0027s Gift"],"max_hp_gain":0,"max_hp_loss":0,"event_name":"N\u0027loth","floor":19,"relics_lost":["Darkstone Periapt"],"gold_loss":0}],"is_beta":false,"boss_relics":[{"not_picked":["Runic Dome","Runic Pyramid"],"picked":"Inserter"}],"items_purged_floors":[4],"is_endless":false,"potions_floor_spawned":[1,8,16,18],"killed_by":"Book of Stabbing","ascension_level":8}}