{"host":"o7j6aatxjwpw1421","time":1609858059,"event":{"mods":["2.2 Compatiblity","AchievementEnabler","BaseMod","Colored Map","DeckTracker","Highlight Path","Keyboard Shortcuts","Minty Spire (QoL Compilation)","Permanent Neow","Quick Restart","StSLib","SuperFastMode","everything is the same but u backflip on backflip"],"gold_per_floor":[111,111,36,36,55,55,86,104,127,145,161,161,187,187,187,187,187],"floor_reached":16,"playtime":469,"items_purged":["Strike_R"],"score":231,"play_id":"3fbedaed-7d37-4b2f-976b-dc2690947a8d","local_time":"20210105234739","is_ascension_mode":true,"campfire_choices":[{"data":"Shockwave","floor":6.0,"key":"SMITH"},{"data":"Blood for Blood","floor":12.0,"key":"SMITH"},{"data":"Entrench","floor":15.0,"key":"SMITH"}],"circlet_count":0,"master_deck":["AscendersBane","Strike_R","Strike_R","Strike_R","Strike_R","Defend_R","Defend_R","Defend_R","Defend_R","Bash","Power Through","Shockwave+1","Uppercut","Disarm","Blood for Blood+1","Entrench+1"],"relics":["Burning Blood","NeowsBlessing","Ancient Tea Set","Golden Idol","Boot","Lantern","Odd Mushroom"],"acts_visited":["Exordium"],"potions_floor_usage":[16,16],"damage_taken":[{"damage":0.0,"enemies":"Cultist","floor":1.0,"turns":1.0},{"damage":0.0,"enemies":"Jaw Worm","floor":5.0,"turns":1.0},{"damage":0.0,"enemies":"Gremlin Nob","floor":7.0,"turns":1.0},{"damage":8.0,"enemies":"Small Slimes","floor":8.0,"turns":4.0},{"damage":1.0,"enemies":"2 Fungi Beasts","floor":10.0,"turns":4.0},{"damage":12.0,"enemies":"Large Slime","floor":11.0,"turns":11.0},{"damage":9.0,"enemies":"The Mushroom Lair","floor":13.0,"turns":4.0},{"damage":28,"enemies":"Slime Boss","floor":16,"turns":7}],"seed_played":"333797961056330491","potions_obtained":[{"floor":1.0,"key":"FearPotion"},{"floor":10.0,"key":"Ancient Potion"},{"floor":11.0,"key":"SkillPotion"}],"is_trial":false,"path_per_floor":["M","T","$","?","M","R","E","M","T","M","M","R","?","?","R","B"],"character_chosen":"IRONCLAD","items_purchased":[],"campfire_rested":0,"item_purchase_floors":[],"current_hp_per_floor":[74,74,74,48,54,54,60,58,58,63,57,57,54,59,59,31,31],"gold":187,"neow_bonus":"THREE_ENEMY_KILL","is_daily":false,"chose_seed":false,"campfire_upgraded":3,"win_rate":0.0,"timestamp":1609858059,"path_taken":["M","?","?","?","M","R","E","M","T","?","M","R","?","?","R","BOSS"],"items_purchased_type":[],"build_version":"2020-12-22","purchased_purges":1,"victory":false,"max_hp_per_floor":[75,75,75,75,75,75,75,75,75,75,75,75,75,80,80,80,80],"card_choices":[{"not_picked":["Bloodletting","Havoc"],"picked":"Power Through","floor":1.0},{"not_picked":["Dropkick","Sword Boomerang"],"picked":"Shockwave","floor":5.0},{"not_picked":["Cleave","Sword Boomerang","Headbutt"],"picked":"SKIP","floor":7.0},{"not_picked":["Dark Embrace","Power Through"],"picked":"Uppercut","floor":8.0},{"not_picked":["Cleave","Flex"],"picked":"Disarm","floor":10.0},{"not_picked":["Anger","Wild Strike"],"picked":"Blood for Blood","floor":11.0},{"not_picked":["Spot Weakness","Clash"],"picked":"Entrench","floor":13.0}],"player_experience":430924,"relics_obtained":[{"floor":2.0,"key":"Ancient Tea Set"},{"floor":7.0,"key":"Boot"},{"floor":9.0,"key":"Lantern"},{"floor":13.0,"key":"Odd Mushroom"}],"event_choices":[{"damage_healed":0.0,"max_hp_gain":0.0,"max_hp_loss":0.0,"gold_gain":0.0,"event_name":"Golden Idol","player_choice":"Take Damage","floor":4.0,"gold_loss":0.0,"damage_taken":26.0,"relics_obtained":["Golden Idol"]},{"damage_healed":0.0,"max_hp_gain":0.0,"max_hp_loss":0.0,"gold_gain":0.0,"event_name":"Mushrooms","player_choice":"Fought Mushrooms","floor":13.0,"gold_loss":0.0,"damage_taken":0.0},{"damage_healed":0.0,"max_hp_gain":5.0,"max_hp_loss":0.0,"gold_gain":0.0,"event_name":"Big Fish","player_choice":"Donut","floor":14.0,"gold_loss":0.0,"damage_taken":0.0}],"is_beta":false,"boss_relics":[],"items_purged_floors":[3],"is_endless":false,"potions_floor_spawned":[1,10,11,13],"killed_by":"Slime Boss","ascension_level":17}}