{"host":"3d8t1b2vmfpvguqe","time":1609873982,"event":{"mods":["AchievementEnabler","BaseMod","Block Reminder","Minty Spire (QoL Compilation)","StSLib"],"gold_per_floor":[113,129,129,143,154,184,195,195,195,213,229,229,38,38,38,143,143,126,52,52,69,82,82,114,114,114,39,56,56,56,75,75,177,177,188,188,204,214,227,227,227],"floor_reached":40,"playtime":2092,"items_purged":["Strike_B"],"score":412,"play_id":"7f3eb5b3-6591-4154-9f50-9a261e5dc463","local_time":"20210105131302","is_ascension_mode":false,"campfire_choices":[{"floor":8,"key":"REST"},{"data":"Storm","floor":15,"key":"SMITH"},{"floor":23,"key":"REST"},{"floor":25,"key":"REST"},{"floor":29,"key":"REST"},{"floor":32,"key":"REST"}],"circlet_count":0,"master_deck":["Strike_B","Strike_B+1","Defend_B+1","Defend_B","Zap","Dualcast","Redo","Ball Lightning","Static Discharge","Storm+1","Coolheaded","Go for the Eyes","Stack","Melter","Hello World","Rainbow","Defragment+1","Force Field+1","Reprogram+1","Darkness+1","Consume","Glacier+1","Tempest+1","Loop","Chaos+1","Defragment","White Noise+1","Electrodynamics","Aggregate+1","Lockon","Leap+1","Conserve Battery+1"],"relics":["Velvet Choker","Oddly Smooth Stone","InkBottle","Letter Opener","Astrolabe","Darkstone Periapt","Toxic Egg 2","White Beast Statue","Black Star"],"acts_visited":["Exordium","TheCity","TheBeyond"],"potions_floor_usage":[5,40],"damage_taken":[{"damage":4,"enemies":"2 Louse","floor":1,"turns":3},{"damage":0,"enemies":"Small Slimes","floor":2,"turns":2},{"damage":1,"enemies":"Jaw Worm","floor":4,"turns":3},{"damage":0,"enemies":"Large Slime","floor":5,"turns":5},{"damage":11,"enemies":"Gremlin Nob","floor":6,"turns":4},{"damage":4,"enemies":"Looter","floor":7,"turns":3},{"damage":7,"enemies":"Lots of Slimes","floor":10,"turns":3},{"damage":6,"enemies":"Exordium Wildlife","floor":11,"turns":4},{"damage":22,"enemies":"Hexaghost","floor":16,"turns":11},{"damage":29,"enemies":"2 Thieves","floor":18,"turns":4},{"damage":6,"enemies":"3 Byrds","floor":21,"turns":3},{"damage":12,"enemies":"Sentry and Sphere","floor":22,"turns":4},{"damage":49,"enemies":"Slavers","floor":24,"turns":5},{"damage":17,"enemies":"Snake Plant","floor":28,"turns":4},{"damage":0,"enemies":"Snecko","floor":31,"turns":4},{"damage":18,"enemies":"Champ","floor":33,"turns":8},{"damage":3,"enemies":"3 Shapes","floor":35,"turns":3},{"damage":18,"enemies":"3 Darklings","floor":37,"turns":3},{"damage":13,"enemies":"Writhing Mass","floor":38,"turns":6},{"damage":9,"enemies":"4 Shapes","floor":39,"turns":4},{"damage":36,"enemies":"Giant Head","floor":40,"turns":8}],"seed_played":"-4305165468174220833","potions_obtained":[{"floor":1,"key":"Weak Potion"},{"floor":7,"key":"Ancient Potion"},{"floor":16,"key":"Strength Potion"},{"floor":18,"key":"Ancient Potion"},{"floor":31,"key":"SpeedPotion"},{"floor":33,"key":"Dexterity Potion"},{"floor":38,"key":"Regen Potion"}],"is_trial":false,"path_per_floor":["M","M","?","M","M","E","M","R","T","M","M","?","$","?","R","B",null,"M","$","?","M","M","R","E","R","T","$","M","R","?","M","R","B",null,"M","?","M","M","M","E"],"character_chosen":"DEFECT","items_purchased":["Melter","Hello World","Consume","Chaos+1"],"campfire_rested":5,"item_purchase_floors":[13,13,19,27],"current_hp_per_floor":[71,71,56,55,55,44,40,62,62,55,49,46,46,71,71,49,75,46,46,46,40,28,50,1,23,23,23,6,28,28,28,50,32,75,72,72,54,41,32,0,0],"gold":227,"neow_bonus":"BOSS_RELIC","is_daily":false,"chose_seed":false,"campfire_upgraded":1,"win_rate":0.0,"timestamp":1609873982,"path_taken":["M","M","?","M","M","E","M","R","T","M","M","?","$","?","R","BOSS","M","$","?","M","M","R","E","R","T","$","M","R","?","?","R","BOSS","M","?","M","M","?","E"],"items_purchased_type":["Card","Card","Card","Card"],"build_version":"2020-12-22","purchased_purges":1,"victory":false,"max_hp_per_floor":[75,75,75,75,75,75,75,75,75,75,75,75,75,75,75,75,75,75,75,75,75,75,75,75,75,75,75,75,75,75,75,75,75,75,75,75,75,75,75,75,75],"card_choices":[{"not_picked":["Fusion","Gash"],"picked":"Redo","floor":1},{"not_picked":["Hologram","Streamline"],"picked":"Ball Lightning","floor":2},{"not_picked":["Go for the Eyes","BootSequence"],"picked":"Static Discharge","floor":4},{"not_picked":["Beam Cell","Aggregate"],"picked":"Storm","floor":5},{"not_picked":["Skim","Gash"],"picked":"Amplify","floor":6},{"not_picked":["Hologram","Sweeping Beam"],"picked":"Coolheaded","floor":7},{"not_picked":["Steam","Ball Lightning"],"picked":"Go for the Eyes","floor":10},{"not_picked":["Hologram","Doom and Gloom"],"picked":"Stack","floor":11},{"not_picked":["Machine Learning","Buffer"],"picked":"Rainbow","floor":16},{"not_picked":["Aggregate+1","Rip and Tear"],"picked":"Darkness+1","floor":18},{"not_picked":["Beam Cell","Leap"],"picked":"Glacier+1","floor":21},{"not_picked":["Heatsinks","Hello World+1"],"picked":"Tempest+1","floor":22},{"not_picked":["Streamline+1","Hologram"],"picked":"Loop","floor":24},{"not_picked":["Compile Driver","Gash"],"picked":"Defragment","floor":28},{"not_picked":["Scrape","Gash+1"],"picked":"White Noise+1","floor":31},{"not_picked":["Biased Cognition","Machine Learning"],"picked":"Electrodynamics","floor":33},{"not_picked":["Sweeping Beam+1","Beam Cell"],"picked":"Aggregate+1","floor":35},{"not_picked":["Scrape+1","Redo+1"],"picked":"Lockon","floor":37},{"not_picked":["Gash","Steam+1"],"picked":"Leap+1","floor":38},{"not_picked":["Tempest+1","Stack+1"],"picked":"Conserve Battery+1","floor":39}],"player_experience":6964,"relics_obtained":[{"floor":6,"key":"Oddly Smooth Stone"},{"floor":9,"key":"InkBottle"},{"floor":24,"key":"Darkstone Periapt"},{"floor":26,"key":"Toxic Egg 2"}],"event_choices":[{"damage_healed":0,"gold_gain":0,"player_choice":"Entered Light","damage_taken":15,"max_hp_gain":0,"max_hp_loss":0,"event_name":"Shining Light","floor":3,"gold_loss":0,"cards_upgraded":["Strike_B","Defend_B"]},{"damage_healed":0,"gold_gain":0,"player_choice":"Success","damage_taken":3,"relics_obtained":["Letter Opener"],"max_hp_gain":0,"max_hp_loss":0,"event_name":"Scrap Ooze","floor":12,"gold_loss":0},{"damage_healed":25,"gold_gain":0,"player_choice":"Banana","damage_taken":0,"max_hp_gain":0,"max_hp_loss":0,"event_name":"Big Fish","floor":14,"gold_loss":0},{"cards_removed":["Defend_B"],"damage_healed":0,"gold_gain":0,"player_choice":"Elegance","damage_taken":0,"max_hp_gain":0,"max_hp_loss":0,"event_name":"Back to Basics","floor":20,"gold_loss":0},{"damage_healed":0,"gold_gain":0,"player_choice":"Gave Potion","damage_taken":0,"relics_obtained":["White Beast Statue"],"max_hp_gain":0,"max_hp_loss":0,"event_name":"WeMeetAgain","floor":30,"gold_loss":0},{"damage_healed":0,"gold_gain":0,"player_choice":"Ignored","damage_taken":0,"max_hp_gain":0,"max_hp_loss":0,"event_name":"NoteForYourself","floor":36,"gold_loss":0}],"is_beta":false,"boss_relics":[{"not_picked":["Fusion Hammer","Calling Bell"],"picked":"Astrolabe"},{"not_picked":["Sozu","Cursed Key"],"picked":"Black Star"}],"items_purged_floors":[13],"is_endless":false,"potions_floor_spawned":[1,7,16,18,28,31,33,35,37,38,39],"killed_by":"Giant Head","ascension_level":0}}