{"host":"ewfe3cr33ktd9xzj","time":1609870637,"event":{"mods":["AchievementEnabler","BaseMod","Colored Map","Custom Start","DeckTracker","Minty Spire (QoL Compilation)","Permanent Neow","Rare Cards Sparkle","StSLib","everything is the same but u backflip on backflip"],"gold_per_floor":[117,130,148,148,167,167,193,193,264,264,276,317,329,369,381,469,481,504,516,82,101,101,101],"floor_reached":22,"playtime":690,"items_purged":["Strike_P"],"score":504,"play_id":"8a34ec65-21ff-434e-8397-186431b51c4b","local_time":"20210106031716","is_ascension_mode":true,"campfire_choices":[{"data":"Eruption","floor":6.0,"key":"SMITH"},{"data":"CutThroughFate","floor":8.0,"key":"SMITH"},{"floor":13.0,"key":"REST"},{"data":"PathToVictory","floor":15,"key":"SMITH"}],"circlet_count":0,"master_deck":["AscendersBane","Strike_P","Strike_P","Strike_P","Defend_P","Defend_P","Defend_P","Defend_P+1","Eruption+1","Vigilance","Conclude","Nirvana","JustLucky","CutThroughFate+1","PathToVictory+1","PathToVictory+1","DevaForm","Evaluate","Fasting2","Sanctity","Forethought"],"relics":["PureWater","GoldenEye","Gambling Chip","Bottled Tornado","MawBank","PreservedInsect","War Paint","Coffee Dripper"],"acts_visited":["TheCity"],"potions_floor_usage":[16,21],"damage_taken":[{"damage":2.0,"enemies":"Jaw Worm","floor":1.0,"turns":4.0},{"damage":7.0,"enemies":"Small Slimes","floor":2.0,"turns":2.0},{"damage":0.0,"enemies":"Cultist","floor":3.0,"turns":2.0},{"damage":0.0,"enemies":"Gremlin Gang","floor":5.0,"turns":1.0},{"damage":28.0,"enemies":"Lagavulin","floor":7.0,"turns":6.0},{"damage":0.0,"enemies":"3 Sentries","floor":12.0,"turns":2.0},{"damage":0.0,"enemies":"Gremlin Nob","floor":14.0,"turns":2.0},{"damage":13,"enemies":"The Guardian","floor":16,"turns":5},{"damage":19,"enemies":"Shell Parasite","floor":18,"turns":5},{"damage":0,"enemies":"Chosen","floor":21,"turns":3},{"damage":28,"enemies":"Sentry and Sphere","floor":22,"turns":5}],"seed_played":"8790734163916004356","potions_obtained":[{"floor":3.0,"key":"EssenceOfSteel"},{"floor":7.0,"key":"ColorlessPotion"},{"floor":12.0,"key":"DistilledChaos"},{"floor":16,"key":"SkillPotion"},{"floor":18,"key":"SkillPotion"}],"is_trial":false,"path_per_floor":["M","M","M","?","M","R","E","R","T","?","?","E","R","E","R","B",null,"M","?","$","M","M"],"character_chosen":"WATCHER","items_purchased":["Fasting2","Sanctity","Forethought","FairyPotion"],"campfire_rested":1,"item_purchase_floors":[20,20,20,20],"current_hp_per_floor":[59,52,52,52,52,52,24,24,24,6,6,6,24,24,24,11,49,30,13,13,13,5,5],"gold":101,"neow_bonus":"ONE_RARE_RELIC","is_daily":false,"chose_seed":false,"campfire_upgraded":3,"win_rate":0.0,"timestamp":1609870636,"path_taken":["M","M","M","?","M","R","E","R","T","?","?","E","R","E","R","BOSS","M","?","$","M","M"],"items_purchased_type":["Card","Card","Card","Potion"],"build_version":"2020-12-22","purchased_purges":1,"victory":false,"max_hp_per_floor":[62,62,62,62,62,62,62,62,62,62,62,62,62,62,62,62,62,62,67,67,67,67,67],"card_choices":[{"not_picked":["CutThroughFate","ForeignInfluence"],"picked":"Conclude","floor":1.0},{"not_picked":["BattleHymn","Halt"],"picked":"Nirvana","floor":2.0},{"not_picked":["LikeWater","Study"],"picked":"JustLucky","floor":3.0},{"not_picked":["Halt","Evaluate"],"picked":"CutThroughFate","floor":5.0},{"not_picked":["SignatureMove","WreathOfFlame","Fasting2"],"picked":"SKIP","floor":7.0},{"not_picked":["Collect","BowlingBash"],"picked":"PathToVictory","floor":12.0},{"not_picked":["Crescendo","ThirdEye"],"picked":"PathToVictory","floor":14},{"not_picked":["Omniscience","Blasphemy"],"picked":"DevaForm","floor":16},{"not_picked":["Halt","BowlingBash"],"picked":"Evaluate","floor":18},{"not_picked":["PathToVictory","FlyingSleeves","Swivel"],"picked":"SKIP","floor":21}],"player_experience":26619,"relics_obtained":[{"floor":7.0,"key":"Gambling Chip"},{"floor":9.0,"key":"Bottled Tornado"},{"floor":12.0,"key":"PreservedInsect"},{"floor":14,"key":"War Paint"}],"event_choices":[{"damage_healed":0.0,"max_hp_gain":0.0,"max_hp_loss":0.0,"gold_gain":0.0,"event_name":"Liars Game","player_choice":"Ignored","floor":4.0,"gold_loss":0.0,"damage_taken":0.0},{"damage_healed":0.0,"max_hp_gain":0.0,"max_hp_loss":0.0,"gold_gain":0.0,"event_name":"Scrap Ooze","player_choice":"Success","floor":10.0,"gold_loss":0.0,"damage_taken":18.0,"relics_obtained":["MawBank"]},{"damage_healed":0.0,"max_hp_gain":0.0,"max_hp_loss":0.0,"gold_gain":0.0,"event_name":"Shining Light","player_choice":"Ignored","floor":11.0,"gold_loss":0.0,"damage_taken":0.0},{"damage_healed":0,"gold_gain":0,"player_choice":"Shed Blood","damage_taken":22,"max_hp_gain":5,"max_hp_loss":0,"event_name":"Forgotten Altar","floor":19,"gold_loss":0}],"is_beta":false,"boss_relics":[{"not_picked":["Empty Cage","Sozu"],"picked":"Coffee Dripper"}],"items_purged_floors":[20],"is_endless":false,"potions_floor_spawned":[3,7,12,16,18],"killed_by":"Sentry and Sphere","ascension_level":20}}