{"host":"jwbw4f4imxd0v0b0","time":1609826604,"event":{"mods":["BaseMod","Colored Map","Highlight Path","Minty Spire (QoL Compilation)","Relic Stats","StSLib"],"gold_per_floor":[217,217,167,242,262,262,275,307,307,342,342,355,530,53,53,155,155,173,187,187,137,154,154,187,204,231,247,263,288,288,319,319,414,414,431,450,51,66,86,86,186,217,217,217,229,229,229,256,256,256,256,256,55,87,87],"floor_reached":56,"playtime":2958,"items_purged":["Doubt","Writhe"],"score":1400,"play_id":"89643fef-efe1-4f1b-a37a-1fd9c9850008","local_time":"20210105000324","is_ascension_mode":false,"campfire_choices":[{"data":"FlyingSleeves","floor":6.0,"key":"SMITH"},{"data":"Tantrum","floor":15.0,"key":"SMITH"},{"data":"TalkToTheHand","floor":23.0,"key":"SMITH"},{"data":"WaveOfTheHand","floor":30.0,"key":"SMITH"},{"data":"Wallop","floor":32.0,"key":"SMITH"},{"data":"CrushJoints","floor":40.0,"key":"SMITH"},{"floor":44.0,"key":"RECALL"},{"data":"Discovery","floor":49.0,"key":"SMITH"},{"data":"Vault","floor":52.0,"key":"SMITH"}],"circlet_count":0,"master_deck":["Strike_P","Strike_P","Strike_P","Defend_P","Defend_P","Defend_P","Eruption","Vigilance","WaveOfTheHand+1","FlyingSleeves+1","CutThroughFate","Consecrate","ClearTheMind","Tantrum+1","Protect","Omniscience","WheelKick+1","BowlingBash","TalkToTheHand+1","ClearTheMind","Wallop+1","Vault+1","TalkToTheHand+1","CrushJoints+1","Discovery+1"],"relics":["HolyWater","Torii","Dead Branch","White Beast Statue","Lee\u0027s Waffle","Anchor","Coffee Dripper","Nunchaku","MealTicket","Pen Nib","HornCleat","Regal Pillow","Vajra","DollysMirror","TungstenRod","Kunai","OrangePellets","Happy Flower"],"acts_visited":["Exordium","TheCity","TheBeyond","TheEnding"],"potions_floor_usage":[55,55,55,55,55,55],"damage_taken":[{"damage":5.0,"enemies":"Small Slimes","floor":1.0,"turns":5.0},{"damage":0.0,"enemies":"2 Louse","floor":5.0,"turns":2.0},{"damage":0.0,"enemies":"Jaw Worm","floor":7.0,"turns":3.0},{"damage":8.0,"enemies":"3 Sentries","floor":8.0,"turns":6.0},{"damage":0.0,"enemies":"Gremlin Nob","floor":10.0,"turns":2.0},{"damage":0.0,"enemies":"Blue Slaver","floor":12.0,"turns":3.0},{"damage":0.0,"enemies":"Slime Boss","floor":16.0,"turns":5.0},{"damage":1.0,"enemies":"Shell Parasite","floor":18.0,"turns":3.0},{"damage":0.0,"enemies":"Spheric Guardian","floor":19.0,"turns":1.0},{"damage":8.0,"enemies":"Snake Plant","floor":22.0,"turns":4.0},{"damage":0.0,"enemies":"Slavers","floor":24.0,"turns":2.0},{"damage":2.0,"enemies":"Shelled Parasite and Fungi","floor":25.0,"turns":3.0},{"damage":1.0,"enemies":"3 Cultists","floor":27.0,"turns":4.0},{"damage":0.0,"enemies":"Cultist and Chosen","floor":28.0,"turns":3.0},{"damage":0.0,"enemies":"Book of Stabbing","floor":29.0,"turns":5.0},{"damage":1.0,"enemies":"Gremlin Leader","floor":31.0,"turns":5.0},{"damage":52.0,"enemies":"Champ","floor":33.0,"turns":11.0},{"damage":0.0,"enemies":"Orb Walker","floor":35.0,"turns":2.0},{"damage":0.0,"enemies":"3 Shapes","floor":36.0,"turns":3.0},{"damage":0.0,"enemies":"3 Darklings","floor":38.0,"turns":4.0},{"damage":0.0,"enemies":"4 Shapes","floor":39.0,"turns":3.0},{"damage":10.0,"enemies":"Reptomancer","floor":42.0,"turns":5.0},{"damage":0.0,"enemies":"Spire Growth","floor":45.0,"turns":3.0},{"damage":0.0,"enemies":"Nemesis","floor":48.0,"turns":1.0},{"damage":55.0,"enemies":"Time Eater","floor":50.0,"turns":11.0},{"damage":16.0,"enemies":"Shield and Spear","floor":54.0,"turns":9.0},{"damage":35,"enemies":"The Heart","floor":55,"turns":6}],"seed_played":"-2101055183871320270","potions_obtained":[{"floor":1.0,"key":"Block Potion"},{"floor":12.0,"key":"Dexterity Potion"},{"floor":16.0,"key":"Explosive Potion"},{"floor":18.0,"key":"SkillPotion"},{"floor":19.0,"key":"SteroidPotion"},{"floor":24.0,"key":"Fire Potion"},{"floor":25.0,"key":"LiquidBronze"},{"floor":28.0,"key":"ColorlessPotion"},{"floor":29.0,"key":"EntropicBrew"},{"floor":42.0,"key":"Ambrosia"}],"is_trial":false,"path_per_floor":["M","?","?","?","M","R","M","E","T","E","?","M","?","$","R","B",null,"M","M","?","?","M","R","E","M","T","M","M","E","R","E","R","B",null,"M","M","$","M","M","R","?","E","T","R","M","?","?","E","R","B",null,"R","$","E","B",null],"character_chosen":"WATCHER","items_purchased":["Tantrum","Lee\u0027s Waffle","Anchor","Protect","Vajra","DollysMirror","OrangePellets","SteroidPotion"],"campfire_rested":0,"item_purchase_floors":[14,14,14,14,37,37,53,53],"current_hp_per_floor":[67,60,60,49,49,49,49,41,41,41,46,46,46,84,84,84,84,83,83,83,83,75,75,75,73,73,72,72,72,72,71,71,19,84,84,84,84,84,84,84,84,74,74,74,74,74,74,74,74,19,84,84,84,68,33],"gold":87,"neow_bonus":"HUNDRED_GOLD","is_daily":false,"chose_seed":false,"campfire_upgraded":8,"win_rate":0.0,"timestamp":1609826604,"path_taken":["M","?","?","?","M","R","M","E","T","E","?","?","?","?","R","BOSS","M","M","?","?","M","R","E","M","T","?","M","E","R","E","R","BOSS","M","M","$","M","M","R","?","E","T","R","?","?","?","E","R","BOSS","R","$","E","BOSS"],"items_purchased_type":["Card","Relic","Relic","Card","Relic","Relic","Relic","Potion"],"build_version":"2020-12-22","purchased_purges":2,"victory":true,"max_hp_per_floor":[72,72,72,72,72,72,72,72,72,72,77,77,77,84,84,84,84,84,84,84,84,84,84,84,84,84,84,84,84,84,84,84,84,84,84,84,84,84,84,84,84,84,84,84,84,84,84,84,84,84,84,84,84,84,84],"relic_stats":{"Lee\u0027s Waffle":38,"Regal Pillow":0,"Torii":30,"Happy Flower":[2],"counters":[27,114],"Dead Branch":[105],"Pen Nib":[20],"OrangePellets":[6],"Nunchaku":[22],"MealTicket":0,"Kunai":[12],"obtain_stats":[{"Lee\u0027s Waffle":14,"Regal Pillow":31,"Torii":8,"Happy Flower":54,"Dead Branch":9,"Vajra":37,"Pen Nib":26,"White Beast Statue":10,"OrangePellets":53,"Anchor":14,"Nunchaku":20,"HornCleat":29,"DollysMirror":37,"HolyWater":34,"MealTicket":24,"Coffee Dripper":17,"Kunai":48,"PureWater":0,"TungstenRod":42},{"Lee\u0027s Waffle":6,"Regal Pillow":16,"Torii":4,"Happy Flower":26,"Dead Branch":4,"Vajra":19,"Pen Nib":12,"White Beast Statue":5,"OrangePellets":25,"Anchor":6,"Nunchaku":9,"HornCleat":15,"DollysMirror":19,"HolyWater":17,"MealTicket":11,"Coffee Dripper":7,"Kunai":24,"PureWater":0,"TungstenRod":22},{"Lee\u0027s Waffle":21,"Regal Pillow":56,"Torii":16,"Happy Flower":108,"Dead Branch":16,"Vajra":72,"Pen Nib":39,"White Beast Statue":18,"OrangePellets":99,"Anchor":21,"Nunchaku":30,"HornCleat":51,"DollysMirror":72,"HolyWater":67,"MealTicket":36,"Coffee Dripper":26,"Kunai":88,"PureWater":0,"TungstenRod":84}],"TungstenRod":22},"card_choices":[{"not_picked":["LikeWater","Evaluate"],"picked":"WaveOfTheHand","floor":1.0},{"not_picked":["Evaluate","EmptyBody"],"picked":"FlyingSleeves","floor":5.0},{"not_picked":["ClearTheMind","ReachHeaven"],"picked":"CutThroughFate","floor":7.0},{"not_picked":["SashWhip","Devotion"],"picked":"Consecrate","floor":8.0},{"not_picked":["EmptyFist","FollowUp","CutThroughFate"],"picked":"SKIP","floor":10.0},{"not_picked":["BattleHymn","FlyingSleeves"],"picked":"ClearTheMind","floor":12.0},{"not_picked":["Ragnarok","SpiritShield"],"picked":"Omniscience","floor":16.0},{"not_picked":["JustLucky","Meditate"],"picked":"WheelKick+1","floor":18.0},{"not_picked":["JustLucky+1","FollowUp"],"picked":"BowlingBash","floor":19.0},{"not_picked":["Worship+1","Halt"],"picked":"TalkToTheHand","floor":22.0},{"not_picked":["Crescendo","Sanctity","JustLucky"],"picked":"SKIP","floor":24.0},{"not_picked":["Brilliance","Indignation"],"picked":"ClearTheMind","floor":25.0},{"not_picked":["FlyingSleeves","Crescendo"],"picked":"Adaptation","floor":27.0},{"not_picked":["Crescendo+1","Worship","BattleHymn"],"picked":"SKIP","floor":28.0},{"not_picked":["Prostrate","EmptyFist","DeceiveReality"],"picked":"SKIP","floor":29.0},{"not_picked":["Consecrate","Halt"],"picked":"Wallop","floor":31.0},{"not_picked":["Ragnarok","MasterReality"],"picked":"Vault","floor":33.0},{"not_picked":["Evaluate","ForeignInfluence","Weave+1"],"picked":"SKIP","floor":35.0},{"not_picked":["JustLucky+1","FollowUp+1","Protect"],"picked":"SKIP","floor":36.0},{"not_picked":["JustLucky+1","Conclude+1","Consecrate+1"],"picked":"SKIP","floor":38.0},{"not_picked":["Protect","Weave+1"],"picked":"CrushJoints","floor":39.0},{"not_picked":["Vault","Prostrate+1","Indignation+1"],"picked":"SKIP","floor":42.0},{"not_picked":["Indignation","Prostrate+1","Weave"],"picked":"SKIP","floor":45.0},{"not_picked":["Madness","Good Instincts"],"picked":"Discovery","floor":46.0},{"not_picked":["EmptyFist","FlyingSleeves","Establishment"],"picked":"SKIP","floor":48.0},{"not_picked":["Evaluate+1","Halt","ThirdEye"],"picked":"SKIP","floor":54.0}],"player_experience":998365,"relics_obtained":[{"floor":8.0,"key":"Torii"},{"floor":9.0,"key":"Dead Branch"},{"floor":10.0,"key":"White Beast Statue"},{"floor":24.0,"key":"MealTicket"},{"floor":26.0,"key":"Pen Nib"},{"floor":29.0,"key":"HornCleat"},{"floor":31.0,"key":"Regal Pillow"},{"floor":42.0,"key":"TungstenRod"},{"floor":48.0,"key":"Kunai"},{"floor":54.0,"key":"Happy Flower"}],"event_choices":[{"cards_removed":["Strike_P"],"damage_healed":0.0,"max_hp_gain":0.0,"max_hp_loss":0.0,"gold_gain":0.0,"event_name":"Golden Wing","player_choice":"Card Removal","floor":2.0,"gold_loss":0.0,"damage_taken":7.0},{"cards_removed":["Defend_P"],"damage_healed":0.0,"max_hp_gain":0.0,"max_hp_loss":0.0,"gold_gain":0.0,"event_name":"The Cleric","player_choice":"Card Removal","floor":3.0,"gold_loss":50.0,"damage_taken":0.0},{"damage_healed":0.0,"max_hp_gain":0.0,"max_hp_loss":0.0,"gold_gain":75.0,"event_name":"World of Goop","player_choice":"Gather Gold","floor":4.0,"gold_loss":0.0,"damage_taken":11.0},{"damage_healed":0.0,"max_hp_gain":5.0,"max_hp_loss":0.0,"gold_gain":0.0,"event_name":"Big Fish","player_choice":"Donut","floor":11.0,"gold_loss":0.0,"damage_taken":0.0},{"damage_healed":0.0,"max_hp_gain":0.0,"max_hp_loss":0.0,"gold_gain":175.0,"event_name":"Liars Game","player_choice":"AGREE","floor":13.0,"gold_loss":0.0,"damage_taken":0.0,"cards_obtained":["Doubt"]},{"damage_healed":0.0,"max_hp_gain":0.0,"max_hp_loss":0.0,"gold_gain":0.0,"event_name":"The Mausoleum","player_choice":"Opened","floor":20.0,"gold_loss":0.0,"damage_taken":0.0,"relics_obtained":["Nunchaku"],"cards_obtained":["Writhe"]},{"damage_healed":0.0,"max_hp_gain":0.0,"max_hp_loss":0.0,"gold_gain":0.0,"event_name":"The Joust","player_choice":"Bet on Murderer","floor":21.0,"gold_loss":50.0,"damage_taken":0.0},{"damage_healed":0.0,"max_hp_gain":0.0,"max_hp_loss":0.0,"gold_gain":100.0,"event_name":"Golden Shrine","player_choice":"Pray","floor":41.0,"gold_loss":0.0,"damage_taken":0.0},{"damage_healed":0.0,"max_hp_gain":0.0,"max_hp_loss":0.0,"gold_gain":0.0,"event_name":"SensoryStone","player_choice":"Memory 1","floor":46.0,"gold_loss":0.0,"damage_taken":0.0},{"cards_removed":["Adaptation"],"damage_healed":0.0,"max_hp_gain":0.0,"max_hp_loss":0.0,"gold_gain":0.0,"event_name":"Falling","player_choice":"Removed Power","floor":47.0,"gold_loss":0.0,"damage_taken":0.0}],"is_beta":false,"boss_relics":[{"not_picked":["Tiny House","Black Star"],"picked":"Coffee Dripper"},{"not_picked":["Empty Cage","Pandora\u0027s Box"],"picked":"HolyWater"}],"items_purged_floors":[14,37],"is_endless":false,"potions_floor_spawned":[1,12,16,18,19,22,24,25,27,28,29,31,33,35,36,38,39,42,45,48,54],"ascension_level":0}}