{"host":"bfwtxkoblkr892se","time":1609850636,"event":{"mods":["BaseMod","Colored Map","Koishi","Marisa£®ÏF”Í°°ƒß¿Ì…≥£©","Minty Spire (QoL Compilation)","Prisma Mod","Shop Mod","StSLib","The Bug Knight","The Cursed","[IsaacMod]“‘»ˆº‚À˛"],"gold_per_floor":[112,112,126,139,139,156,156,174,174,174,189,189,228,228,228,358,358,371,371,286,307,307,307,157,171,171,171,171,195,195,219,219,348,348,363,363,363,210,234,234,247,247,272,272,235,260,260,284,284,284],"floor_reached":51,"playtime":2081,"items_purged":[],"score":795,"play_id":"d9a5ae94-cb12-4d9c-9c15-4570c0728b47","local_time":"20210105204356","is_ascension_mode":false,"campfire_choices":[{"floor":12.0,"key":"REST"},{"floor":15.0,"key":"REST"},{"floor":23.0,"key":"REST"},{"data":"LessonLearned","floor":27.0,"key":"SMITH"},{"floor":30.0,"key":"REST"},{"data":"Scrawl","floor":32.0,"key":"SMITH"},{"floor":40.0,"key":"REST"},{"floor":42.0,"key":"REST"},{"floor":47.0,"key":"REST"},{"data":"DevaForm","floor":49,"key":"SMITH"}],"circlet_count":0,"master_deck":["Strike_P+1","Strike_P","Strike_P","Defend_P","Defend_P","Defend_P","Defend_P+1","Eruption","Vigilance+1","FlyingSleeves","Crescendo+1","PathToVictory","CutThroughFate","BattleHymn+1","BowlingBash","LessonLearned+1","ThirdEye+1","ClearTheMind","InnerPeace","Scrawl+1","Tantrum+1","DevaForm+1","FollowUp+1","TalkToTheHand+1","Collect","Swivel","DeceiveReality+1"],"relics":["HolyWater","NeowsBlessing","Toy Ornithopter","Golden Idol","Tiny Chest","Kunai","Bag of Marbles","Anchor","Question Card","Omamori","Cursed Key","Bronze Scales","Lantern","Mango"],"acts_visited":[],"potions_floor_usage":[50,50,50],"damage_taken":[{"damage":0.0,"enemies":"Cultist","floor":1.0,"turns":1.0},{"damage":0.0,"enemies":"Jaw Worm","floor":3.0,"turns":1.0},{"damage":0.0,"enemies":"Small Slimes","floor":4.0,"turns":1.0},{"damage":7.0,"enemies":"Blue Slaver","floor":6.0,"turns":3.0},{"damage":16.0,"enemies":"3 Louse","floor":8.0,"turns":4.0},{"damage":1.0,"enemies":"Exordium Wildlife","floor":11.0,"turns":2.0},{"damage":36.0,"enemies":"Lagavulin","floor":13.0,"turns":4.0},{"damage":51.0,"enemies":"Hexaghost","floor":16.0,"turns":8.0},{"damage":20.0,"enemies":"2 Thieves","floor":18.0,"turns":3.0},{"damage":3.0,"enemies":"Chosen","floor":21.0,"turns":3.0},{"damage":3.0,"enemies":"Snecko","floor":25.0,"turns":3.0},{"damage":24.0,"enemies":"Centurion and Healer","floor":29.0,"turns":4.0},{"damage":43.0,"enemies":"Collector","floor":33.0,"turns":4.0},{"damage":33.0,"enemies":"3 Darklings","floor":35.0,"turns":4.0},{"damage":4.0,"enemies":"Orb Walker","floor":39.0,"turns":3.0},{"damage":24.0,"enemies":"Sphere and 2 Shapes","floor":41.0,"turns":4.0},{"damage":7.0,"enemies":"Jaw Worm Horde","floor":46.0,"turns":3.0},{"damage":3,"enemies":"Maw","floor":48,"turns":7},{"damage":57,"enemies":"Donu and Deca","floor":50,"turns":9}],"seed_played":"4176749805401122747","potions_obtained":[{"floor":3.0,"key":"FearPotion"},{"floor":6.0,"key":"Dexterity Potion"},{"floor":8.0,"key":"SkillPotion"},{"floor":13.0,"key":"SneckoOil"},{"floor":18.0,"key":"AttackPotion"},{"floor":21.0,"key":"Energy Potion"},{"floor":35.0,"key":"Block Potion"},{"floor":39.0,"key":"SkillPotion"},{"floor":41.0,"key":"Fire Potion"},{"floor":48,"key":"Block Potion"}],"is_trial":false,"path_per_floor":["M","?","M","M","$","M","?","M","T","?","M","R","E","?","R","B",null,"M","?","?","M","T","R","$","M","T","R","?","M","R","T","R","B",null,"M","?","?","$","M","R","M","R","T","T","$","M","R","M","R","B",null],"character_chosen":"WATCHER","items_purchased":["Anchor","Bronze Scales","Collect"],"campfire_rested":7,"item_purchase_floors":[24,38,45],"current_hp_per_floor":[72,72,72,72,72,65,70,54,54,35,34,57,26,26,49,8,77,57,57,57,54,54,77,77,77,77,77,77,58,77,77,77,39,77,44,44,44,44,40,63,39,62,62,76,76,69,91,88,88,46],"gold":284,"neow_bonus":"THREE_ENEMY_KILL","is_daily":false,"chose_seed":false,"campfire_upgraded":3,"win_rate":0.0,"timestamp":1609850636,"path_taken":["M","?","M","?","$","?","?","M","T","?","M","R","E","?","R","BOSS","M","?","?","M","?","R","$","?","T","R","?","?","R","?","R","BOSS","M","?","?","?","M","R","M","R","T","?","$","M","R","M","R","BOSS"],"items_purchased_type":["Relic","Relic","Card"],"build_version":"2020-12-22","purchased_purges":0,"victory":true,"max_hp_per_floor":[72,72,72,72,72,72,77,77,77,77,77,77,77,77,77,77,77,77,77,77,77,77,77,77,77,77,77,77,77,77,77,77,77,77,77,77,77,77,77,77,77,77,77,91,91,91,91,91,91,91],"card_choices":[{"not_picked":["ThirdEye","ForeignInfluence"],"picked":"FlyingSleeves","floor":1.0},{"not_picked":["JustLucky","WreathOfFlame"],"picked":"Crescendo","floor":3.0},{"not_picked":["SignatureMove","SashWhip"],"picked":"PathToVictory","floor":4.0},{"not_picked":["Prostrate","EmptyBody"],"picked":"ThirdEye","floor":6.0},{"not_picked":["Vengeance","Evaluate"],"picked":"CutThroughFate","floor":8.0},{"not_picked":["BowlingBash","Prostrate"],"picked":"BattleHymn","floor":11.0},{"not_picked":["Scrawl","CrushJoints"],"picked":"BowlingBash","floor":13.0},{"not_picked":["ConjureBlade","Brilliance"],"picked":"LessonLearned","floor":16.0},{"not_picked":["SashWhip","Pray"],"picked":"ThirdEye","floor":18.0},{"not_picked":["SashWhip","FlyingSleeves"],"picked":"ClearTheMind","floor":21.0},{"not_picked":["ThirdEye","Alpha"],"picked":"InnerPeace","floor":25.0},{"not_picked":["ThirdEye","BattleHymn","ClearTheMind+1"],"picked":"Tantrum+1","floor":29.0},{"not_picked":["ConjureBlade","MasterReality","Ragnarok"],"picked":"DevaForm","floor":33.0},{"not_picked":["Weave","ForeignInfluence+1","Evaluate"],"picked":"FollowUp+1","floor":35.0},{"not_picked":["CutThroughFate","Meditate+1","EmptyBody+1"],"picked":"TalkToTheHand+1","floor":39.0},{"not_picked":["Conclude","Adaptation","SashWhip","Perseverance"],"picked":"SKIP","floor":41.0},{"not_picked":["Halt","Wireheading+1","Vengeance+1"],"picked":"Swivel","floor":46.0},{"not_picked":["EmptyFist+1","Weave","Halt+1"],"picked":"DeceiveReality+1","floor":48}],"player_experience":121826,"relics_obtained":[{"floor":9.0,"key":"Toy Ornithopter"},{"floor":13.0,"key":"Tiny Chest"},{"floor":22.0,"key":"Bag of Marbles"},{"floor":26.0,"key":"Question Card"},{"floor":31.0,"key":"Omamori"},{"floor":43.0,"key":"Lantern"},{"floor":44.0,"key":"Mango"}],"event_choices":[{"damage_healed":0.0,"max_hp_gain":0.0,"max_hp_loss":0.0,"gold_gain":0.0,"event_name":"The Woman in Blue","player_choice":"Bought 0 Potions","floor":2.0,"gold_loss":0.0,"damage_taken":0.0},{"damage_healed":0.0,"max_hp_gain":5.0,"max_hp_loss":0.0,"gold_gain":0.0,"event_name":"Big Fish","player_choice":"Donut","floor":7.0,"gold_loss":0.0,"damage_taken":0.0},{"damage_healed":0.0,"max_hp_gain":0.0,"max_hp_loss":0.0,"gold_gain":0.0,"event_name":"Golden Idol","player_choice":"Take Damage","floor":10.0,"gold_loss":0.0,"damage_taken":19.0,"relics_obtained":["Golden Idol"]},{"damage_healed":0.0,"max_hp_gain":0.0,"max_hp_loss":0.0,"gold_gain":0.0,"event_name":"Living Wall","player_choice":"Grow","floor":14.0,"gold_loss":0.0,"damage_taken":0.0,"cards_upgraded":["BattleHymn"]},{"damage_healed":0.0,"max_hp_gain":0.0,"max_hp_loss":0.0,"gold_gain":0.0,"event_name":"Ghosts","player_choice":"Ignored","floor":19.0,"gold_loss":0.0,"damage_taken":0.0},{"damage_healed":0.0,"max_hp_gain":0.0,"max_hp_loss":0.0,"gold_gain":0.0,"event_name":"Addict","player_choice":"Obtained Relic","floor":20.0,"gold_loss":85.0,"damage_taken":0.0,"relics_obtained":["Kunai"]},{"damage_healed":0.0,"max_hp_gain":0.0,"max_hp_loss":0.0,"gold_gain":0.0,"cards_transformed":["ThirdEye"],"event_name":"Transmorgrifier","player_choice":"Transformed","floor":28.0,"gold_loss":0.0,"damage_taken":0.0,"cards_obtained":["Scrawl"]},{"damage_healed":0.0,"max_hp_gain":0.0,"max_hp_loss":0.0,"gold_gain":0.0,"event_name":"Tomb of Lord Red Mask","player_choice":"Ignored","floor":36.0,"gold_loss":0.0,"damage_taken":0.0},{"cards_removed":["Strike_P"],"damage_healed":0.0,"max_hp_gain":0.0,"max_hp_loss":0.0,"gold_gain":0.0,"event_name":"Falling","player_choice":"Removed Attack","floor":37.0,"gold_loss":0.0,"damage_taken":0.0}],"is_beta":false,"boss_relics":[{"not_picked":["Empty Cage","VioletLotus"],"picked":"HolyWater"},{"not_picked":["Velvet Choker","Coffee Dripper"],"picked":"Cursed Key"}],"items_purged_floors":[],"is_endless":false,"potions_floor_spawned":[3,6,8,13,18,21,35,39,41,48],"ascension_level":0}}