{"host":"2he95iptrbxkejc1","time":1609816203,"event":{"mods":["AchievementEnabler","BaseMod","Colored Powertips","Hermit","Infinite Spire","Marisa????????","Minty Spire (QoL Compilation)","Random Character Mod","Replay The Spire","StSLib","The Cursed","The Hierophant","The Marked","The Mystic","The Poker Player","The Runesmith","The Servant 0.9.4"],"gold_per_floor":[114,133,152,8,26,26,45,45,45,79,79,91,104,134,153,194,194,292,292,308,308,324,249,249,277,294,294,294,294,321,321,69,69,95,114,114,210,210,225,225,0,19,34,68,68,94,94,94,111,126,126,126,126,126],"floor_reached":55,"playtime":4487,"items_purged":["Runesmith:Strike_RS","Runesmith:Strike_RS","Runesmith:Defend_RS"],"score":654,"play_id":"0e0b191d-4a2c-4009-9148-63d6196150f1","local_time":"20210105031003","is_ascension_mode":false,"campfire_choices":[{"data":"Runesmith:EnergizedChisel","floor":6,"key":"SMITH"},{"floor":17,"key":"REST"},{"floor":27,"key":"REST"},{"floor":31,"key":"REST"},{"data":"Runesmith:UnlimitedPower","floor":36,"key":"SMITH"},{"data":"Runesmith:PerfectChisel","floor":45,"key":"SMITH"},{"data":"Runesmith:PerfectChisel","floor":48,"key":"SMITH"},{"floor":53,"key":"REST"}],"circlet_count":0,"master_deck":["Runesmith:Strike_RS","Runesmith:Defend_RS","Runesmith:CraftFirestone","Runesmith:Fortify","Runesmith:EnergizedChisel","Runesmith:EnergizedChisel+1","Runesmith:PerfectChisel+1","Runesmith:CraftObretio","Runesmith:BackupBattery","Runesmith:RunicBlueprint","Runesmith:CraftMagma","Runesmith:PerfectChisel+1","Runesmith:UnlimitedPower+1","Runesmith:ChaoticBlast","Runesmith:Reinforce+1","infinitespire:Collect","Pot Of Greed","Pot Of Greed","Runesmith:HammerThrow","Runesmith:Firestorm","Runesmith:Firestorm","Runesmith:EarthShield","Runesmith:CraftMagma+1","Pot Of Greed","Runesmith:Grindstone+1","Runesmith:Attraction","Runesmith:Attraction","Runesmith:WhiteBalance+1"],"relics":["Runesmith:BrokenRuby","NeowsBlessing","Pet Ghost","Mercury Hourglass","Thread and Needle","Replay:PocketPolymizer","Replay:Towering Pillar of Hats","Empty Cage","Black Star","Iron Hammer","Grinning Jar","ReplayFunnel","Dream Catcher","infinitespire:Satchel","Calipers","Golden Egg","Runic Pyramid","Anchor","Red Mask","Toy Ornithopter","Orichalcum","Lizard Tail","Lantern","infinitespire:EmpoweringShard"],"acts_visited":["Exordium","TheCity","TheBeyond"],"potions_floor_usage":[14,14,18,22,25,26,34,37,49],"damage_taken":[{"damage":0,"enemies":"Cultist","floor":1,"turns":1},{"damage":0,"enemies":"2 Louse","floor":2,"turns":1},{"damage":0,"enemies":"Jaw Worm","floor":3,"turns":1},{"damage":0,"enemies":"Looter","floor":5,"turns":4},{"damage":2,"enemies":"Exordium Wildlife","floor":7,"turns":4},{"damage":4,"enemies":"Replay:BlueRogue","floor":10,"turns":8},{"damage":0,"enemies":"2 Fungi Beasts","floor":12,"turns":3},{"damage":0,"enemies":"Looter","floor":13,"turns":3},{"damage":15,"enemies":"Gremlin Nob","floor":14,"turns":4},{"damage":0,"enemies":"Blue Slaver","floor":15,"turns":3},{"damage":25,"enemies":"Slime Boss","floor":18,"turns":8},{"damage":7,"enemies":"Shell Parasite","floor":20,"turns":6},{"damage":15,"enemies":"2 Thieves","floor":22,"turns":3},{"damage":0,"enemies":"Book of Stabbing","floor":25,"turns":5},{"damage":8,"enemies":"3 Cultists","floor":26,"turns":4},{"damage":0,"enemies":"Gremlin Leader","floor":34,"turns":5},{"damage":0,"enemies":"Snecko","floor":35,"turns":4},{"damage":37,"enemies":"Collector","floor":37,"turns":10},{"damage":14,"enemies":"Orb Walker","floor":39,"turns":5},{"damage":6,"enemies":"3 Darklings","floor":42,"turns":4},{"damage":2,"enemies":"Writhing Mass","floor":43,"turns":6},{"damage":0,"enemies":"R_Hoarder","floor":44,"turns":7},{"damage":8,"enemies":"Nemesis","floor":46,"turns":7},{"damage":7,"enemies":"Jaw Worm Horde","floor":49,"turns":4},{"damage":5,"enemies":"Transient","floor":50,"turns":5},{"damage":0,"enemies":"Replay:Hell Engine","floor":54,"turns":10}],"seed_played":"-2186720757157280586","potions_obtained":[{"floor":2,"key":"Fruit Juice"},{"floor":7,"key":"SkillPotion"},{"floor":10,"key":"Toxic Potion"},{"floor":15,"key":"Strength Potion"},{"floor":18,"key":"SpeedPotion"},{"floor":20,"key":"Explosive Potion"},{"floor":26,"key":"FearPotion"},{"floor":34,"key":"Block Potion"},{"floor":42,"key":"Block Potion"},{"floor":43,"key":"Death Potion"},{"floor":46,"key":"Strength Potion"}],"is_trial":false,"path_per_floor":["M","M","M","$","M","R","M","PTL","PTL","E","T","M","M","E","M","?","R","B",null,"M","AVR","M","?","?","E","M","R","PTL","PTL","T","R","$","?","E","M","R","B",null,"M","AVR","?","M","M","E","R","E","T","R","M","M","?","?","R","B",null],"character_chosen":"RUNESMITH_CLASS","items_purchased":["Pet Ghost","Runesmith:Firestorm","infinitespire:Satchel"],"campfire_rested":4,"item_purchase_floors":[4,32,32],"current_hp_per_floor":[70,70,70,70,70,70,68,68,68,64,64,64,64,54,54,36,58,33,75,68,68,53,53,34,34,26,48,48,48,48,70,70,56,56,56,56,19,80,66,66,66,60,58,58,58,50,50,50,48,43,43,43,67,67],"gold":126,"neow_bonus":"THREE_ENEMY_KILL","is_daily":false,"chose_seed":false,"campfire_upgraded":4,"win_rate":0.0,"timestamp":1609816203,"path_taken":["M","M","M","?","M","R","M","PTL","PTL","E","T","M","M","E","?","?","R","BOSS","M","AVR","M","?","?","E","M","R","PTL","PTL","T","R","$","?","E","?","R","BOSS","M","AVR","?","M","M","E","R","E","T","R","M","M","?","?","R","BOSS"],"items_purchased_type":["Relic","Card","Relic"],"build_version":"2020-12-22","purchased_purges":3,"victory":true,"max_hp_per_floor":[70,70,70,70,70,70,70,70,70,70,70,70,70,75,75,75,75,75,75,75,75,75,75,75,75,75,75,75,75,75,75,75,80,80,80,80,80,80,80,80,80,80,80,80,80,80,80,80,80,80,80,80,80,80],"card_choices":[{"not_picked":["Runesmith:FrozenChisel","Runesmith:HeatedChisel","Runesmith:FieryHammer"],"picked":"SKIP","floor":1},{"not_picked":["Runesmith:FrozenChisel","Runesmith:PoweredAnvil"],"picked":"Runesmith:EnergizedChisel","floor":2},{"not_picked":["Runesmith:HeatExchange","Runesmith:Repurpose"],"picked":"Runesmith:EnergizedChisel","floor":3},{"not_picked":["Runesmith:EnergizedChisel","Runesmith:CraftMagma"],"picked":"Runesmith:PerfectChisel","floor":5},{"not_picked":["Runesmith:NegativeSpace","Runesmith:StaticCage"],"picked":"Runesmith:CraftObretio","floor":7},{"not_picked":["Runesmith:MakeshiftArmor","Runesmith:RuneHurl"],"picked":"Runesmith:BackupBattery","floor":10},{"not_picked":["Runesmith:Retool","Runesmith:ChiselStab"],"picked":"Runesmith:RunicBlueprint","floor":12},{"not_picked":["Runesmith:Repurpose","Runesmith:Overpower"],"picked":"Runesmith:CraftMagma","floor":13},{"not_picked":["Runesmith:RuneHurl","Runesmith:UnstableHammer","Runesmith:CraftMedicinae"],"picked":"SKIP","floor":14},{"not_picked":["Runesmith:UnstableHammer","Runesmith:MakeshiftArmor","Runesmith:Repurpose"],"picked":"SKIP","floor":15},{"not_picked":["Runesmith:CraftProtectio","Runesmith:HammerThrow"],"picked":"Runesmith:PerfectChisel","floor":16},{"not_picked":["Runesmith:DuctTape","Runesmith:Duplicate"],"picked":"Runesmith:UnlimitedPower","floor":18},{"not_picked":["Runesmith:HeatExchange+1","Runesmith:StaticCage"],"picked":"Runesmith:ChaoticBlast","floor":20},{"not_picked":["Runesmith:ElementalConversion","Runesmith:Augment"],"picked":"Runesmith:Reinforce+1","floor":22},{"not_picked":["infinitespire:SealOfDarkness+","infinitespire:TheBestDefense"],"picked":"infinitespire:Collect","floor":24},{"not_picked":["Runesmith:UnstableHammer","Runesmith:ChaoticBlast+1"],"picked":"Runesmith:CraftReservo","floor":25},{"not_picked":["Runesmith:Prism","Runesmith:ChargedHammer+1"],"picked":"Runesmith:HammerThrow","floor":26},{"not_picked":["Runesmith:Refine","Runesmith:BackupBattery"],"picked":"Runesmith:Firestorm","floor":34},{"not_picked":["Runesmith:NanitesCloud+1","Runesmith:StaticCage"],"picked":"Runesmith:EarthShield","floor":35},{"not_picked":["Runesmith:RunicBlueprint","Runesmith:MakeshiftArmor+1"],"picked":"Runesmith:CraftMagma+1","floor":39},{"not_picked":["Runesmith:HammerAndChisel","Runesmith:Electrocute"],"picked":"Runesmith:Grindstone+1","floor":42},{"not_picked":["Runesmith:BackupBattery","Runesmith:ChiselStab+1","Runesmith:Refine+1"],"picked":"SKIP","floor":43},{"not_picked":["Runesmith:EnergizedChisel","Runesmith:BackupBattery+1"],"picked":"Runesmith:Attraction","floor":44},{"not_picked":["Runesmith:Superposition","Runesmith:ChiselStab+1"],"picked":"Runesmith:Attraction","floor":46},{"not_picked":["Runesmith:StaticCage","Runesmith:HeatExchange","Runesmith:Reinforce"],"picked":"SKIP","floor":49},{"not_picked":["Runesmith:Electrocute","Runesmith:UnstableHammer+1","Runesmith:EnergizedChisel"],"picked":"SKIP","floor":50},{"not_picked":["Runesmith:Grindstone+1","Runesmith:BackupBattery"],"picked":"Runesmith:WhiteBalance+1","floor":53}],"player_experience":68127,"relics_obtained":[{"floor":10,"key":"Mercury Hourglass"},{"floor":11,"key":"Thread and Needle"},{"floor":14,"key":"Replay:PocketPolymizer"},{"floor":16,"key":"Replay:Towering Pillar of Hats"},{"floor":25,"key":"Grinning Jar"},{"floor":25,"key":"ReplayFunnel"},{"floor":30,"key":"Dream Catcher"},{"floor":34,"key":"Calipers"},{"floor":34,"key":"Golden Egg"},{"floor":44,"key":"Toy Ornithopter"},{"floor":44,"key":"Orichalcum"},{"floor":46,"key":"Lizard Tail"},{"floor":46,"key":"Lantern"},{"floor":47,"key":"infinitespire:EmpoweringShard"}],"event_choices":[{"cards_removed":["Runesmith:Defend_RS"],"damage_healed":0,"gold_gain":0,"player_choice":"Gave Gold","damage_taken":0,"max_hp_gain":0,"max_hp_loss":0,"event_name":"Beggar","floor":23,"gold_loss":75},{"damage_healed":0,"gold_gain":0,"player_choice":"Shed Blood","damage_taken":19,"max_hp_gain":5,"max_hp_loss":0,"event_name":"Forgotten Altar","floor":33,"gold_loss":0},{"damage_healed":0,"gold_gain":0,"player_choice":"Paid","damage_taken":0,"relics_obtained":["Red Mask"],"max_hp_gain":0,"max_hp_loss":0,"event_name":"Tomb of Lord Red Mask","floor":41,"gold_loss":225},{"cards_removed":["Runesmith:CraftReservo"],"damage_healed":0,"gold_gain":0,"player_choice":"Removed Skill","damage_taken":0,"max_hp_gain":0,"max_hp_loss":0,"event_name":"Falling","floor":51,"gold_loss":0},{"damage_healed":0,"gold_gain":0,"player_choice":"Memory 1","damage_taken":0,"max_hp_gain":0,"max_hp_loss":0,"event_name":"SensoryStone","floor":52,"gold_loss":0}],"is_beta":false,"boss_relics":[{"not_picked":["Fusion Hammer","Ectoplasm"],"picked":"Empty Cage"},{"not_picked":["Philosopher\u0027s Stone","Runesmith:PocketReactor"],"picked":"Runic Pyramid"}],"items_purged_floors":[21,32,40],"is_endless":false,"potions_floor_spawned":[2,7,10,15,18,20,26,34,42,43,46],"ascension_level":0}}