{"host":"j4g6ia6asvpyu2b0","time":1609878865,"event":{"mods":["BaseMod","Colored Map","Minty Spire (QoL Compilation)","Permanent Neow","Quick Restart","Relic Stats","StSLib","Unceasing Turn Reminder"],"gold_per_floor":[115,129,129,142,157,182,182,216,216,227,227,254,272,290,290,387,387,406,406,172,172,172,172,205,216,289,289,324,324,335,361,361,462,462,482,353,368,385,335,364,381,406,460,477,504,854,854,719,719,719,719,719,308,340,340],"floor_reached":56,"playtime":2481,"items_purged":["Parasite","Reprogram","Hyperbeam","Hello World"],"score":1670,"play_id":"26bfb718-4343-4703-8d92-2cae50958967","local_time":"20210105133425","is_ascension_mode":true,"campfire_choices":[{"data":"Fission","floor":7.0,"key":"SMITH"},{"data":"Storm","floor":15.0,"key":"SMITH"},{"data":"Defragment","floor":23.0,"key":"SMITH"},{"data":"Biased Cognition","floor":27.0,"key":"SMITH"},{"data":"Creative AI","floor":29.0,"key":"SMITH"},{"data":"Capacitor","floor":32,"key":"SMITH"},{"floor":47,"key":"RECALL"},{"data":"Apotheosis","floor":49,"key":"SMITH"},{"data":"Static Discharge","floor":52,"key":"SMITH"}],"circlet_count":0,"master_deck":["Zap","Dualcast","Fission+1","Defragment+1","Cold Snap","Glacier","Cold Snap","Creative AI+1","Rip and Tear","Core Surge","Sweeping Beam","Compile Driver","Hologram","Storm+1","Biased Cognition+1","Double Energy","Loop","Rainbow","Sweeping Beam","Core Surge","Capacitor+1","Reinforced Body","Creative AI","Static Discharge+1","BootSequence","Undo+1","Apotheosis+1","Loop","Cold Snap","Hello World+1","Self Repair+1","Barrage","Coolheaded+1","Heatsinks+1","Defragment+1","Storm+1","Defragment","Panache","Compile Driver","Redo","Storm+1"],"relics":["Cracked Core","Kunai","Shuriken","Emotion Chip","Bird Faced Urn","Akabeko","Runic Dome","Membership Card","Mercury Hourglass","Art of War","Eternal Feather","Calipers","PreservedInsect","Pandora\u0027s Box","InkBottle","Pantograph","Unceasing Top","Old Coin","ClockworkSouvenir","Toolbox","Toy Ornithopter","Boot"],"acts_visited":["Exordium","TheCity","TheBeyond","TheEnding"],"potions_floor_usage":[55,55,55],"damage_taken":[{"damage":3.0,"enemies":"2 Louse","floor":1.0,"turns":3.0},{"damage":2.0,"enemies":"Jaw Worm","floor":2.0,"turns":3.0},{"damage":0.0,"enemies":"Cultist","floor":4.0,"turns":4.0},{"damage":3.0,"enemies":"Looter","floor":5.0,"turns":4.0},{"damage":0.0,"enemies":"Lagavulin","floor":6.0,"turns":6.0},{"damage":12.0,"enemies":"3 Sentries","floor":8.0,"turns":11.0},{"damage":6.0,"enemies":"2 Fungi Beasts","floor":10.0,"turns":6.0},{"damage":6.0,"enemies":"Lagavulin","floor":12.0,"turns":10.0},{"damage":1.0,"enemies":"Blue Slaver","floor":13.0,"turns":4.0},{"damage":0.0,"enemies":"Exordium Wildlife","floor":14.0,"turns":3.0},{"damage":21.0,"enemies":"Slime Boss","floor":16.0,"turns":8.0},{"damage":11.0,"enemies":"2 Thieves","floor":18.0,"turns":3.0},{"damage":19.0,"enemies":"Slavers","floor":24.0,"turns":3.0},{"damage":0.0,"enemies":"Spheric Guardian","floor":25.0,"turns":3.0},{"damage":16.0,"enemies":"Gremlin Leader","floor":28.0,"turns":3.0},{"damage":13.0,"enemies":"Shelled Parasite and Fungi","floor":30.0,"turns":2.0},{"damage":37,"enemies":"Slavers","floor":31,"turns":3},{"damage":3,"enemies":"Automaton","floor":33,"turns":8},{"damage":23,"enemies":"3 Darklings","floor":35,"turns":3},{"damage":14,"enemies":"3 Shapes","floor":37,"turns":3},{"damage":18,"enemies":"Maw","floor":38,"turns":5},{"damage":19,"enemies":"Nemesis","floor":40,"turns":5},{"damage":21,"enemies":"4 Shapes","floor":41,"turns":3},{"damage":21,"enemies":"Giant Head","floor":42,"turns":6},{"damage":35,"enemies":"Transient","floor":44,"turns":5},{"damage":23,"enemies":"Nemesis","floor":45,"turns":3},{"damage":0,"enemies":"Mind Bloom Boss Battle","floor":46,"turns":4},{"damage":56,"enemies":"Time Eater","floor":50,"turns":4},{"damage":38,"enemies":"Shield and Spear","floor":54,"turns":3},{"damage":55,"enemies":"The Heart","floor":55,"turns":5}],"seed_played":"-8106494107548861909","potions_obtained":[{"floor":1.0,"key":"SteroidPotion"},{"floor":8.0,"key":"Regen Potion"},{"floor":11.0,"key":"FocusPotion"},{"floor":14.0,"key":"SteroidPotion"},{"floor":24.0,"key":"GamblersBrew"},{"floor":28.0,"key":"AttackPotion"},{"floor":31,"key":"Regen Potion"},{"floor":44,"key":"CultistPotion"}],"is_trial":false,"path_per_floor":["M","M","?","M","M","E","R","E","T","M","?","E","M","M","R","B",null,"M","?","$","?","?","R","E","M","T","R","E","R","M","E","R","B",null,"M","$","M","M","$","E","M","E","T","M","E","?","R","$","R","B",null,"R","$","E","B",null],"character_chosen":"DEFECT","items_purchased":["Membership Card","Loop","Apotheosis","Loop","ClockworkSouvenir","Defragment","Toolbox","Toy Ornithopter","Panache","Compile Driver","Redo","FocusPotion"],"campfire_rested":0,"item_purchase_floors":[20,20,36,36,48,53,53,53,53,53,53,53],"current_hp_per_floor":[65,63,45,45,42,42,42,30,30,34,34,71,72,74,74,62,72,67,53,53,53,53,53,42,52,52,64,60,75,68,39,54,75,77,57,57,51,53,53,52,39,50,50,47,50,77,77,77,77,45,69,77,77,57,33],"gold":340,"neow_bonus":"TRANSFORM_TWO_CARDS","is_daily":false,"chose_seed":false,"campfire_upgraded":8,"win_rate":0.0,"timestamp":1609878865,"path_taken":["M","M","?","M","M","E","R","E","T","M","?","E","M","M","R","BOSS","M","?","$","?","?","R","E","M","T","R","E","R","M","E","R","BOSS","M","$","M","M","$","E","M","E","T","M","E","?","R","$","R","BOSS","R","$","E","BOSS"],"items_purchased_type":["Relic","Card","Card","Card","Relic","Card","Relic","Relic","Card","Card","Card","Potion"],"build_version":"2020-12-22","purchased_purges":4,"victory":true,"max_hp_per_floor":[75,75,75,75,75,75,75,75,75,75,75,75,75,75,75,75,75,75,80,77,77,77,77,77,77,77,77,77,77,77,77,77,77,77,77,77,77,77,77,77,77,77,77,77,77,77,77,77,77,77,77,77,77,77,77],"relic_stats":{"counters":[30,134],"Eternal Feather":50,"PreservedInsect":287,"Boot":[0],"Mercury Hourglass":[293],"Emotion Chip":[111,84,22,5,0],"Shuriken":[15],"Bird Faced Urn":[277],"Pantograph":45,"Pandora\u0027s Box":["Hyperbeam","Static Discharge","Hello World","BootSequence"],"Art of War":[17],"Kunai":[15],"obtain_stats":[{"Calipers":28,"Eternal Feather":26,"PreservedInsect":31,"Boot":54,"Akabeko":12,"Mercury Hourglass":21,"Old Coin":46,"ClockworkSouvenir":48,"Runic Dome":17,"Emotion Chip":8,"Shuriken":6,"Bird Faced Urn":9,"Pantograph":42,"Toolbox":53,"Pandora\u0027s Box":34,"Art of War":24,"Kunai":3,"Membership Card":20,"Cracked Core":0,"InkBottle":40,"Unceasing Top":45,"Toy Ornithopter":53},{"Calipers":15,"Eternal Feather":14,"PreservedInsect":17,"Boot":29,"Akabeko":8,"Mercury Hourglass":12,"Old Coin":27,"ClockworkSouvenir":27,"Runic Dome":11,"Emotion Chip":6,"Shuriken":5,"Bird Faced Urn":6,"Pantograph":24,"Toolbox":28,"Pandora\u0027s Box":18,"Art of War":13,"Kunai":2,"Membership Card":12,"Cracked Core":0,"InkBottle":22,"Unceasing Top":26,"Toy Ornithopter":28},{"Calipers":74,"Eternal Feather":71,"PreservedInsect":78,"Boot":129,"Akabeko":47,"Mercury Hourglass":65,"Old Coin":122,"ClockworkSouvenir":122,"Runic Dome":62,"Emotion Chip":31,"Shuriken":20,"Bird Faced Urn":31,"Pantograph":110,"Toolbox":126,"Pandora\u0027s Box":86,"Art of War":68,"Kunai":6,"Membership Card":65,"Cracked Core":0,"InkBottle":101,"Unceasing Top":118,"Toy Ornithopter":126}],"InkBottle":[16],"Unceasing Top":[2],"Toy Ornithopter":0},"card_choices":[{"not_picked":["Scrape","Beam Cell"],"picked":"Cold Snap","floor":1.0},{"not_picked":["Compile Driver","Stack"],"picked":"Glacier","floor":2.0},{"not_picked":["Go for the Eyes","BootSequence"],"picked":"Cold Snap","floor":4.0},{"not_picked":["Auto Shields","Coolheaded"],"picked":"Creative AI","floor":5.0},{"not_picked":["Cold Snap","Barrage"],"picked":"Rip and Tear","floor":6.0},{"not_picked":["Turbo","Hologram"],"picked":"Core Surge","floor":8.0},{"not_picked":["Stack","Steam"],"picked":"Sweeping Beam","floor":10.0},{"not_picked":["Turbo","Rebound"],"picked":"Compile Driver","floor":12.0},{"not_picked":["Stack","Rebound"],"picked":"Hologram","floor":13.0},{"not_picked":["Capacitor","Chill"],"picked":"Storm","floor":14.0},{"not_picked":["Rainbow","Buffer"],"picked":"Biased Cognition","floor":16.0},{"not_picked":["Lockon","Gash"],"picked":"Double Energy","floor":18.0},{"not_picked":["Reinforced Body","Fusion","Barrage"],"picked":"SKIP","floor":24.0},{"not_picked":["Beam Cell","Gash"],"picked":"Sweeping Beam","floor":25.0},{"not_picked":["Compile Driver+1","Streamline+1"],"picked":"Core Surge","floor":28.0},{"not_picked":["Storm","Darkness"],"picked":"Capacitor","floor":30.0},{"not_picked":["Scrape","Gash"],"picked":"Reinforced Body","floor":31},{"not_picked":["Core Surge","Fission"],"picked":"Creative AI","floor":33},{"not_picked":["BootSequence+1","Sweeping Beam"],"picked":"Undo+1","floor":35},{"not_picked":["Streamline+1","Rebound"],"picked":"Cold Snap","floor":37},{"not_picked":["Streamline+1","Steam+1"],"picked":"Hello World+1","floor":38},{"not_picked":["Undo+1","Redo+1"],"picked":"Self Repair+1","floor":40},{"not_picked":["Melter+1","Aggregate+1"],"picked":"Barrage","floor":41},{"not_picked":["Scrape+1","Reinforced Body+1"],"picked":"Coolheaded+1","floor":42},{"not_picked":["Auto Shields+1","Steam"],"picked":"Heatsinks+1","floor":44},{"not_picked":["Aggregate","Loop+1"],"picked":"Defragment+1","floor":45},{"not_picked":["Sweeping Beam+1","Steam"],"picked":"Storm+1","floor":46},{"not_picked":["Conserve Battery+1","Hello World"],"picked":"Storm+1","floor":54}],"player_experience":721379,"relics_obtained":[{"floor":6.0,"key":"Shuriken"},{"floor":8.0,"key":"Emotion Chip"},{"floor":9.0,"key":"Bird Faced Urn"},{"floor":12.0,"key":"Akabeko"},{"floor":24.0,"key":"Art of War"},{"floor":26.0,"key":"Eternal Feather"},{"floor":28.0,"key":"Calipers"},{"floor":31,"key":"PreservedInsect"},{"floor":40,"key":"InkBottle"},{"floor":42,"key":"Pantograph"},{"floor":45,"key":"Unceasing Top"},{"floor":46,"key":"Old Coin"},{"floor":54,"key":"Boot"}],"event_choices":[{"damage_healed":0.0,"max_hp_gain":0.0,"max_hp_loss":0.0,"gold_gain":0.0,"event_name":"Scrap Ooze","player_choice":"Success","floor":3.0,"gold_loss":0.0,"damage_taken":18.0,"relics_obtained":["Kunai"]},{"damage_healed":0.0,"max_hp_gain":0.0,"max_hp_loss":0.0,"gold_gain":0.0,"event_name":"Lab","player_choice":"Got Potions","floor":11.0,"gold_loss":0.0,"damage_taken":0.0},{"damage_healed":0.0,"max_hp_gain":5.0,"max_hp_loss":0.0,"gold_gain":0.0,"event_name":"Forgotten Altar","player_choice":"Shed Blood","floor":19.0,"gold_loss":0.0,"damage_taken":19.0},{"damage_healed":0.0,"max_hp_gain":0.0,"max_hp_loss":0.0,"gold_gain":0.0,"event_name":"The Mausoleum","player_choice":"Opened","floor":21.0,"gold_loss":0.0,"damage_taken":0.0,"relics_obtained":["Mercury Hourglass"]},{"damage_healed":0.0,"max_hp_gain":0.0,"max_hp_loss":0.0,"gold_gain":0.0,"cards_transformed":["Strike_B","Strike_B"],"event_name":"Drug Dealer","player_choice":"Became Test Subject","floor":22.0,"gold_loss":0.0,"damage_taken":0.0,"cards_obtained":["Reprogram","Rainbow"]},{"damage_healed":0,"gold_gain":0,"player_choice":"Fight","damage_taken":0,"max_hp_gain":0,"max_hp_loss":0,"event_name":"MindBloom","floor":46,"gold_loss":0}],"is_beta":false,"boss_relics":[{"not_picked":["Fusion Hammer","Inserter"],"picked":"Runic Dome"},{"not_picked":["FrozenCore","Empty Cage"],"picked":"Pandora\u0027s Box"}],"items_purged_floors":[20,39,48,53],"is_endless":false,"potions_floor_spawned":[1,8,14,16,24,28,31,37,38,44],"ascension_level":6}}