{"host":"jyuuog6ydc2s7nd8","time":1609846877,"event":{"mods":["BaseMod","Better Vampires","Minty Spire (QoL Compilation)","Shop Mod","StSLib","The Hierophant","The Servant 0.9.4","TheBandit","[IsaacMod]ÒÔÈö¼âËþ"],"gold_per_floor":[113,10,85,85,101,101,101,129,129,129,143,143,160,160,160,160,160],"floor_reached":16,"playtime":350,"items_purged":["Strike_B"],"score":196,"play_id":"5524d8fb-35f3-4901-97e0-1d1095220d80","local_time":"20210105194117","is_ascension_mode":true,"campfire_choices":[{"data":"Coolheaded","floor":6.0,"key":"SMITH"},{"data":"Creative AI","floor":10.0,"key":"SMITH"},{"data":"Dualcast","floor":12.0,"key":"SMITH"},{"data":"Loop","floor":15.0,"key":"SMITH"}],"circlet_count":0,"master_deck":["AscendersBane","Strike_B+1","Strike_B+1","Defend_B","Defend_B","Defend_B","Defend_B","Zap","Dualcast+1","Coolheaded+1","Ball Lightning","Loop+1","Creative AI+1","Turbo"],"relics":["Cracked Core","HushsDoor","MoneyPower","DoctorsRemote","Strawberry","Whetstone","Letter Opener"],"acts_visited":["Exordium"],"potions_floor_usage":[16],"damage_taken":[{"damage":2.0,"enemies":"2 Louse","floor":1.0,"turns":3.0},{"damage":5.0,"enemies":"Jaw Worm","floor":5.0,"turns":3.0},{"damage":7.0,"enemies":"3 Sentries","floor":8.0,"turns":5.0},{"damage":0.0,"enemies":"Small Slimes","floor":11.0,"turns":3.0},{"damage":0.0,"enemies":"Gremlin Gang","floor":13.0,"turns":1.0},{"damage":3,"enemies":"Hexaghost","floor":16,"turns":7}],"seed_played":"-7372012741772282835","potions_obtained":[{"floor":5.0,"key":"Strength Potion"},{"floor":8.0,"key":"Block Potion"},{"floor":13.0,"key":"Strength Potion"}],"is_trial":false,"path_per_floor":["M","$","?","?","M","R","?","E","T","R","M","R","M","?","R","B"],"character_chosen":"DEFECT","items_purchased":["Ball Lightning"],"campfire_rested":0,"item_purchase_floors":[2],"current_hp_per_floor":[44,44,33,14,9,9,9,2,2,2,2,2,2,2,2,0,0],"gold":160,"neow_bonus":"ONE_RARE_RELIC","is_daily":false,"chose_seed":false,"campfire_upgraded":4,"win_rate":0.0,"timestamp":1609846877,"path_taken":["M","$","?","?","M","R","?","E","T","R","M","R","M","?","R","BOSS"],"items_purchased_type":["Card"],"build_version":"2020-12-22","purchased_purges":1,"victory":false,"max_hp_per_floor":[71,71,71,78,78,78,78,78,78,78,78,78,78,78,78,78,78],"card_choices":[{"not_picked":["Capacitor","Loop"],"picked":"Coolheaded","floor":1.0},{"not_picked":["Sweeping Beam","Turbo"],"picked":"Bomb","floor":5.0},{"not_picked":["Conserve Battery","Reprogram"],"picked":"Creative AI","floor":8.0},{"not_picked":["Loop","Barrage","Steam"],"picked":"SKIP","floor":11.0},{"not_picked":["Melter","Gash"],"picked":"Turbo","floor":13.0}],"player_experience":1801907,"relics_obtained":[{"floor":8.0,"key":"Whetstone"},{"floor":9.0,"key":"Letter Opener"}],"event_choices":[{"damage_healed":0.0,"max_hp_gain":0.0,"max_hp_loss":0.0,"gold_gain":75.0,"event_name":"World of Goop","player_choice":"Gather Gold","floor":3.0,"gold_loss":0.0,"damage_taken":11.0},{"damage_healed":0.0,"max_hp_gain":0.0,"max_hp_loss":0.0,"gold_gain":0.0,"event_name":"Scrap Ooze","player_choice":"Success","floor":4.0,"gold_loss":0.0,"damage_taken":26.0,"relics_obtained":["Strawberry"]},{"damage_healed":0.0,"max_hp_gain":0.0,"max_hp_loss":0.0,"gold_gain":0.0,"cards_transformed":["Strike_B"],"event_name":"Transmorgrifier","player_choice":"Transformed","floor":7.0,"gold_loss":0.0,"damage_taken":0.0,"cards_obtained":["Loop"]},{"damage_healed":0.0,"max_hp_gain":0.0,"max_hp_loss":0.0,"gold_gain":0.0,"event_name":"Liars Game","player_choice":"Ignored","floor":14.0,"gold_loss":0.0,"damage_taken":0.0}],"is_beta":false,"boss_relics":[],"items_purged_floors":[2],"is_endless":false,"potions_floor_spawned":[5,8,13],"killed_by":"Hexaghost","ascension_level":20}}