{"host":"gzsdmyo07u314vug","time":1609873161,"event":{"mods":["2.2 Compatiblity","BaseMod","Downfall","GifTheSpireLib","Minty Spire (QoL Compilation)","Quick Restart","Rare Cards Sparkle","Relic Stats","Replay The Spire","Shop Mod","StSLib","The Bug Knight","The Construct","The Elementalist","The IronCluck","The Servant 0.9.4","Unceasing Turn Reminder","everything is the same but u backflip on backflip","slay the spire mod where everything is the same but ironclad has a cowboy hat","vexMod"],"gold_per_floor":[116,0,0,0,18,18,18,18,18,18,31,31,60,77,77,77,77],"floor_reached":16,"playtime":673,"items_purged":[],"score":196,"play_id":"9be744cc-80dd-4916-a4ab-22812ec9b25b","local_time":"20210105155921","is_ascension_mode":true,"campfire_choices":[{"data":"Replay:Poison Smokescreen","floor":6.0,"key":"SMITH"},{"data":"Neutralize","floor":8.0,"key":"SMITH"},{"data":"Survivor","floor":10.0,"key":"SMITH"},{"data":"Acrobatics","floor":15.0,"key":"SMITH"}],"circlet_count":0,"master_deck":["AscendersBane","Strike_G","Strike_G+1","Strike_G","Strike_G+1","Strike_G","Defend_G","Defend_G","Defend_G","Defend_G","Defend_G","Survivor+1","Neutralize+1","Replay:Poison Smokescreen+1","After Image+1","Deflect","ReplayTheSpireMod:Scrap Shanks","Acrobatics+1","Tactician"],"relics":["Ring of the Snake","NeowsBlessing","Pen Nib","vexMod:BerryBomb","Whetstone","Replay:Bottled Steam"],"acts_visited":["Exordium"],"potions_floor_usage":[16,16],"damage_taken":[{"damage":0.0,"enemies":"2 Louse","floor":1.0,"turns":1.0},{"damage":0.0,"enemies":"Small Slimes","floor":5.0,"turns":1.0},{"damage":0.0,"enemies":"Cultist","floor":11.0,"turns":1.0},{"damage":14.0,"enemies":"Lagavulin","floor":13.0,"turns":9.0},{"damage":7.0,"enemies":"Red Slaver","floor":14.0,"turns":4.0},{"damage":29,"enemies":"Fading Forest","floor":16,"turns":12}],"seed_played":"8495848144304672130","potions_obtained":[{"floor":1.0,"key":"DuplicationPotion"},{"floor":13.0,"key":"Toxic Potion"},{"floor":14.0,"key":"Explosive Potion"}],"is_trial":false,"path_per_floor":["M","$","?","?","M","R","?","R","T","R","M","T","E","M","R","B"],"character_chosen":"THE_SILENT","items_purchased":["After Image+1"],"campfire_rested":0,"item_purchase_floors":[2],"current_hp_per_floor":[59,59,59,59,59,59,54,54,60,60,60,60,46,39,39,18,18],"gold":77,"neow_bonus":"THREE_ENEMY_KILL","is_daily":false,"chose_seed":false,"campfire_upgraded":4,"win_rate":0.0,"timestamp":1609873161,"path_taken":["M","$","?","?","M","R","?","R","T","R","M","?","E","?","R","BOSS"],"items_purchased_type":["Card"],"build_version":"2020-12-22","purchased_purges":0,"victory":false,"max_hp_per_floor":[66,66,66,66,66,66,66,66,72,72,72,72,72,72,72,72,72],"relic_stats":{"counters":[6,28],"Pen Nib":[4],"Whetstone":["Strike_G","Strike_G"],"obtain_stats":[{"NeowsBlessing":0,"vexMod:BerryBomb":9,"Pen Nib":7,"Whetstone":12,"Ring of the Snake":0,"Replay:Bottled Steam":13},{"NeowsBlessing":0,"vexMod:BerryBomb":2,"Pen Nib":2,"Whetstone":3,"Ring of the Snake":0,"Replay:Bottled Steam":4},{"NeowsBlessing":0,"vexMod:BerryBomb":2,"Pen Nib":2,"Whetstone":3,"Ring of the Snake":0,"Replay:Bottled Steam":12}],"Ring of the Snake":[12]},"card_choices":[{"not_picked":["Prepared","Expertise"],"picked":"Replay:Poison Smokescreen","floor":1.0},{"not_picked":["Expertise","Flying Knee"],"picked":"Deflect","floor":5.0},{"not_picked":["Eviscerate","ReplayTheSpireMod:The Works"],"picked":"ReplayTheSpireMod:Scrap Shanks","floor":11.0},{"not_picked":["Choke","Replay:Poison Smokescreen"],"picked":"Acrobatics","floor":13.0},{"not_picked":["Hidden Blade","Predator"],"picked":"Tactician","floor":14.0}],"player_experience":655089,"relics_obtained":[{"floor":9.0,"key":"vexMod:BerryBomb"},{"floor":12.0,"key":"Whetstone"},{"floor":13.0,"key":"Replay:Bottled Steam"}],"event_choices":[{"damage_healed":0.0,"max_hp_gain":0.0,"max_hp_loss":0.0,"gold_gain":0.0,"event_name":"Scrap Ooze","player_choice":"Success","floor":7.0,"gold_loss":0.0,"damage_taken":5.0,"relics_obtained":["Pen Nib"]}],"is_beta":false,"boss_relics":[],"items_purged_floors":[],"is_endless":false,"potions_floor_spawned":[1,13,14],"killed_by":"Fading Forest","ascension_level":20}}