{"host":"emut9mh212kd9b86","time":1609839006,"event":{"mods":["ATMod(°¢èªMod)","Act Like it!","BaseMod","Better Vampires","Gensokyo","KomeijiMod","Minty Spire (QoL Compilation)","MostiFishMod","Shop Mod","Spicy Shops","StSLib","TestMod","noobMod","¡¾ÒÅÎï¿¨ÅÆ¡¿REMEMod"],"gold_per_floor":[180,10,30,44,54,108,108,131,157,243,281,333,376,376,376,479,479,519,558,595,595,694,782,782,898,898,1078,1170,1259,739,783,783,983,-417,-329,-329,-239,-239,-194,-144,-74,33,33,33,149,207,207,243,243,368],"floor_reached":51,"playtime":2245,"items_purged":["DoubleEdge"],"score":1449,"play_id":"1d8b0ab6-17e2-4679-a3fe-f1b18fc11665","local_time":"20210105173006","is_ascension_mode":true,"campfire_choices":[{"data":"Warpath","floor":15,"key":"SMITH"},{"data":"FateSonata","floor":24,"key":"SMITH"},{"data":"VampireClaw","floor":32,"key":"SMITH"},{"data":"DoubleEdge","floor":47,"key":"SMITH"},{"data":"Feint","floor":49,"key":"SMITH"}],"circlet_count":0,"master_deck":["Strike_Remiria","Strike_Remiria","Strike_Remiria","Defend_Remirira","Defend_Remirira","Defend_Remirira","Defend_Remirira","Absorbed","Scratch+1","Venomology+1","Feint","Warpath+1","FateSonata+1","RocketKickup","Feint+1","DoubleEdge+1","Feint+1","VampireClaw+1","VampireKiss_Remiria","VampireKiss_Remiria+1","Feint+1","FastHealing+1","RocketKickup"],"relics":["ThirstyCrossSpe","testmod-TestBox","ice","DaveBox","AT_ATBox","REME_ComplimentaryCards","testmod-Alchemist","SentryEyes","SynthV:TestCard","MealTicket","AT_MibuBalloonWealth","Regal Pillow","PreservedInsect","testmod-AssaultLearning","Prayer Wheel","Ancient Tea Set","testmod-CardMagician","Gensokyo:SongOfSouls","Dream Catcher","testmod-RealStoneCalender","Anchor","Pocketwatch","MerchantsRug","Chemical X","AT_ChloranthyRing","TheAbacus","SynthV:MejaisSoulstealer","Akabeko","Smiling Mask","AT_GuinsooRageblade","SynthV:C4"],"acts_visited":["Exordium","Gensokyo:Gensokyo","Gensokyo:Gensokyoer"],"potions_floor_usage":[5,5,6,12,16,20,20,22,23,27,29,33,46,48,50,50],"damage_taken":[{"damage":0,"enemies":"Gensokyo:Python","floor":1,"turns":2},{"damage":0,"enemies":"Gensokyo:2_Kodama","floor":3,"turns":2},{"damage":0,"enemies":"Gensokyo:Gryphon","floor":4,"turns":2},{"damage":0,"enemies":"Gensokyo:LivingMonolith","floor":5,"turns":2},{"damage":33,"enemies":"Gensokyo:Aya","floor":6,"turns":4},{"damage":4,"enemies":"Gensokyo:3_Kodama","floor":10,"turns":2},{"damage":0,"enemies":"Gensokyo:VengefulSpirit","floor":11,"turns":2},{"damage":7,"enemies":"Gensokyo:Mamizou","floor":12,"turns":4},{"damage":1,"enemies":"Gensokyo:Kitsune","floor":13,"turns":2},{"damage":45,"enemies":"Gensokyo:Kokoro","floor":16,"turns":7},{"damage":7,"enemies":"Gensokyo:CosmicMonolith","floor":18,"turns":2},{"damage":9,"enemies":"Gensokyo:AngelMirror","floor":19,"turns":3},{"damage":9,"enemies":"Gensokyo:Swordslinger","floor":20,"turns":3},{"damage":14,"enemies":"Gensokyo:Chomper_and_Gloop","floor":22,"turns":3},{"damage":32,"enemies":"Gensokyo:Tenshi","floor":23,"turns":3},{"damage":2,"enemies":"Gensokyo:3_Gloops","floor":25,"turns":3},{"damage":0,"enemies":"Gensokyo:Reisen","floor":27,"turns":3},{"damage":4,"enemies":"Gensokyo:Monolith_and_Dog","floor":28,"turns":3},{"damage":22,"enemies":"Gensokyo:Tenshi","floor":29,"turns":3},{"damage":18,"enemies":"Gensokyo:Wraith","floor":31,"turns":3},{"damage":29,"enemies":"Gensokyo:Kaguya","floor":33,"turns":6},{"damage":19,"enemies":"Gensokyo:3_Boulders","floor":35,"turns":3},{"damage":0,"enemies":"Gensokyo:3_Bats","floor":37,"turns":2},{"damage":23,"enemies":"Gensokyo:Rafflesia","floor":39,"turns":5},{"damage":24,"enemies":"Gensokyo:Marisa","floor":40,"turns":3},{"damage":0,"enemies":"Gensokyo:Dusk_and_Dawn","floor":41,"turns":3},{"damage":43,"enemies":"Gensokyo:Kasen","floor":42,"turns":4},{"damage":1,"enemies":"Gensokyo:4_Bats","floor":45,"turns":2},{"damage":26,"enemies":"Gensokyo:Doremy","floor":46,"turns":3},{"damage":0,"enemies":"Gensokyo:Sharpion","floor":48,"turns":2},{"damage":6,"enemies":"Gensokyo:Yuyuko","floor":50,"turns":4}],"seed_played":"6321993938465153695","potions_obtained":[{"floor":3,"key":"Dexterity Potion"},{"floor":6,"key":"DuplicationPotion"},{"floor":20,"key":"REME_GoldPotion"},{"floor":22,"key":"FearPotion"},{"floor":37,"key":"DuplicationPotion"}],"is_trial":false,"path_per_floor":["M","COS","M","M","M","E","?","T","T","M","M","E","M","?","R","B",null,"M","M","M","?","M","E","R","M","T","E","M","E","$","M","R","B",null,"M","?","M","?","M","E","M","E","T","?","M","E","R","M","R","B",null],"character_chosen":"RemiriaScarlet","items_purchased":["MerchantsRug","Chemical X","AT_ChloranthyRing","TheAbacus"],"campfire_rested":0,"item_purchase_floors":[30,30,30,30],"current_hp_per_floor":[90,90,90,90,90,57,57,57,57,53,53,46,45,45,45,4,76,69,60,51,51,42,12,12,10,10,10,98,76,91,79,79,57,101,82,82,88,88,69,51,55,18,18,18,23,143,143,143,143,143],"gold":368,"neow_bonus":"UPGRADE_CARD","is_daily":false,"chose_seed":false,"campfire_upgraded":5,"win_rate":0.0,"timestamp":1609839006,"path_taken":["M","COS","M","M","?","E","?","?","T","M","M","E","M","?","R","BOSS","M","M","?","?","M","E","R","?","T","E","M","E","?","M","R","BOSS","M","?","?","?","M","E","?","E","T","?","?","E","R","M","R","BOSS"],"items_purchased_type":["Relic","Relic","Relic","Relic"],"build_version":"2020-12-22","purchased_purges":1,"victory":true,"max_hp_per_floor":[100,100,100,100,100,100,100,100,100,100,100,100,100,100,100,100,100,100,100,100,100,100,100,100,100,100,100,100,103,103,111,111,116,116,119,119,121,121,124,131,133,139,139,139,141,143,143,144,144,145],"card_choices":[{"not_picked":["DemonsDinnerFork_Remiria","ThirstForBlood","BathedInBlood"],"picked":"SKIP","floor":1},{"not_picked":["RocketKickup","StigmaNizer","DemonsDinnerFork_Remiria","NaturallyHealing","BloodySuit"],"picked":"SKIP","floor":3},{"not_picked":["DemonsDinnerFork_Remiria","DemonLordWalk","DoubleEdge","ScarletNetherworld","BloodCleaner"],"picked":"SKIP","floor":4},{"not_picked":["ChainGang","Culling","ThePrice","DamonLordCradle_Remiria","BloodSurge"],"picked":"SKIP","floor":5},{"not_picked":["Warpath","FitfulNightmare","FierceSweep","Feint","TricksterDevil"],"picked":"SKIP","floor":6},{"not_picked":["RocketKickup","ScarletNetherworld","DemonsDinnerFork_Remiria","FateMeister","BloodCollect"],"picked":"SKIP","floor":10},{"not_picked":["DemonsDinnerFork_Remiria","StigmaNizer","BloodyMagicSquare","CruelSlaughter","Culling"],"picked":"SKIP","floor":10},{"not_picked":["PainBurst","DemonsDinnerFork_Remiria","StigmaNizer","Rewrite"],"picked":"Feint","floor":11},{"not_picked":["DamonLordCradle_Remiria","FierceSweep","TricksterDevil","CombatMeter","RedMagic"],"picked":"SKIP","floor":11},{"not_picked":["BloodCleaner","PartStrengthen","VampirishNight","DemonsDinnerFork_Remiria","Tearing"],"picked":"SKIP","floor":12},{"not_picked":["BloodCollect","BodyStrengthen","Warpath","FierceSweep"],"picked":"DoubleEdge","floor":13},{"not_picked":["SealingFear","FastHealing","FierceSweep","SeparateFleshBlood"],"picked":"Warpath","floor":13},{"not_picked":["QueenOfMidnight","MiserableFate_Remiria","BadLadyScramble","FitfulNightmare"],"picked":"FateSonata","floor":16},{"not_picked":["CombatMeter","BloodSurge","ServantFlier","FierceSweep","Culling"],"picked":"SKIP","floor":18},{"not_picked":["ThirstForBlood","CruelSlaughter","ServantFlier","StigmaNizer","BloodCollect"],"picked":"SKIP","floor":18},{"not_picked":["Tepes","TricksterDevil+1","Paradox","FateEnsemble"],"picked":"RocketKickup","floor":19},{"not_picked":["FierceSweep","LifeBreak","Exsanguinate","BodyStrengthen","DemonLordWalk"],"picked":"SKIP","floor":19},{"not_picked":["BodyStrengthen","PartStrengthen","Tepes+1","BombardNight"],"picked":"Feint+1","floor":20},{"not_picked":["DamonLordCradle_Remiria","Cripple","BloodSurge","BloodySuit"],"picked":"DoubleEdge","floor":20},{"not_picked":["Tearing","HeartBreak_Remiria","Rewrite+1","BloodSurge","TricksterDevil"],"picked":"SKIP","floor":22},{"not_picked":["Cripple","Warpath+1","DemonLordWalk","BloodCollect","FateConcerto"],"picked":"SKIP","floor":22},{"not_picked":["BloodCleaner","TrickFate+1","Warpath","FastHealing+1","BloodySuit"],"picked":"SKIP","floor":23},{"not_picked":["BloodPact","FastHealing","BodyStrengthen","BloodCleaner"],"picked":"Feint","floor":25},{"not_picked":["TricksterDevil","Paradox","FateMeister","YoungDemonLord","BloodSurge+1"],"picked":"SKIP","floor":25},{"not_picked":["FateEnsemble","Paradox","Tepes+1","QueenOfMidnight","FastHealing"],"picked":"SKIP","floor":27},{"not_picked":["Warpath","TricksterDevil","Cripple","BloodySuit"],"picked":"VampireClaw","floor":28},{"not_picked":["ScarletNetherworld","FierceSweep","DemonLordWalk","YoungDemonLord"],"picked":"VampireKiss_Remiria","floor":28},{"not_picked":["Offensive","BloodySuit","FateEnsemble","BloodCleaner+1","ThePrice+1"],"picked":"SKIP","floor":29},{"not_picked":["FierceSweep","BloodCollect","BloodCleaner","BodyStrengthen"],"picked":"VampireKiss_Remiria+1","floor":31},{"not_picked":["FastHealing","FierceSweep","RemiliaStalker","Warpath","ServantFlier"],"picked":"SKIP","floor":31},{"not_picked":["ThePrice","Cripple","BodyStrengthen","FateEnsemble+1"],"picked":"Feint+1","floor":35},{"not_picked":["BodyStrengthen","Cripple+1","FierceSweep","BloodCollect"],"picked":"FastHealing+1","floor":35},{"not_picked":["Warpath","YoungDemonLord","FierceSweep","StigmaNizer"],"picked":"RocketKickup","floor":37},{"not_picked":["SeparateFleshBlood","BloodCollect","FateCollect","BadLadyScramble","BloodySuit"],"picked":"SKIP","floor":37},{"not_picked":["BloodySuit","FierceSweep","Feint","StigmaNizer+1","CombatMeter"],"picked":"SKIP","floor":39},{"not_picked":["BodyStrengthen","RocketKickup","Warpath","DoubleEdge","BloodSurge"],"picked":"SKIP","floor":39},{"not_picked":["DamonLordCradle_Remiria+1","RedtheNightlessCastle","FastHealing","BodyStrengthen","StarOfDavid"],"picked":"SKIP","floor":40},{"not_picked":["PartStrengthen","FierceSweep","ScarletNetherworld+1","RocketKickup","BloodCollect"],"picked":"SKIP","floor":41},{"not_picked":["TricksterDevil+1","Tearing","FateMeister+1","RocketKickup","BloodCoagulation"],"picked":"SKIP","floor":41},{"not_picked":["Tearing","Reaper_Remiria","RocketKickup","BloodCleaner","ScarletNetherworld"],"picked":"SKIP","floor":42},{"not_picked":["CruelSlaughter+1","Tearing+1","FastHealing","Exsanguinate","ChainGang+1"],"picked":"SKIP","floor":45},{"not_picked":["RemiliaStalker","Feint","Warpath","FierceSweep","ScarletNetherworld+1"],"picked":"SKIP","floor":45},{"not_picked":["ServantFlier","Cripple+1","ScarletNetherworld","Feint+1","DemonsDinnerFork_Remiria"],"picked":"SKIP","floor":46},{"not_picked":["DemonsDinnerFork_Remiria","ServantFlier","CombatMeter","QueenOfMidnight","StigmaNizer"],"picked":"SKIP","floor":48},{"not_picked":["ChainGang","FierceSweep","BloodyMagicSquare+1","Paradox","ServantFlier+1"],"picked":"SKIP","floor":48}],"player_experience":383203,"relics_obtained":[{"floor":1,"key":"SynthV:TestCard"},{"floor":6,"key":"Regal Pillow"},{"floor":8,"key":"PreservedInsect"},{"floor":9,"key":"testmod-AssaultLearning"},{"floor":12,"key":"Ancient Tea Set"},{"floor":23,"key":"Dream Catcher"},{"floor":26,"key":"testmod-RealStoneCalender"},{"floor":27,"key":"Anchor"},{"floor":29,"key":"Pocketwatch"},{"floor":40,"key":"Akabeko"},{"floor":42,"key":"Smiling Mask"},{"floor":43,"key":"AT_GuinsooRageblade"},{"floor":46,"key":"SynthV:C4"}],"event_choices":[],"is_beta":false,"boss_relics":[{"not_picked":["Busted Crown","testmod-HarvestTotem"],"picked":"testmod-CardMagician"},{"not_picked":["NightmareShop","REME_ChargedStone"],"picked":"SynthV:MejaisSoulstealer"}],"items_purged_floors":[30],"is_endless":false,"potions_floor_spawned":[3,4,6,12,16,18,20,22,25,27,37,39,40,42,45],"ascension_level":14}}