{"host":"1fn5ivlym87f4xjq","time":1609849682,"event":{"mods":["BaseMod","BetterRewards","Colored Powertips","Minty Spire (QoL Compilation)","Shop Mod","StSLib","The Animator","The Exalted","The Forsaken","The Hierophant"],"gold_per_floor":[119,157,221,116,133,133,133,171,171,76,119,143,166,201,201,329,329,352,352,352,387,410,414,414],"floor_reached":23,"playtime":2999,"items_purged":[],"score":203,"play_id":"f705662c-9531-4bb6-a48f-ce0cae879784","local_time":"20210105132802","is_ascension_mode":false,"campfire_choices":[{"floor":6,"key":"RECALL"},{"data":"animator:MetalKnight","floor":15,"key":"SMITH"}],"circlet_count":0,"master_deck":["animator:Strike_NoGameNoLife","animator:Defend_NoGameNoLife","animator:DolaSchwi","animator:DolaCouronne+1","animator:Melzalgald","animator:Chris","animator:Jibril","animator:Darkness","animator:Aqua+1","animator:IzunaHatsuse","animator:Strike_MadokaMagica","animator:Strike_GATE","animator:Strike_Elsword","animator:Defend_Katanagatari","animator:Defend_GATE","animator:Defend_Kancolle","animator:Rimuru","animator:MetalKnight+1","animator:GuildGirl","animator:DolaSchwi","animator:Boros","animator:Millim+1","theForsaken:PlagueCurse","animator:Albedo","animator:DolaStephanie","animator:PandorasActor"],"relics":["animator:LivingPicture","animator:TheMissingPiece","animator:PurgingStone","Bromod:ArcaneConsequence","Matryoshka","Black Star","theForsaken:PlagueMask"],"acts_visited":["Exordium","TheCity"],"potions_floor_usage":[8,22],"damage_taken":[{"damage":10,"enemies":"Small Slimes","floor":1,"turns":3},{"damage":0,"enemies":"2 Louse","floor":2,"turns":4},{"damage":2,"enemies":"Jaw Worm","floor":5,"turns":5},{"damage":29,"enemies":"Gremlin Nob","floor":8,"turns":5},{"damage":16,"enemies":"Lagavulin","floor":11,"turns":5},{"damage":8,"enemies":"Lots of Slimes","floor":12,"turns":4},{"damage":0,"enemies":"3 Louse","floor":13,"turns":4},{"damage":2,"enemies":"Large Slime","floor":14,"turns":7},{"damage":5,"enemies":"Hexaghost","floor":16,"turns":10},{"damage":13,"enemies":"Chosen","floor":18,"turns":6},{"damage":38,"enemies":"Spheric Guardian","floor":21,"turns":7},{"damage":31,"enemies":"Snecko","floor":22,"turns":7},{"damage":27,"enemies":"Book of Stabbing","floor":23,"turns":3}],"seed_played":"-3889939427391308024","potions_obtained":[{"floor":5,"key":"CultistPotion"},{"floor":8,"key":"FairyPotion"},{"floor":16,"key":"AttackPotion"}],"is_trial":false,"path_per_floor":["M","M","?","$","M","R","?","E","T","?","E","M","M","M","R","B",null,"M","?","?","M","M","E"],"character_chosen":"THE_ANIMATOR","items_purchased":["animator:Darkness","animator:Aqua"],"campfire_rested":0,"item_purchase_floors":[4,4],"current_hp_per_floor":[56,56,56,56,57,57,44,18,18,18,17,16,23,24,24,25,67,56,56,56,21,19,0,0],"gold":414,"neow_bonus":"THREE_CARDS","is_daily":false,"chose_seed":false,"campfire_upgraded":1,"win_rate":0.0,"timestamp":1609849682,"path_taken":["M","M","?","$","M","R","?","E","T","?","E","?","?","M","R","BOSS","M","?","?","?","M","E"],"items_purchased_type":["Card","Card"],"build_version":"2020-12-22","purchased_purges":0,"victory":false,"max_hp_per_floor":[66,66,66,66,67,67,67,67,67,67,67,67,67,67,67,67,67,67,67,67,67,67,67,67],"card_choices":[{"not_picked":["animator:Alexander","animator:Demiurge"],"picked":"animator:Melzalgald","floor":0},{"not_picked":["animator:ZankiKiguchi","animator:RinTohsaka"],"picked":"animator:Chris","floor":1},{"not_picked":["animator:Demiurge","animator:MumenRider"],"picked":"animator:Jibril","floor":2},{"not_picked":["animator:Millim","animator:Kazuma"],"picked":"animator:IzunaHatsuse","floor":5},{"not_picked":["animator:DolaCouronne","animator:DolaRiku"],"picked":"animator:IzunaHatsuse","floor":8},{"not_picked":["animator:Assassin","animator:SakuraMatou"],"picked":"animator:Rimuru","floor":11},{"not_picked":["animator:Mitsurugi","animator:Spearman"],"picked":"animator:MetalKnight","floor":12},{"not_picked":["animator:MumenRider","animator:Genos"],"picked":"animator:GuildGirl","floor":13},{"not_picked":["animator:DolaStephanie","animator:DolaCouronne"],"picked":"animator:DolaSchwi","floor":14},{"not_picked":["animator:Biyorigo","animator:MadokaKaname"],"picked":"animator:Boros","floor":16},{"not_picked":["animator:Vesta+1","animator:Hakurou"],"picked":"animator:Millim+1","floor":18},{"not_picked":["animator:YachiyoNanami+1","animator:Chris+1"],"picked":"animator:DolaStephanie","floor":21},{"not_picked":["animator:Tatsumaki","animator:Darkness+1"],"picked":"animator:PandorasActor","floor":22}],"player_experience":95697,"relics_obtained":[{"floor":8,"key":"Bromod:ArcaneConsequence"},{"floor":11,"key":"Matryoshka"}],"event_choices":[{"damage_healed":0,"gold_gain":64,"player_choice":"Gained Gold","damage_taken":0,"max_hp_gain":0,"max_hp_loss":0,"event_name":"Golden Wing","floor":3,"gold_loss":0},{"damage_healed":0,"gold_gain":0,"player_choice":"Entered Light","damage_taken":13,"max_hp_gain":0,"max_hp_loss":0,"event_name":"Shining Light","floor":7,"gold_loss":0,"cards_upgraded":["animator:DolaCouronne","animator:Aqua"]},{"damage_healed":0,"gold_gain":0,"player_choice":"Obtain Plague Curse","damage_taken":0,"max_hp_gain":0,"max_hp_loss":0,"event_name":"Plague Doctor","floor":19,"gold_loss":0,"cards_obtained":["theForsaken:PlagueCurse"]},{"damage_healed":0,"gold_gain":0,"cards_transformed":["animator:IzunaHatsuse"],"player_choice":"Transformed","damage_taken":0,"max_hp_gain":0,"max_hp_loss":0,"event_name":"Transmorgrifier","floor":20,"gold_loss":0,"cards_obtained":["animator:Albedo"]}],"is_beta":false,"boss_relics":[{"not_picked":["Runic Dome","Bromod:ArcaneEnergize"],"picked":"Black Star"}],"items_purged_floors":[],"is_endless":false,"potions_floor_spawned":[5,8,16],"killed_by":"Book of Stabbing","ascension_level":0}}