{"host":"cmyud3of70k6t1eo","time":1609809410,"event":{"mods":["BaseMod","Clawfect","Colored Map","Conspire","Disable Question Mark Monsters","Energized Spire","Evolution","GungeonMod","Hyrulean Relics","Infinite Spire","Minty Spire (QoL Compilation)","Quick Restart","SCP261 Mod","Shop Mod","StSLib","UnlockEverythingMod"],"gold_per_floor":[119,69,89,22,39,50,50,70,70,95,112,112,112,112,112,211,211,230,230,230,244,254,254,254],"floor_reached":23,"playtime":969,"items_purged":[],"score":218,"play_id":"5f3bd1e2-c816-452e-a3dd-151f512acf18","local_time":"20210104201650","is_ascension_mode":false,"campfire_choices":[{"floor":7,"key":"REST"},{"floor":13,"key":"REST"},{"data":"Gash","floor":15,"key":"SMITH"}],"circlet_count":0,"master_deck":["Gash+1","Gash","Gash","Gash","Gash","Conserve Battery","Defend_B","Defend_B","Defend_B","FTL","Clawfect:ClawForTheEyes","Stack","Clawfect:ClawAndGloom","BootSequence","Clawfect:ClawSnap","Clawfect:ClawingBeam","Clawfect:ClawSnap","Clawfect:ClawpileDriver","Electrodynamics","Clawfect:ClawForTheEyes","BootSequence","Clawfect:ClawSnap","Gash"],"relics":["EVO:Axolotl","conspire:SeveredTorchhead","Potion Belt","Nunchaku","infinitespire:Cupcake","MutagenicStrength"],"acts_visited":["Exordium","TheCity"],"potions_floor_usage":[10,10],"damage_taken":[{"damage":4,"enemies":"Jaw Worm","floor":1,"turns":4},{"damage":13,"enemies":"Small Slimes","floor":3,"turns":4},{"damage":6,"enemies":"Cultist","floor":5,"turns":4},{"damage":0,"enemies":"2 Fungi Beasts","floor":6,"turns":4},{"damage":0,"enemies":"Exordium Wildlife","floor":8,"turns":4},{"damage":7,"enemies":"Lagavulin","floor":10,"turns":6},{"damage":6,"enemies":"Lots of Slimes","floor":11,"turns":4},{"damage":10,"enemies":"Slime Boss","floor":16,"turns":5},{"damage":44,"enemies":"conspire:FuzzyDice","floor":18,"turns":5},{"damage":4,"enemies":"2 Thieves","floor":21,"turns":4},{"damage":3,"enemies":"Chosen and Byrds","floor":22,"turns":5},{"damage":32,"enemies":"Snecko","floor":23,"turns":5}],"seed_played":"5627627453219868093","potions_obtained":[{"floor":3,"key":"DemoMod:LeadSkinPotion"},{"floor":8,"key":"PowerPotion"},{"floor":18,"key":"PowerPotion"},{"floor":22,"key":"Dexterity Potion"}],"is_trial":false,"path_per_floor":["M","$","M","$","M","M","R","M","T","E","M","?","R","?","R","B",null,"M","?","?","M","M","M"],"character_chosen":"DEFECT","items_purchased":["Clawfect:ClawForTheEyes","Clawfect:ClawAndGloom"],"campfire_rested":2,"item_purchase_floors":[2,4],"current_hp_per_floor":[71,71,58,58,52,52,74,74,74,67,61,66,80,80,80,70,80,36,36,36,32,29,0,0],"gold":254,"neow_bonus":"BOSS_RELIC","is_daily":false,"chose_seed":false,"campfire_upgraded":1,"win_rate":0.0,"timestamp":1609809410,"path_taken":["M","$","M","$","M","M","R","M","T","E","M","?","R","?","R","BOSS","M","?","?","M","?","M"],"items_purchased_type":["Card","Card"],"build_version":"2020-12-22","purchased_purges":0,"victory":false,"max_hp_per_floor":[75,75,75,75,75,75,75,75,75,75,75,80,80,80,80,80,80,80,80,80,80,80,80,80],"card_choices":[{"not_picked":["Rebound","Redo"],"picked":"FTL","floor":1},{"not_picked":["Clawfect:Clawrage","Chaos"],"picked":"Stack","floor":3},{"not_picked":["Steam","Clawfect:ClawingBeam"],"picked":"BootSequence","floor":5},{"not_picked":["Steam","Clawfect:Clawrage"],"picked":"Clawfect:ClawSnap","floor":6},{"not_picked":["Clawfect:Clawline","Hologram"],"picked":"Clawfect:ClawingBeam","floor":8},{"not_picked":["Defragment","Leap"],"picked":"Clawfect:ClawSnap","floor":10},{"not_picked":["Defragment","Stack"],"picked":"Clawfect:ClawpileDriver","floor":11},{"not_picked":["Multi-Cast","Reboot"],"picked":"Electrodynamics","floor":16},{"not_picked":["Conserve Battery","Leap"],"picked":"Clawfect:ClawForTheEyes","floor":18},{"not_picked":["Recycle+1","Clawfect:ClawpileDriver+1"],"picked":"Clawfect:ClawSnap","floor":21},{"not_picked":["Conserve Battery","Rebound"],"picked":"Gash","floor":22}],"player_experience":158279,"relics_obtained":[{"floor":9,"key":"Potion Belt"},{"floor":10,"key":"Nunchaku"}],"event_choices":[{"damage_healed":0,"gold_gain":0,"player_choice":"Donut","damage_taken":0,"max_hp_gain":5,"max_hp_loss":0,"event_name":"Big Fish","floor":12,"gold_loss":0},{"damage_healed":0,"gold_gain":0,"player_choice":"Ignored","damage_taken":0,"max_hp_gain":0,"max_hp_loss":0,"event_name":"Golden Wing","floor":14,"gold_loss":0},{"damage_healed":0,"gold_gain":0,"player_choice":"Inject Mutagens","damage_taken":0,"relics_obtained":["MutagenicStrength"],"max_hp_gain":0,"max_hp_loss":0,"event_name":"Drug Dealer","floor":19,"gold_loss":0},{"damage_healed":0,"gold_gain":0,"cards_transformed":["Defend_B"],"player_choice":"Transformed","damage_taken":0,"max_hp_gain":0,"max_hp_loss":0,"event_name":"Transmorgrifier","floor":20,"gold_loss":0,"cards_obtained":["BootSequence"]}],"is_beta":false,"boss_relics":[{"not_picked":["energizedSpire:DeadBattery","Coffee Dripper"],"picked":"infinitespire:Cupcake"}],"items_purged_floors":[],"is_endless":false,"potions_floor_spawned":[3,8,18,22],"killed_by":"Snecko","ascension_level":0}}