{"host":"ckaco0f0uooj3awm","time":1609811202,"event":{"mods":["AchievementEnabler","BaseMod","Colored Map","Colored Powertips","Highlight Path","Minty Spire (QoL Compilation)","Permanent Neow","Relic Stats"],"gold_per_floor":[365,540,559,559,21,81,81,135,135,135,177,218,250,290,290,385,385,426,426,446,70,70,104,104,123,123,169,192,9,62,74,74,179,179,197,242,261,277,277,277,277],"floor_reached":40,"playtime":3860,"items_purged":["Normality"],"score":699,"play_id":"27ee343f-646e-48a8-b7ad-98fe1a705290","local_time":"20210105024642","is_ascension_mode":true,"campfire_choices":[{"data":"Beam Cell","floor":7,"key":"SMITH"},{"data":"Defragment","floor":10,"key":"SMITH"},{"floor":15,"key":"REST"},{"data":"Rainbow","floor":24,"key":"SMITH"},{"data":"Force Field","floor":32,"key":"SMITH"}],"circlet_count":0,"master_deck":["Strike_B","Strike_B","Strike_B","Defend_B","Defend_B","Defend_B","Defend_B","Zap","Dualcast","Beam Cell+1","Doubt","Gash","Sunder+1","HandOfGreed+1","Melter+1","Defragment+1","Undo","Cold Snap+1","Self Repair","Beam Cell+1","Rainbow+1","Fusion","Pain","Hyperbeam+1","Force Field+1","Blizzard+1","Streamline+1","Sunder+1","Double Energy+1","Cold Snap+1","Echo Form","Apotheosis","White Noise","Thunder Strike+1","Doom and Gloom+1","Force Field","Recycle+1","Transmutation","Transmutation"],"relics":["Cracked Core","Molten Egg 2","Bag of Preparation","Mercury Hourglass","Cables","Regal Pillow","Snecko Eye","WarpedTongs","Medical Kit","The Courier","MawBank","Dead Branch","Singing Bowl","Inserter","CaptainsWheel"],"acts_visited":["Exordium","TheCity","TheBeyond"],"potions_floor_usage":[8,13,20,20,20,30,30,36,40,40,40],"damage_taken":[{"damage":2.0,"enemies":"2 Louse","floor":1.0,"turns":2.0},{"damage":7,"enemies":"Jaw Worm","floor":3,"turns":2},{"damage":17,"enemies":"Gremlin Nob","floor":6,"turns":3},{"damage":27,"enemies":"3 Sentries","floor":8,"turns":5},{"damage":0,"enemies":"Cultist","floor":11,"turns":2},{"damage":7,"enemies":"Exordium Wildlife","floor":12,"turns":2},{"damage":0,"enemies":"Gremlin Nob","floor":13,"turns":2},{"damage":7,"enemies":"Gremlin Gang","floor":14,"turns":3},{"damage":13,"enemies":"Hexaghost","floor":16,"turns":9},{"damage":0,"enemies":"Spheric Guardian","floor":18,"turns":1},{"damage":11,"enemies":"Shell Parasite","floor":20,"turns":3},{"damage":15,"enemies":"Book of Stabbing","floor":23,"turns":3},{"damage":5,"enemies":"3 Cultists","floor":25,"turns":3},{"damage":6,"enemies":"Gremlin Leader","floor":27,"turns":5},{"damage":4,"enemies":"Sentry and Sphere","floor":28,"turns":3},{"damage":0,"enemies":"Slavers","floor":30,"turns":1},{"damage":7,"enemies":"Centurion and Healer","floor":31,"turns":3},{"damage":32,"enemies":"Automaton","floor":33,"turns":8},{"damage":5,"enemies":"Orb Walker","floor":35,"turns":3},{"damage":29,"enemies":"2 Orb Walkers","floor":36,"turns":3},{"damage":1,"enemies":"3 Shapes","floor":37,"turns":1},{"damage":30,"enemies":"Transient","floor":38,"turns":5},{"damage":34,"enemies":"Giant Head","floor":40,"turns":5}],"seed_played":"6413315196057816076","potions_obtained":[{"floor":6,"key":"Explosive Potion"},{"floor":11,"key":"EssenceOfSteel"},{"floor":12,"key":"FearPotion"},{"floor":14,"key":"EssenceOfSteel"},{"floor":18,"key":"PowerPotion"},{"floor":27,"key":"PowerPotion"},{"floor":28,"key":"GamblersBrew"},{"floor":30,"key":"EssenceOfDarkness"},{"floor":33,"key":"Weak Potion"},{"floor":35,"key":"FearPotion"},{"floor":36,"key":"SpeedPotion"}],"is_trial":false,"path_per_floor":["M","?","M","?","$","E","R","E","T","R","M","M","E","M","R","B",null,"M","?","M","$","?","E","R","M","T","E","M","$","E","M","R","B",null,"M","?","M","M","?","E"],"character_chosen":"DEFECT","items_purchased":["Molten Egg 2","Sunder+1","HandOfGreed+1","Medical Kit","Hyperbeam+1","Force Field","Echo Form","Apotheosis"],"campfire_rested":1,"item_purchase_floors":[5,5,5,21,21,21,29,29],"current_hp_per_floor":[73,73,66,66,66,49,49,22,22,22,22,15,15,15,52,46,75,75,75,71,71,71,63,63,65,65,69,72,72,74,67,67,45,77,74,52,51,31,23,0,0],"gold":277,"neow_bonus":"TWO_FIFTY_GOLD","is_daily":false,"chose_seed":false,"campfire_upgraded":4,"win_rate":0.0,"timestamp":1609811202,"path_taken":["M","?","M","?","$","E","R","E","T","R","M","M","E","M","R","BOSS","M","?","?","$","?","E","R","?","T","E","M","?","E","M","R","BOSS","M","?","M","M","?","E"],"items_purchased_type":["Relic","Card","Card","Relic","Card","Card","Card","Card"],"build_version":"2020-12-22","purchased_purges":1,"victory":false,"max_hp_per_floor":[75,75,75,75,75,75,75,75,75,75,75,75,75,75,75,75,75,75,75,75,75,75,75,75,75,75,75,75,75,77,77,77,77,77,79,79,79,79,81,81,81],"relic_stats":{"Regal Pillow":15,"Inserter":[8],"Singing Bowl":6,"counters":[23,77],"Dead Branch":[23],"Bag of Preparation":[40],"Medical Kit":[0],"MawBank":36,"Mercury Hourglass":[264],"Cables":[47,28,16,3,0],"WarpedTongs":[37],"Snecko Eye":[91,84,76,86],"obtain_stats":[{"Regal Pillow":13,"Inserter":34,"Singing Bowl":30,"Dead Branch":27,"The Courier":23,"Bag of Preparation":6,"Medical Kit":21,"MawBank":26,"Mercury Hourglass":8,"Cables":9,"WarpedTongs":19,"CaptainsWheel":36,"Snecko Eye":17,"Molten Egg 2":5,"Cracked Core":0},{"Regal Pillow":7,"Inserter":18,"Singing Bowl":16,"Dead Branch":14,"The Courier":12,"Bag of Preparation":3,"Medical Kit":11,"MawBank":13,"Mercury Hourglass":4,"Cables":4,"WarpedTongs":10,"CaptainsWheel":20,"Snecko Eye":9,"Molten Egg 2":2,"Cracked Core":0},{"Regal Pillow":18,"Inserter":60,"Singing Bowl":49,"Dead Branch":45,"The Courier":37,"Bag of Preparation":7,"Medical Kit":34,"MawBank":40,"Mercury Hourglass":12,"Cables":12,"WarpedTongs":31,"CaptainsWheel":66,"Snecko Eye":30,"Molten Egg 2":4,"Cracked Core":0}]},"card_choices":[{"not_picked":["Stack","Steam"],"picked":"Beam Cell","floor":1},{"not_picked":["Cold Snap","Double Energy"],"picked":"Gash","floor":3},{"not_picked":["Steam","Self Repair"],"picked":"Melter+1","floor":6},{"not_picked":["FTL+1","Static Discharge"],"picked":"Defragment","floor":8},{"not_picked":["Redo","Creative AI"],"picked":"Undo","floor":11},{"not_picked":["Leap","Barrage+1"],"picked":"Cold Snap+1","floor":12},{"not_picked":["Leap","Darkness"],"picked":"Self Repair","floor":13},{"not_picked":["Leap","Consume"],"picked":"Beam Cell+1","floor":14},{"not_picked":["Amplify","Machine Learning"],"picked":"Rainbow","floor":16},{"not_picked":["Reprogram","Steam"],"picked":"Fusion","floor":18},{"not_picked":["Double Energy","Barrage+1","Leap+1"],"picked":"SKIP","floor":20},{"not_picked":["Cold Snap+1","Heatsinks"],"picked":"Streamline+1","floor":23},{"not_picked":["BootSequence","Blizzard+1"],"picked":"Sunder+1","floor":25},{"not_picked":["Leap","Stack+1"],"picked":"Double Energy+1","floor":27},{"not_picked":["Rip and Tear+1","Barrage+1"],"picked":"Cold Snap+1","floor":28},{"not_picked":["Genetic Algorithm","Turbo+1","Streamline+1"],"picked":"Singing Bowl","floor":30},{"not_picked":["BootSequence","Recycle"],"picked":"White Noise","floor":31},{"not_picked":["Fission","Rainbow"],"picked":"Thunder Strike+1","floor":33},{"not_picked":["Leap","Gash+1","Ball Lightning+1"],"picked":"Singing Bowl","floor":35},{"not_picked":["Scrape+1","Leap"],"picked":"Doom and Gloom+1","floor":36},{"not_picked":["Lockon+1","Steam"],"picked":"Force Field","floor":37},{"not_picked":["Streamline+1","Leap+1"],"picked":"Recycle+1","floor":38},{"not_picked":["Dark Shackles","Forethought"],"picked":"Transmutation","floor":39},{"not_picked":["Panacea","Violence"],"picked":"Transmutation","floor":39},{"not_picked":["Sadistic Nature","Thinking Ahead","PanicButton"],"picked":"Singing Bowl","floor":39}],"player_experience":217478,"relics_obtained":[{"floor":6,"key":"Bag of Preparation"},{"floor":8,"key":"Mercury Hourglass"},{"floor":9,"key":"Cables"},{"floor":13,"key":"Regal Pillow"},{"floor":23,"key":"The Courier"},{"floor":26,"key":"MawBank"},{"floor":27,"key":"Dead Branch"},{"floor":30,"key":"Singing Bowl"},{"floor":36,"key":"CaptainsWheel"}],"event_choices":[{"damage_healed":0,"gold_gain":175,"player_choice":"AGREE","damage_taken":0,"max_hp_gain":0,"max_hp_loss":0,"event_name":"Liars Game","floor":2,"gold_loss":0,"cards_obtained":["Doubt"]},{"damage_healed":0,"gold_gain":0,"cards_transformed":["Strike_B"],"player_choice":"Change","damage_taken":0,"max_hp_gain":0,"max_hp_loss":0,"event_name":"Living Wall","floor":4,"gold_loss":0,"cards_obtained":["Steam Power"]},{"damage_healed":0,"gold_gain":0,"player_choice":"Rummage","damage_taken":0,"relics_obtained":["WarpedTongs"],"max_hp_gain":0,"max_hp_loss":0,"event_name":"Accursed Blacksmith","floor":19,"gold_loss":0,"cards_obtained":["Pain"]},{"damage_healed":0,"gold_gain":0,"cards_transformed":["Steam Power"],"player_choice":"Transformed","damage_taken":0,"max_hp_gain":0,"max_hp_loss":0,"event_name":"Transmorgrifier","floor":22,"gold_loss":0,"cards_obtained":["Blizzard"]},{"damage_healed":0,"gold_gain":0,"player_choice":"Fight","damage_taken":0,"max_hp_gain":0,"max_hp_loss":0,"event_name":"Mysterious Sphere","floor":36,"gold_loss":0},{"damage_healed":0,"gold_gain":0,"player_choice":"Memory 3","damage_taken":10,"max_hp_gain":0,"max_hp_loss":0,"event_name":"SensoryStone","floor":39,"gold_loss":0}],"is_beta":false,"boss_relics":[{"not_picked":["Astrolabe","Velvet Choker"],"picked":"Snecko Eye"},{"not_picked":["FrozenCore","Runic Pyramid"],"picked":"Inserter"}],"items_purged_floors":[5],"is_endless":false,"potions_floor_spawned":[6,11,12,14,18,27,28,30,33,35,36],"killed_by":"Giant Head","ascension_level":4}}