{"host":"sm7bnwhqk38mm91i","time":1609881378,"event":{"mods":["BaseMod","Minty Spire (QoL Compilation)"],"gold_per_floor":[111,111,42,59,79,79,104,32,56,84,115,143,155,179,191,306,318,349,373,83,96,96,96,96],"floor_reached":23,"playtime":3051,"items_purged":[],"score":195,"play_id":"40269114-4e80-4d61-a98a-0a7639da221e","local_time":"20210105161618","is_ascension_mode":false,"campfire_choices":[{"data":"Predator","floor":6.0,"key":"SMITH"},{"floor":15,"key":"REST"}],"circlet_count":0,"master_deck":["Strike_G","Strike_G","Strike_G","Strike_G","Strike_G","Defend_G+1","Defend_G+1","Defend_G","Defend_G","Neutralize","Predator+1","Bullet Time","Backflip","Dash","Dagger Spray","Infinite Blades","Eviscerate","Outmaneuver","Acrobatics","Crippling Poison","Adrenaline","Underhanded Strike","Blade Dance","Night Terror","Sucker Punch","Deadly Poison","Bullet Time","Infinite Blades","Bouncing Flask","RitualDagger"],"relics":["Ring of the Serpent","War Paint","MawBank","Snake Skull","Orrery"],"acts_visited":["Exordium","TheCity"],"potions_floor_usage":[16,16],"damage_taken":[{"damage":4.0,"enemies":"Jaw Worm","floor":1.0,"turns":4.0},{"damage":0.0,"enemies":"Cultist","floor":4.0,"turns":2.0},{"damage":0.0,"enemies":"2 Louse","floor":5.0,"turns":3.0},{"damage":8.0,"enemies":"Lagavulin","floor":7.0,"turns":6.0},{"damage":1.0,"enemies":"Lots of Slimes","floor":10.0,"turns":3.0},{"damage":0.0,"enemies":"Red Slaver","floor":11.0,"turns":1.0},{"damage":19,"enemies":"2 Fungi Beasts","floor":12,"turns":3},{"damage":0,"enemies":"Exordium Thugs","floor":14,"turns":4},{"damage":38,"enemies":"Hexaghost","floor":16,"turns":9},{"damage":0,"enemies":"Spheric Guardian","floor":18,"turns":3},{"damage":12,"enemies":"3 Byrds","floor":19,"turns":5},{"damage":24,"enemies":"Snake Plant","floor":21,"turns":4},{"damage":36,"enemies":"Slavers","floor":23,"turns":2}],"seed_played":"1679332382057353414","potions_obtained":[{"floor":1.0,"key":"FearPotion"},{"floor":4.0,"key":"Block Potion"},{"floor":5.0,"key":"Block Potion"},{"floor":10.0,"key":"Fire Potion"},{"floor":14,"key":"AttackPotion"}],"is_trial":false,"path_per_floor":["M","?","$","M","M","R","E","$","T","M","M","M","?","M","R","B",null,"M","M","$","M","?","E"],"character_chosen":"THE_SILENT","items_purchased":["Bullet Time","Infinite Blades","Snake Skull","Orrery"],"campfire_rested":1,"item_purchase_floors":[3,8,20,20],"current_hp_per_floor":[73,73,73,73,73,73,65,65,65,64,64,45,45,45,68,30,77,77,65,65,41,35,0,0],"gold":96,"neow_bonus":"TEN_PERCENT_HP_BONUS","is_daily":false,"chose_seed":false,"campfire_upgraded":1,"win_rate":0.0,"timestamp":1609881378,"path_taken":["M","?","$","M","M","R","E","$","T","M","M","?","?","M","R","BOSS","M","M","?","?","?","E"],"items_purchased_type":["Card","Card","Relic","Relic"],"build_version":"2020-12-22","purchased_purges":0,"victory":false,"max_hp_per_floor":[77,77,77,77,77,77,77,77,77,77,77,77,77,77,77,77,77,77,77,77,77,77,77,77],"card_choices":[{"not_picked":["Reflex","Acrobatics"],"picked":"Predator","floor":1.0},{"not_picked":["PiercingWail","Outmaneuver"],"picked":"Backflip","floor":4.0},{"not_picked":["Underhanded Strike","Predator"],"picked":"Dash","floor":5.0},{"not_picked":["Finisher","Well Laid Plans"],"picked":"Dagger Spray","floor":7.0},{"not_picked":["Slice","Dodge and Roll"],"picked":"Eviscerate","floor":10.0},{"not_picked":["Quick Slash","Backflip"],"picked":"Outmaneuver","floor":11.0},{"not_picked":["Prepared","Deflect"],"picked":"Acrobatics","floor":12},{"not_picked":["Night Terror","Caltrops"],"picked":"Crippling Poison","floor":14},{"not_picked":["Venomology","Die Die Die"],"picked":"Adrenaline","floor":16},{"not_picked":["Acrobatics","Slice"],"picked":"Underhanded Strike","floor":18},{"not_picked":["Reflex","Outmaneuver"],"picked":"Blade Dance","floor":19},{"not_picked":["Reflex","Caltrops"],"picked":"Night Terror","floor":20},{"not_picked":["Endless Agony","Underhanded Strike"],"picked":"Sucker Punch","floor":20},{"not_picked":["Caltrops","Backstab"],"picked":"Deadly Poison","floor":20},{"not_picked":["Backflip","PiercingWail"],"picked":"Bullet Time","floor":20},{"not_picked":["Skewer","Quick Slash"],"picked":"Infinite Blades","floor":20},{"not_picked":["Quick Slash","Flying Knee"],"picked":"Bouncing Flask","floor":21}],"player_experience":5985,"relics_obtained":[{"floor":7.0,"key":"War Paint"},{"floor":9.0,"key":"MawBank"}],"event_choices":[{"cards_removed":["Defend_G"],"damage_healed":0.0,"max_hp_gain":0.0,"max_hp_loss":0.0,"gold_gain":0.0,"event_name":"Bonfire Elementals","player_choice":"Offered Basic","floor":2.0,"gold_loss":0.0,"damage_taken":0.0},{"cards_removed":["Survivor"],"damage_healed":0,"gold_gain":0,"player_choice":"Purged","damage_taken":0,"max_hp_gain":0,"max_hp_loss":0,"event_name":"Purifier","floor":13,"gold_loss":0},{"damage_healed":0,"gold_gain":0,"player_choice":"Joined the Cult","damage_taken":6,"max_hp_gain":0,"max_hp_loss":0,"event_name":"Nest","floor":22,"gold_loss":0,"cards_obtained":["RitualDagger"]}],"is_beta":false,"boss_relics":[{"not_picked":["HoveringKite","SacredBark"],"picked":"Ring of the Serpent"}],"items_purged_floors":[],"is_endless":false,"potions_floor_spawned":[1,4,5,10,14],"killed_by":"Slavers","ascension_level":0}}