{"host":"m77rrhbqzv44va4v","time":1609855991,"event":{"mods":["AchievementEnabler","BaseMod","Colored Map","DeckTracker","Keyboard Shortcuts","Minty Spire (QoL Compilation)","StSLib","SuperFastMode","everything is the same but u backflip on backflip"],"gold_per_floor":[118,130,140,157,172,198,213,240,308,308,326,326,356,373,373,470,470,489,489,106,106,122,154,154,188,242,61,79,89,89,55,55,55,55],"floor_reached":33,"playtime":2078,"items_purged":["Defend_B","Strike_B"],"score":464,"play_id":"d92421b7-de6c-4c3b-b3ec-9d98b1279dbb","local_time":"20210105231311","is_ascension_mode":true,"campfire_choices":[{"data":"Rainbow","floor":15,"key":"SMITH"},{"floor":24,"key":"DIG"},{"data":"Fission","floor":32,"key":"SMITH"}],"circlet_count":0,"master_deck":["AscendersBane","Defend_B+1","Zap+1","Dualcast+1","Conserve Battery","Cold Snap","Rainbow+1","Ball Lightning","Undo","Compile Driver","Go for the Eyes","Ball Lightning","Consume","Coolheaded","Seek","Coolheaded+1","Self Repair","Panacea","Turbo+1","Cold Snap+1","Steam Power","Fission+1","Skim","Gash","Defragment"],"relics":["Cracked Core","Dream Catcher","Lizard Tail","StrikeDummy","Singing Bowl","Sozu","Shovel","War Paint","MealTicket","Bag of Preparation","Blue Candle","Happy Flower"],"acts_visited":["Exordium","TheCity"],"potions_floor_usage":[6,8,8,13,13],"damage_taken":[{"damage":6,"enemies":"Cultist","floor":1,"turns":4},{"damage":0,"enemies":"Jaw Worm","floor":2,"turns":3},{"damage":0,"enemies":"Small Slimes","floor":3,"turns":3},{"damage":6,"enemies":"Red Slaver","floor":4,"turns":4},{"damage":4,"enemies":"Looter","floor":5,"turns":3},{"damage":5,"enemies":"3 Sentries","floor":6,"turns":7},{"damage":2,"enemies":"Exordium Wildlife","floor":7,"turns":5},{"damage":5,"enemies":"Lagavulin","floor":8,"turns":5},{"damage":4,"enemies":"Large Slime","floor":11,"turns":6},{"damage":1,"enemies":"3 Sentries","floor":13,"turns":6},{"damage":9,"enemies":"Exordium Thugs","floor":14,"turns":4},{"damage":16,"enemies":"Hexaghost","floor":16,"turns":11},{"damage":0,"enemies":"Chosen","floor":18,"turns":4},{"damage":12,"enemies":"2 Thieves","floor":22,"turns":4},{"damage":65,"enemies":"Gremlin Leader","floor":23,"turns":14},{"damage":26,"enemies":"Slavers","floor":25,"turns":6},{"damage":1,"enemies":"3 Cultists","floor":28,"turns":6},{"damage":6,"enemies":"Snake Plant","floor":29,"turns":5},{"damage":88,"enemies":"Automaton","floor":33,"turns":12}],"seed_played":"7875127608831478940","potions_obtained":[{"floor":1,"key":"BlessingOfTheForge"},{"floor":3,"key":"EssenceOfDarkness"},{"floor":5,"key":"SteroidPotion"},{"floor":7,"key":"BlessingOfTheForge"},{"floor":8,"key":"PotionOfCapacity"}],"is_trial":false,"path_per_floor":["M","M","M","M","M","E","M","E","T","?","M","?","E","M","R","B",null,"M","?","$","?","M","E","R","E","T","$","M","M","?","$","R","B"],"character_chosen":"DEFECT","items_purchased":["Self Repair","War Paint","Panacea","Steam Power","Defragment"],"campfire_rested":0,"item_purchase_floors":[20,20,20,27,31],"current_hp_per_floor":[62,62,62,56,52,47,45,40,40,40,36,29,28,19,19,3,57,57,57,57,57,52,46,46,27,27,42,50,51,51,66,66,0,0],"gold":55,"neow_bonus":"UPGRADE_CARD","is_daily":false,"chose_seed":false,"campfire_upgraded":2,"win_rate":0.0,"timestamp":1609855991,"path_taken":["M","?","M","M","M","E","M","E","T","?","M","?","E","M","R","BOSS","M","?","$","?","M","E","R","E","T","$","?","M","?","?","R","BOSS"],"items_purchased_type":["Card","Relic","Card","Card","Card"],"build_version":"2020-12-22","purchased_purges":2,"victory":false,"max_hp_per_floor":[75,75,75,75,75,75,75,75,75,75,75,75,75,75,75,75,75,75,75,75,75,75,77,77,77,77,77,79,79,79,79,79,79,79],"card_choices":[{"not_picked":["Hello World","Compile Driver"],"picked":"Conserve Battery","floor":1},{"not_picked":["FTL","Turbo"],"picked":"Cold Snap","floor":2},{"not_picked":["Compile Driver","Stack"],"picked":"Rainbow","floor":3},{"not_picked":["Beam Cell","Conserve Battery"],"picked":"Ball Lightning","floor":4},{"not_picked":["Ball Lightning","Compile Driver"],"picked":"Undo","floor":5},{"not_picked":["Auto Shields","Leap"],"picked":"Compile Driver","floor":6},{"not_picked":["Rebound","Steam","Melter"],"picked":"SKIP","floor":7},{"not_picked":["Compile Driver","Static Discharge"],"picked":"Go for the Eyes","floor":8},{"not_picked":["Meteor Strike","BootSequence"],"picked":"Ball Lightning","floor":11},{"not_picked":["Cold Snap","Leap"],"picked":"Consume","floor":13},{"not_picked":["Ball Lightning","Gash"],"picked":"Coolheaded","floor":14},{"not_picked":["Creative AI","Reboot"],"picked":"Seek","floor":16},{"not_picked":["Go for the Eyes","Static Discharge+1"],"picked":"Coolheaded+1","floor":18},{"not_picked":["Beam Cell","Streamline"],"picked":"Turbo+1","floor":22},{"not_picked":["Streamline+1","Go for the Eyes","Hologram"],"picked":"Singing Bowl","floor":23},{"not_picked":["Force Field+1","Beam Cell"],"picked":"Cold Snap+1","floor":25},{"not_picked":["Conserve Battery","Rebound","Aggregate"],"picked":"Singing Bowl","floor":28},{"not_picked":["Stack+1","Leap"],"picked":"Fission","floor":29}],"player_experience":896599,"relics_obtained":[{"floor":6,"key":"Dream Catcher"},{"floor":8,"key":"Lizard Tail"},{"floor":9,"key":"StrikeDummy"},{"floor":13,"key":"Singing Bowl"},{"floor":23,"key":"MealTicket"},{"floor":24,"key":"Bag of Preparation"},{"floor":25,"key":"Blue Candle"},{"floor":26,"key":"Happy Flower"}],"event_choices":[{"cards_removed":["Strike_B"],"damage_healed":0,"gold_gain":0,"player_choice":"Forget","damage_taken":0,"max_hp_gain":0,"max_hp_loss":0,"event_name":"Living Wall","floor":10,"gold_loss":0},{"cards_removed":["Strike_B"],"damage_healed":0,"gold_gain":0,"player_choice":"Card Removal","damage_taken":7,"max_hp_gain":0,"max_hp_loss":0,"event_name":"Golden Wing","floor":12,"gold_loss":0},{"damage_healed":0,"gold_gain":0,"player_choice":"Opened","damage_taken":0,"relics_obtained":["Shovel"],"max_hp_gain":0,"max_hp_loss":0,"event_name":"The Mausoleum","floor":19,"gold_loss":0},{"cards_removed":["Defend_B"],"damage_healed":0,"gold_gain":0,"player_choice":"Purged","damage_taken":0,"max_hp_gain":0,"max_hp_loss":0,"event_name":"Purifier","floor":21,"gold_loss":0},{"damage_healed":0,"gold_gain":0,"cards_transformed":["Defend_B","Strike_B"],"player_choice":"Became Test Subject","damage_taken":0,"max_hp_gain":0,"max_hp_loss":0,"event_name":"Drug Dealer","floor":30,"gold_loss":0,"cards_obtained":["Skim","Gash"]}],"is_beta":false,"boss_relics":[{"not_picked":["Astrolabe","Tiny House"],"picked":"Sozu"}],"items_purged_floors":[20,27],"is_endless":false,"potions_floor_spawned":[1,3,5,7,8,22,28,29],"killed_by":"Automaton","ascension_level":10}}