{"host":"jrpypersx2nqejuc","time":1609885651,"event":{"mods":["2.2 Compatiblity","AlwaysNeverKeys","BaseMod","Better Sensory Stone","Better Skull","BetterRewards","CapriCore","Card Forge","Colored Map","Colored Powertips","Conspire","Displayed Cursed Tome","Downfall","Energized Spire","Highlight Path","Infinite Spire","Marked Mod","Minty Spire (QoL Compilation)","Replay The Spire","Shop Mod","StSLib","The Animator","The Caster","Wandering Minibosses","??????REMEMod"],"gold_per_floor":[144,182,262,262,279,362,362,362,439,516,124,215,215,282,359,534,534,645,645,662,662,703,779,815,815,815,881,958,958,598,705,980,1093,1093,1130,1169,1129,1194,1361,1325,1325,1237,1237,1237,1338,1223,1223],"floor_reached":46,"playtime":9483,"items_purged":[],"score":955,"play_id":"e73d453a-7e69-422b-8ff5-c789db04bcb1","local_time":"20210105142731","is_ascension_mode":false,"campfire_choices":[{"floor":7,"key":"REST"},{"floor":41,"key":"REST"},{"floor":44,"key":"REST"}],"circlet_count":0,"master_deck":["caster:Meteor+1","caster:DivertFocus+1","caster:defend+1","Omniscience+1","animator:BlackLotus+1","expansioncontent:DecasProtection+1","Finesse+1","Flash of Steel+1","FameAndFortune+1","Pot Of Greed+1","animator:Defend_Konosuba+1","animator:Strike_TenSura+1","Insight+1","Master of Strategy+1","Miracle+1","ReplayTheSpireMod:Private Reserves+1","animator:Yusarin+1","ReplayTheSpireMod:Private Reserves+1","caster:Sandstorm+1","caster:Tundra+1","caster:MagicBarrier+1","caster:Sleet+1","caster:Slick+1","caster:Elementalize+1","caster:ShivasGrace+1","caster:GlacialShield+1","REME_ProfessionalPlagiarism+1","Master of Strategy+1","Survey Options+1","caster:Sultry+1","caster:Grimoire+1","caster:Inferno+1","caster:AlternatingCurrent+1","caster:Incantation+1","REME_MagicPocketWatch+1","Secret Technique+1","caster:Accumulation+1","caster:Sleet+1","caster:Fissure+1","caster:ShivasGrace+1","caster:Inferno+1","caster:Sleet+1","hexamod:ThirdSeal","caster:WallOfRocks+1","caster:Elementalize+1","caster:BloodRitual+1","Pot Of Greed+1","Pot Of Greed+1","Pot Of Greed+1","Pot Of Greed+1","caster:MagicResonance+1","caster:Embers+1","Pot Of Greed+1"],"relics":["caster:MagicBook","Hammer of Thor","Seething Fire","Anvil of the Gods","REME_ComplimentaryCards","NeowsBlessing","Bronze Scales","Gremlin Horn","Replay:Bottled Snecko","Replay:Rubber Ducky","MerchantsRug","ReplayTheSpireMod:ShopPack","Black Star","MutagenicStrength","infinitespire:Beetle Shell","infinitespire:Golems Mask","ReplayTheSpireMod:Ring of Challenge","ReplayTheSpireMod:Ring of Collecting","ReplayTheSpireMod:Ring of Exchange","Bag of Preparation","TungstenRod","REME_OnlineShoppingPlatform","Sundial","wanderingMiniBosses:CarrionFlame","REME_CardOfGreed","Omamori","The Courier","Replay:Bottled Steam","Grinning Jar","Ring of Peace","Singing Bowl","Replay:Wax Seal","Ring of Greed","Tiny Chest","Membership Card"],"acts_visited":["Exordium","TheCity","TheBeyond"],"potions_floor_usage":[10,27,27,33,33,38,38,38,40,40,40,40,40,42,42,42,42,42,42,42,42,42,46,46,46,46,46,46,46,46,46,46,46],"damage_taken":[{"damage":2,"enemies":"conspire:RoseBush","floor":1,"turns":2},{"damage":0,"enemies":"Jaw Worm","floor":2,"turns":1},{"damage":0,"enemies":"Small Slimes","floor":5,"turns":1},{"damage":0,"enemies":"Lagavulin","floor":6,"turns":4},{"damage":0,"enemies":"3 Sentries","floor":10,"turns":4},{"damage":0,"enemies":"Looter","floor":12,"turns":3},{"damage":0,"enemies":"Blue Slaver","floor":14,"turns":4},{"damage":0,"enemies":"The Guardian","floor":16,"turns":6},{"damage":0,"enemies":"Chosen","floor":18,"turns":4},{"damage":0,"enemies":"3 Byrds","floor":20,"turns":2},{"damage":0,"enemies":"Centurion and Healer","floor":22,"turns":3},{"damage":0,"enemies":"conspire:Head Lice","floor":23,"turns":5},{"damage":4,"enemies":"3 Cultists","floor":24,"turns":3},{"damage":0,"enemies":"Snecko","floor":27,"turns":3},{"damage":9,"enemies":"Gremlin Leader","floor":28,"turns":4},{"damage":0,"enemies":"Centurion and Healer","floor":31,"turns":5},{"damage":0,"enemies":"Collector","floor":33,"turns":5},{"damage":0,"enemies":"3 Shapes","floor":35,"turns":2},{"damage":0,"enemies":"Orb Walker","floor":36,"turns":3},{"damage":30,"enemies":"Jaw Worm Horde","floor":38,"turns":3},{"damage":0,"enemies":"Transient","floor":39,"turns":6},{"damage":0,"enemies":"Reptomancer","floor":40,"turns":3},{"damage":0,"enemies":"R_Hoarder","floor":42,"turns":4},{"damage":79,"enemies":"Nightmare","floor":46,"turns":4}],"seed_played":"-1851652213661835388","potions_obtained":[{"floor":6,"key":"Adrenaline Potion"},{"floor":16,"key":"Elixir"},{"floor":22,"key":"PowerPotion"},{"floor":23,"key":"Explosive Potion"},{"floor":24,"key":"REME_GoldPotion"}],"is_trial":false,"path_per_floor":["M","M","?","?","M","E","R","?","T","E","$","M","?","M","R_BF","B",null,"M","?","M","?","M","E","M","?","T","M","E","?","$","M","R_BF","B",null,"M","M","?","M","M","E","R","E","T","R","T","NM"],"character_chosen":"THE_CASTER","items_purchased":["MerchantsRug","caster:ShivasGrace","caster:GlacialShield","ReplayTheSpireMod:ShopPack","REME_OnlineShoppingPlatform","Sundial"],"campfire_rested":3,"item_purchase_floors":[11,11,11,11,30,30],"current_hp_per_floor":[62,62,62,44,44,44,63,63,63,64,64,64,64,64,64,64,64,64,64,64,64,64,64,60,60,74,74,65,65,65,67,67,69,78,78,78,78,48,48,59,78,78,78,78,78,0,0],"gold":1223,"neow_bonus":"THREE_ENEMY_KILL","is_daily":false,"chose_seed":false,"campfire_upgraded":0,"win_rate":0.0,"timestamp":1609885651,"path_taken":["M","M","?","?","M","E","R","?","T","E","$","M","?","?","R_BF","BOSS","M","?","M","?","M","E","M","?","T","M","E","?","$","?","R_BF","BOSS","M","M","?","?","M","E","R","E","T","R","?","NM"],"items_purchased_type":["Relic","Card","Card","Relic","Relic","Relic"],"build_version":"2020-12-22","purchased_purges":0,"victory":false,"max_hp_per_floor":[64,64,64,64,64,64,64,64,64,64,64,64,64,64,64,64,64,64,64,64,64,64,64,64,64,78,78,78,78,78,78,78,78,78,78,78,78,78,78,78,78,78,78,78,78,78,78],"card_choices":[{"not_picked":["caster:Eruption","caster:DiablosFlame"],"picked":"caster:Sandstorm","floor":1},{"not_picked":["caster:MagicWeapon","caster:LAZER"],"picked":"caster:Tundra","floor":2},{"not_picked":["caster:Surge","caster:GlacialShield"],"picked":"caster:MagicBarrier","floor":5},{"not_picked":["caster:SunGoddessAmaterasu","caster:Accumulation"],"picked":"caster:Sleet","floor":6},{"not_picked":["caster:MagicWeapon","caster:FireWall"],"picked":"caster:Elementalize","floor":10},{"not_picked":["expansioncontent:Corrupt","Mayhem"],"picked":"REME_ProfessionalPlagiarism","floor":11},{"not_picked":["expansioncontent:HyperBeam","REME_HeartOfCthun"],"picked":"Master of Strategy","floor":11},{"not_picked":["Replay:SS_hec_4","expansioncontent:ManipulateTime"],"picked":"Survey Options","floor":11},{"not_picked":["caster:JupitelThunder","caster:Accumulation"],"picked":"caster:Sultry","floor":12},{"not_picked":["caster:GlacialShield","caster:JupitelThunder"],"picked":"caster:Grimoire","floor":14},{"not_picked":["caster:Demi","caster:SunGoddessAmaterasu"],"picked":"caster:Inferno","floor":16},{"not_picked":["caster:BurnItDown","caster:Accumulation+1"],"picked":"caster:AlternatingCurrent","floor":18},{"not_picked":["caster:FrigidBeam","caster:BookThrow"],"picked":"caster:Incantation+1","floor":20},{"not_picked":["Purity","Replay:SS_forest_6"],"picked":"REME_MagicPocketWatch","floor":21},{"not_picked":["Flash of Steel","Secret Weapon"],"picked":"Secret Technique","floor":21},{"not_picked":["caster:MagicWeapon","caster:Charge+1"],"picked":"caster:Accumulation+1","floor":22},{"not_picked":["caster:QuickCast","caster:FireWall"],"picked":"caster:Sleet","floor":23},{"not_picked":["caster:GaiasBlessing","caster:JupitelThunder+1"],"picked":"caster:Fissure+1","floor":24},{"not_picked":["caster:Barbroot","caster:Incinerate","caster:Fireball"],"picked":"SKIP","floor":27},{"not_picked":["caster:DiablosFlame+1","caster:WallOfSwords"],"picked":"caster:ShivasGrace","floor":28},{"not_picked":["caster:MagicResonance","caster:MagicWeapon","caster:DiamondDust"],"picked":"SKIP","floor":31},{"not_picked":["caster:GateOfBabylon","caster:LordOfVermillion"],"picked":"caster:Inferno","floor":33},{"not_picked":["caster:MagicWeapon+1","caster:Enfeeble+1","caster:Charge"],"picked":"SKIP","floor":35},{"not_picked":["caster:FrigidBeam+1","caster:LightningBolt+1","caster:FlashFrost+1"],"picked":"SKIP","floor":36},{"not_picked":["caster:Elementalize","caster:GlacialShield+1"],"picked":"caster:Sleet+1","floor":38},{"not_picked":["hexamod:SixthSeal","hexamod:SecondSeal"],"picked":"hexamod:ThirdSeal","floor":39},{"not_picked":["caster:FrigidBeam","caster:Charge"],"picked":"caster:WallOfRocks","floor":39},{"not_picked":["caster:SunGoddessAmaterasu","caster:FlashSpeed+1"],"picked":"caster:Elementalize","floor":40},{"not_picked":["caster:FrostDriver+1","caster:WallOfSwords"],"picked":"caster:BloodRitual","floor":40},{"not_picked":["caster:Cryogenesis","caster:Rectify"],"picked":"caster:MagicResonance","floor":42},{"not_picked":["caster:DiablosFlame+1","caster:Sandstorm"],"picked":"caster:Embers+1","floor":42}],"player_experience":623731,"relics_obtained":[{"floor":6,"key":"Gremlin Horn"},{"floor":9,"key":"Replay:Bottled Snecko"},{"floor":10,"key":"Replay:Rubber Ducky"},{"floor":23,"key":"infinitespire:Beetle Shell"},{"floor":23,"key":"infinitespire:Golems Mask"},{"floor":25,"key":"ReplayTheSpireMod:Ring of Challenge"},{"floor":25,"key":"ReplayTheSpireMod:Ring of Collecting"},{"floor":26,"key":"ReplayTheSpireMod:Ring of Exchange"},{"floor":26,"key":"Mango"},{"floor":28,"key":"Bag of Preparation"},{"floor":28,"key":"TungstenRod"},{"floor":31,"key":"wanderingMiniBosses:CarrionFlame"},{"floor":40,"key":"Omamori"},{"floor":40,"key":"The Courier"},{"floor":42,"key":"Replay:Bottled Steam"},{"floor":42,"key":"Grinning Jar"},{"floor":43,"key":"Ring of Peace"},{"floor":43,"key":"Singing Bowl"},{"floor":45,"key":"Replay:Wax Seal"},{"floor":45,"key":"Ring of Greed"},{"floor":45,"key":"Tiny Chest"},{"floor":45,"key":"Membership Card"}],"event_choices":[{"damage_healed":0,"gold_gain":0,"player_choice":"Success","damage_taken":18,"relics_obtained":["Bronze Scales"],"max_hp_gain":0,"max_hp_loss":0,"event_name":"Scrap Ooze","floor":4,"gold_loss":0},{"damage_healed":0,"gold_gain":0,"player_choice":"Leave","damage_taken":0,"max_hp_gain":0,"max_hp_loss":0,"event_name":"conspire:Investor","floor":13,"gold_loss":0},{"damage_healed":0,"gold_gain":0,"player_choice":"Inject Mutagens","damage_taken":0,"relics_obtained":["MutagenicStrength"],"max_hp_gain":0,"max_hp_loss":0,"event_name":"Drug Dealer","floor":19,"gold_loss":0},{"damage_healed":0,"gold_gain":2,"player_choice":"1","damage_taken":0,"max_hp_gain":0,"max_hp_loss":0,"event_name":"betterStone:BetterStone","floor":21,"gold_loss":0},{"damage_healed":0,"gold_gain":275,"player_choice":"Desecrate","damage_taken":0,"max_hp_gain":0,"max_hp_loss":0,"event_name":"Golden Shrine","floor":32,"gold_loss":0,"cards_obtained":["Regret"]},{"damage_healed":0,"gold_gain":0,"player_choice":"Upgrade","damage_taken":0,"max_hp_gain":0,"max_hp_loss":0,"event_name":"Designer","floor":37,"gold_loss":40,"cards_upgraded":["FameAndFortune"]}],"is_beta":false,"boss_relics":[{"not_picked":["Snecko Heart","Calling Bell"],"picked":"Black Star"},{"not_picked":["Cursed Key","ChewingGum"],"picked":"REME_CardOfGreed"}],"items_purged_floors":[],"is_endless":false,"potions_floor_spawned":[2,6,16,22,23,24,31,38],"killed_by":"Nightmare","ascension_level":0}}