{"host":"Kdaddybrian","time":1609877219,"event":{"mods":["AchievementEnabler","BaseMod","Bestiary","Colored Powertips","Minty Spire (QoL Compilation)","Potion Indicator Mod","Quick Restart","Rare Cards Sparkle","Relic Stats","StSLib","Uncapped"],"gold_per_floor":[113,113,125,145,145,145,172,190,213,213,225,1,1,26,26,152,152,175,175,191,204,204,204,204,60,84,128,128,128],"floor_reached":28,"playtime":1467,"items_purged":["Strike_B"],"score":357,"play_id":"bd6dc7c8-e9fa-4c10-8934-f8b567fe4023","local_time":"20210105150659","is_ascension_mode":true,"campfire_choices":[{"data":"Compile Driver","floor":6.0,"key":"SMITH"},{"floor":10.0,"key":"REST"},{"data":"Go for the Eyes","floor":15.0,"key":"SMITH"},{"floor":23,"key":"REST"}],"circlet_count":0,"master_deck":["AscendersBane","Strike_B","Strike_B","Strike_B","Defend_B","Defend_B","Defend_B","Defend_B","Zap","Dualcast+1","Compile Driver+1","Cold Snap","Reinforced Body","Cold Snap","Go for the Eyes+1","Ball Lightning","Barrage","Ball Lightning","Buffer","Conserve Battery","Consume","Hologram","Defragment","Steam Power+1"],"relics":["Cracked Core","Oddly Smooth Stone","Medical Kit","Golden Idol","Philosopher\u0027s Stone","Potion Belt","Dream Catcher"],"acts_visited":["Exordium","TheCity"],"potions_floor_usage":[20,21,27,28],"damage_taken":[{"damage":1.0,"enemies":"Cultist","floor":1.0,"turns":4.0},{"damage":0.0,"enemies":"2 Louse","floor":3.0,"turns":2.0},{"damage":7.0,"enemies":"Small Slimes","floor":4.0,"turns":3.0},{"damage":36.0,"enemies":"Gremlin Nob","floor":7.0,"turns":4.0},{"damage":10.0,"enemies":"3 Louse","floor":8.0,"turns":3.0},{"damage":3.0,"enemies":"Looter","floor":11.0,"turns":2.0},{"damage":13.0,"enemies":"Exordium Thugs","floor":14.0,"turns":5.0},{"damage":18.0,"enemies":"The Guardian","floor":16.0,"turns":14.0},{"damage":16,"enemies":"Shell Parasite","floor":18,"turns":4},{"damage":5,"enemies":"3 Byrds","floor":20,"turns":4},{"damage":22,"enemies":"Centurion and Healer","floor":21,"turns":7},{"damage":45,"enemies":"Book of Stabbing","floor":27,"turns":7},{"damage":15,"enemies":"Snake Plant","floor":28,"turns":4}],"seed_played":"1212720190662368978","potions_obtained":[{"floor":4.0,"key":"Strength Potion"},{"floor":7.0,"key":"ColorlessPotion"},{"floor":8.0,"key":"Swift Potion"},{"floor":16.0,"key":"Weak Potion"},{"floor":18,"key":"AttackPotion"},{"floor":20,"key":"DuplicationPotion"},{"floor":24,"key":"FearPotion"},{"floor":24,"key":"SkillPotion"}],"is_trial":false,"path_per_floor":["M","?","M","M","?","R","E","M","T","R","M","$","?","M","R","B",null,"M","?","M","M","?","R","?","$","T","E","M"],"character_chosen":"DEFECT","items_purchased":["Medical Kit","Ball Lightning","Barrage","Defragment"],"campfire_rested":2,"item_purchase_floors":[12,12,12,25],"current_hp_per_floor":[67,67,67,60,60,60,24,14,14,36,33,33,33,20,20,2,52,36,59,54,32,32,52,52,52,52,7,0,0],"gold":128,"neow_bonus":"THREE_CARDS","is_daily":false,"chose_seed":false,"campfire_upgraded":2,"win_rate":0.0,"timestamp":1609877219,"path_taken":["M","?","M","M","?","R","E","M","T","R","M","$","?","M","R","BOSS","M","?","M","M","?","R","?","$","T","E","?"],"items_purchased_type":["Relic","Card","Card","Card"],"build_version":"2020-12-18","purchased_purges":1,"victory":false,"max_hp_per_floor":[75,75,75,75,75,75,75,75,75,75,75,75,69,69,69,69,69,69,69,69,69,69,69,69,69,69,69,69,69],"relic_stats":{"Dream Catcher":0,"counters":[13,63],"Golden Idol":50,"Medical Kit":[2],"obtain_stats":[{"Potion Belt":26,"Dream Catcher":27,"Golden Idol":13,"Oddly Smooth Stone":7,"Philosopher\u0027s Stone":17,"Cracked Core":0,"Medical Kit":12},{"Potion Belt":11,"Dream Catcher":12,"Golden Idol":6,"Oddly Smooth Stone":4,"Philosopher\u0027s Stone":8,"Cracked Core":0,"Medical Kit":6},{"Potion Belt":52,"Dream Catcher":59,"Golden Idol":18,"Oddly Smooth Stone":13,"Philosopher\u0027s Stone":37,"Cracked Core":0,"Medical Kit":18}]},"card_choices":[{"not_picked":["Rip and Tear","Hologram"],"picked":"Compile Driver","floor":0.0},{"not_picked":["Stack","Steam","Blizzard"],"picked":"SKIP","floor":1.0},{"not_picked":["Skim","Consume"],"picked":"Cold Snap","floor":3.0},{"not_picked":["Redo","Leap"],"picked":"Reinforced Body","floor":4.0},{"not_picked":["Storm","Reprogram"],"picked":"Cold Snap","floor":7.0},{"not_picked":["Rebound","Reinforced Body"],"picked":"Go for the Eyes","floor":8.0},{"not_picked":["Reprogram","Compile Driver","Rebound"],"picked":"SKIP","floor":11.0},{"not_picked":["Turbo","Sunder"],"picked":"Ball Lightning","floor":14.0},{"not_picked":["Amplify","Rainbow"],"picked":"Buffer","floor":16.0},{"not_picked":["Go for the Eyes","Double Energy"],"picked":"Conserve Battery","floor":18},{"not_picked":["Leap","Gash+1"],"picked":"Consume","floor":20},{"not_picked":["Gash","Leap"],"picked":"Hologram","floor":21},{"not_picked":["Skim","Go for the Eyes"],"picked":"Steam Power+1","floor":27}],"player_experience":2933174,"relics_obtained":[{"floor":7.0,"key":"Oddly Smooth Stone"},{"floor":26,"key":"Potion Belt"},{"floor":27,"key":"Dream Catcher"}],"event_choices":[{"damage_healed":0.0,"max_hp_gain":0.0,"max_hp_loss":0.0,"gold_gain":0.0,"event_name":"Living Wall","player_choice":"Grow","floor":2.0,"gold_loss":0.0,"damage_taken":0.0,"cards_upgraded":["Dualcast"]},{"damage_healed":0.0,"max_hp_gain":0.0,"max_hp_loss":0.0,"gold_gain":0.0,"event_name":"The Cleric","player_choice":"Leave","floor":5.0,"gold_loss":0.0,"damage_taken":0.0},{"damage_healed":0.0,"max_hp_gain":0.0,"max_hp_loss":6.0,"gold_gain":0.0,"event_name":"Golden Idol","player_choice":"Lose Max HP","floor":13.0,"gold_loss":0.0,"damage_taken":0.0,"relics_obtained":["Golden Idol"]},{"damage_healed":23,"gold_gain":0,"player_choice":"Heal","damage_taken":0,"max_hp_gain":0,"max_hp_loss":0,"event_name":"The Library","floor":19,"gold_loss":0},{"damage_healed":0,"gold_gain":0,"player_choice":"Ignored","damage_taken":0,"max_hp_gain":0,"max_hp_loss":0,"event_name":"Cursed Tome","floor":22,"gold_loss":0},{"damage_healed":0,"gold_gain":0,"player_choice":"Got Potions","damage_taken":0,"max_hp_gain":0,"max_hp_loss":0,"event_name":"Lab","floor":24,"gold_loss":0}],"is_beta":true,"boss_relics":[{"not_picked":["Busted Crown","Runic Dome"],"picked":"Philosopher\u0027s Stone"}],"items_purged_floors":[25],"is_endless":false,"potions_floor_spawned":[4,7,8,16,18,20],"killed_by":"Snake Plant","ascension_level":10}}