{"host":"ixl9a8gzl87gveif","time":1609877019,"event":{"mods":["2.2 Compatiblity","BaseMod","Better Note","Colored Map","Colored Powertips","Minty Spire (QoL Compilation)","Permanent Neow","Relic Stats","StSLib","everything is the same but u backflip on backflip"],"gold_per_floor":[11,28,109,109,109,109,138,154,179,208,208,208,208,208,208,208,208],"floor_reached":16,"playtime":325,"items_purged":[],"score":212,"play_id":"7ae50fc2-8a6f-4767-ae98-354be79ff244","local_time":"20210105200339","is_ascension_mode":true,"campfire_choices":[{"floor":6,"key":"REST"},{"data":"BootSequence","floor":11,"key":"SMITH"},{"floor":13,"key":"REST"},{"floor":15,"key":"REST"}],"circlet_count":0,"master_deck":["AscendersBane","Strike_B+1","Strike_B","Strike_B","Defend_B","Defend_B","Defend_B","Defend_B","Zap","Dualcast","Apotheosis+1","Beam Cell","Cold Snap","Rebound","Leap","BootSequence+1"],"relics":["Cracked Core","White Beast Statue","Sundial","MealTicket","Shuriken","Golden Idol"],"acts_visited":["Exordium"],"potions_floor_usage":[7,10,10,16],"damage_taken":[{"damage":0,"enemies":"Cultist","floor":1,"turns":2},{"damage":4,"enemies":"Jaw Worm","floor":2,"turns":3},{"damage":29,"enemies":"Gremlin Nob","floor":7,"turns":4},{"damage":5,"enemies":"Small Slimes","floor":8,"turns":2},{"damage":4,"enemies":"Lagavulin","floor":10,"turns":5},{"damage":70,"enemies":"Hexaghost","floor":16,"turns":11}],"seed_played":"-4688220247137630407","potions_obtained":[{"floor":2,"key":"Ancient Potion"},{"floor":7,"key":"DuplicationPotion"},{"floor":8,"key":"LiquidMemories"},{"floor":10,"key":"Fruit Juice"}],"is_trial":false,"path_per_floor":["M","M","T","?","?","R","E","M","T","E","R","?","R","?","R","B"],"character_chosen":"DEFECT","items_purchased":[],"campfire_rested":3,"item_purchase_floors":[],"current_hp_per_floor":[64,60,60,53,32,53,24,19,19,15,15,20,42,42,62,0,0],"gold":208,"neow_bonus":"RANDOM_COLORLESS_2","is_daily":false,"chose_seed":false,"campfire_upgraded":1,"win_rate":0.0,"timestamp":1609877019,"path_taken":["M","M","?","?","?","R","E","?","T","E","R","?","R","?","R","BOSS"],"items_purchased_type":[],"build_version":"2020-12-22","purchased_purges":0,"victory":false,"max_hp_per_floor":[71,71,71,71,71,71,71,71,71,71,71,76,76,69,69,74,74],"relic_stats":{"counters":[6,27],"Sundial":[2],"Shuriken":[2],"Golden Idol":0,"MealTicket":0,"obtain_stats":[{"Sundial":7,"Shuriken":10,"Golden Idol":14,"MealTicket":9,"Cracked Core":0,"White Beast Statue":3},{"Sundial":3,"Shuriken":5,"Golden Idol":5,"MealTicket":4,"Cracked Core":0,"White Beast Statue":2},{"Sundial":9,"Shuriken":16,"Golden Idol":16,"MealTicket":11,"Cracked Core":0,"White Beast Statue":5}]},"card_choices":[{"not_picked":["Secret Technique","Transmutation"],"picked":"Apotheosis","floor":0},{"not_picked":["Turbo","Coolheaded"],"picked":"Beam Cell","floor":1},{"not_picked":["Stack","Ball Lightning"],"picked":"Cold Snap","floor":2},{"not_picked":["Cold Snap","Redo"],"picked":"Rebound","floor":7},{"not_picked":["Blizzard","Ball Lightning"],"picked":"Leap","floor":8},{"not_picked":["Hologram","Reinforced Body"],"picked":"BootSequence","floor":10}],"player_experience":354147,"relics_obtained":[{"floor":3,"key":"White Beast Statue"},{"floor":7,"key":"Sundial"},{"floor":9,"key":"MealTicket"},{"floor":10,"key":"Shuriken"}],"event_choices":[{"cards_removed":["Strike_B"],"damage_healed":0,"gold_gain":0,"player_choice":"Card Removal","damage_taken":7,"max_hp_gain":0,"max_hp_loss":0,"event_name":"Golden Wing","floor":4,"gold_loss":0},{"damage_healed":0,"gold_gain":0,"player_choice":"Entered Light","damage_taken":21,"max_hp_gain":0,"max_hp_loss":0,"event_name":"Shining Light","floor":5,"gold_loss":0,"cards_upgraded":["Apotheosis","Strike_B"]},{"damage_healed":0,"gold_gain":0,"player_choice":"Donut","damage_taken":0,"max_hp_gain":5,"max_hp_loss":0,"event_name":"Big Fish","floor":12,"gold_loss":0},{"damage_healed":0,"gold_gain":0,"player_choice":"Lose Max HP","damage_taken":0,"relics_obtained":["Golden Idol"],"max_hp_gain":0,"max_hp_loss":7,"event_name":"Golden Idol","floor":14,"gold_loss":0}],"is_beta":false,"boss_relics":[],"items_purged_floors":[],"is_endless":false,"potions_floor_spawned":[2,7,8,10],"killed_by":"Hexaghost","ascension_level":20}}