{"host":"37dk0reb6x0du8wx","time":1609840350,"event":{"mods":["BaseMod","Colored Map","DeckTracker","Minty Spire (QoL Compilation)","Quick Restart","StSLib"],"gold_per_floor":[114,114,114,137,312,356,356,400,479,508,508,20,60,75,75,75,75],"floor_reached":16,"playtime":371,"items_purged":[],"score":169,"play_id":"cd7942c2-143d-468c-bb28-7f2678555076","local_time":"20210105185230","is_ascension_mode":true,"campfire_choices":[{"data":"Auto Shields","floor":7,"key":"SMITH"},{"floor":11,"key":"REST"},{"floor":15,"key":"REST"}],"circlet_count":0,"master_deck":["Strike_B","Strike_B","Strike_B","Defend_B","Defend_B","Defend_B","Defend_B","Zap","Dualcast","Doubt","Auto Shields+1","Loop","Conserve Battery","Self Repair"],"relics":["Cracked Core","NeowsBlessing","Golden Idol","Bronze Scales","Mummified Hand","Gremlin Horn","Odd Mushroom","Regal Pillow","PrismaticShard","MealTicket","Blue Candle"],"acts_visited":["Exordium"],"potions_floor_usage":[8,13,14],"damage_taken":[{"damage":0,"enemies":"Small Slimes","floor":1,"turns":1},{"damage":0,"enemies":"2 Louse","floor":4,"turns":1},{"damage":0,"enemies":"3 Sentries","floor":6,"turns":1},{"damage":27,"enemies":"Gremlin Nob","floor":8,"turns":5},{"damage":35,"enemies":"The Mushroom Lair","floor":10,"turns":4},{"damage":18,"enemies":"3 Sentries","floor":13,"turns":7},{"damage":0,"enemies":"Cultist","floor":14,"turns":3},{"damage":62,"enemies":"Slime Boss","floor":16,"turns":8}],"seed_played":"3552096304709658119","potions_obtained":[{"floor":6,"key":"DistilledChaos"},{"floor":10,"key":"SkillPotion"},{"floor":13,"key":"Regen Potion"}],"is_trial":false,"path_per_floor":["M","?","?","M","?","E","R","E","T","?","R","$","E","M","R","B"],"character_chosen":"DEFECT","items_purchased":["Regal Pillow","PrismaticShard","MealTicket","Conserve Battery"],"campfire_rested":2,"item_purchase_floors":[12,12,12,12],"current_hp_per_floor":[75,69,69,69,69,69,69,42,42,7,27,27,9,21,56,0,0],"gold":75,"neow_bonus":"THREE_ENEMY_KILL","is_daily":false,"chose_seed":false,"campfire_upgraded":1,"win_rate":0.0,"timestamp":1609840350,"path_taken":["M","?","?","?","?","E","R","E","T","?","R","?","E","M","R","BOSS"],"items_purchased_type":["Relic","Relic","Relic","Card"],"build_version":"2020-12-22","purchased_purges":0,"victory":false,"max_hp_per_floor":[75,69,69,69,69,69,69,69,69,69,69,69,69,69,69,69,69],"card_choices":[{"not_picked":["Turbo","Hello World","Compile Driver"],"picked":"SKIP","floor":1},{"not_picked":["Hologram","Undo","Sunder"],"picked":"SKIP","floor":4},{"not_picked":["Go for the Eyes","Rebound"],"picked":"Auto Shields","floor":6},{"not_picked":["Rebound","Streamline"],"picked":"Loop","floor":8},{"not_picked":["MasterReality","Battle Trance","Backflip"],"picked":"SKIP","floor":13},{"not_picked":["Collect","Fasting2"],"picked":"Self Repair","floor":14}],"player_experience":155942,"relics_obtained":[{"floor":6,"key":"Bronze Scales"},{"floor":8,"key":"Mummified Hand"},{"floor":9,"key":"Gremlin Horn"},{"floor":10,"key":"Odd Mushroom"},{"floor":13,"key":"Blue Candle"}],"event_choices":[{"damage_healed":0,"gold_gain":0,"player_choice":"Lose Max HP","damage_taken":0,"relics_obtained":["Golden Idol"],"max_hp_gain":0,"max_hp_loss":6,"event_name":"Golden Idol","floor":2,"gold_loss":0},{"cards_removed":["Strike_B"],"damage_healed":0,"gold_gain":0,"player_choice":"Purged","damage_taken":0,"max_hp_gain":0,"max_hp_loss":0,"event_name":"Purifier","floor":3,"gold_loss":0},{"damage_healed":0,"gold_gain":175,"player_choice":"AGREE","damage_taken":0,"max_hp_gain":0,"max_hp_loss":0,"event_name":"Liars Game","floor":5,"gold_loss":0,"cards_obtained":["Doubt"]},{"damage_healed":0,"gold_gain":0,"player_choice":"Fought Mushrooms","damage_taken":0,"max_hp_gain":0,"max_hp_loss":0,"event_name":"Mushrooms","floor":10,"gold_loss":0}],"is_beta":false,"boss_relics":[],"items_purged_floors":[],"is_endless":false,"potions_floor_spawned":[6,10,13],"killed_by":"Slime Boss","ascension_level":4}}