{"host":"tom9euzqew4po1rs","time":1609882941,"event":{"mods":["BaseMod","Dota2Spire","Minty Spire (QoL Compilation)","Quick Restart","Rare Cards Sparkle","Replay The Spire","StSLib","The Animator","The Cursed"],"gold_per_floor":[117,34,44,44,55,55,55,55,125,145,161,177,177,55,55,150,150,160,160,175,3,22,22,22,22,22,47,147,147,163,285,285,394,394,411,437,21,0,24,24,24,24,83,83,92,101,101,25,25,25,25,148,157,177,191,132,143,143],"floor_reached":57,"playtime":4668,"items_purged":["TheCursedMod:Defend_TheCursed"],"score":837,"play_id":"74b00a48-ff63-47f9-8a20-7ba678f85ad9","local_time":"20210105164221","daily_mods":["Heirloom","Cursed Run"],"is_ascension_mode":false,"campfire_choices":[{"data":"TheCursedMod:DemonicPact","floor":6,"key":"SMITH"},{"data":"TheCursedMod:Grudge","floor":8,"key":"SMITH"},{"data":"TheCursedMod:CircleOfAmplification","floor":13,"key":"SMITH"},{"data":"TheCursedMod:CircleOfWindfury","floor":15,"key":"SMITH"},{"data":"TheCursedMod:AntiAging","floor":23,"key":"SMITH"},{"floor":25,"key":"REST"},{"data":"ReplayTheSpireMod:Private Reserves","floor":29,"key":"SMITH"},{"data":"TheCursedMod:TroublousMinions","floor":32,"key":"SMITH"},{"data":"TheCursedMod:LuckyCharm","floor":40,"key":"SMITH"},{"data":"TheCursedMod:Hemoplague","floor":44,"key":"SMITH"},{"data":"TheCursedMod:CircleOfCorruption","floor":47,"key":"SMITH"},{"data":"Madness","floor":49,"key":"SMITH"},{"data":"TheCursedMod:Torture","floor":51,"key":"SMITH"}],"circlet_count":0,"master_deck":["TheCursedMod:Strike_TheCursed","TheCursedMod:Strike_TheCursed","TheCursedMod:Strike_TheCursed","TheCursedMod:Strike_TheCursed","TheCursedMod:Defend_TheCursed","TheCursedMod:Defend_TheCursed","TheCursedMod:Defend_TheCursed","TheCursedMod:CursedWand","TheCursedMod:CleanUpWorkshop","TheCursedMod:Dregs","TheCursedMod:Grudge+1","ReplayTheSpireMod:Private Reserves+1","TheCursedMod:SoulReap","TheCursedMod:DemonicPact+1","Pain","TheCursedMod:Torture+1","TheCursedMod:CircleOfAmplification+1","TheCursedMod:CircleOfWindfury+1","TheCursedMod:SurpriseAttack+1","Finesse","Clumsy","TheCursedMod:AntiAging+1","TheCursedMod:Evocation+1","TheCursedMod:EmpowerCircles+1","TheCursedMod:TroublousMinions","TheCursedMod:CursedAmulet","TheCursedMod:CircleOfBlood+1","Hallucinations","TheCursedMod:CursedAmulet","TheCursedMod:TroublousMinions+1","TheCursedMod:SurpriseAttack+1","animator:Curse_GriefSeed","TheCursedMod:ReleasedKnowledge+1","TheCursedMod:BlessingInDisguise","animator:Curse_GriefSeed","TheCursedMod:LuckyCharm+1","TheCursedMod:Hemoplague+1","TheCursedMod:ReleasedKnowledge+1","TheCursedMod:CircleOfCorruption+1","ReplayTheSpireMod:Splinters","Pain","Madness+1","TheCursedMod:Dregs","TheCursedMod:AntiAging","AbeCurse","TheCursedMod:CursedSpellbook","TheCursedMod:Hemoplague"],"relics":["Cursed Key","Darkstone Periapt","Du-Vu Doll","Counterbalance","Bronze Scales","Iron Hammer","Singing Bowl","Bird Faced Urn","Dota2Spire:ShadowBlade","Ginger","Replay:WaspNest","CeramicFish","TheCursedMod:FourLeafCloverCharm","Dota2Spire:ShivaGuard","Red Mask","WingedGreaves","HornCleat","WarpedTongs","Abe\u0027s Treasure"],"acts_visited":["Exordium","TheCity","TheBeyond","Exordium"],"potions_floor_usage":[28,30,30,30,33,33,36,43,52],"damage_taken":[{"damage":1,"enemies":"Jaw Worm","floor":1,"turns":4},{"damage":0,"enemies":"2 Louse","floor":3,"turns":3},{"damage":0,"enemies":"Cultist","floor":5,"turns":3},{"damage":5,"enemies":"Red Slaver","floor":10,"turns":3},{"damage":0,"enemies":"Looter","floor":11,"turns":1},{"damage":9,"enemies":"Blue Slaver","floor":12,"turns":2},{"damage":34,"enemies":"The Guardian","floor":16,"turns":7},{"damage":28,"enemies":"3 Byrds","floor":18,"turns":4},{"damage":3,"enemies":"Shell Parasite","floor":20,"turns":3},{"damage":34,"enemies":"Shelled Parasite and Fungi","floor":22,"turns":7},{"damage":36,"enemies":"Book of Stabbing","floor":27,"turns":5},{"damage":27,"enemies":"Colosseum Slavers","floor":28,"turns":4},{"damage":23,"enemies":"Colosseum Nobs","floor":28,"turns":6},{"damage":14,"enemies":"Centurion and Healer","floor":30,"turns":8},{"damage":54,"enemies":"Automaton","floor":33,"turns":16},{"damage":0,"enemies":"Orb Walker","floor":35,"turns":1},{"damage":20,"enemies":"3 Darklings","floor":36,"turns":12},{"damage":34,"enemies":"Jaw Worm Horde","floor":39,"turns":6},{"damage":3,"enemies":"Mind Bloom Boss Battle","floor":43,"turns":8},{"damage":56,"enemies":"Time Eater","floor":52,"turns":10},{"damage":0,"enemies":"Small Slimes","floor":54,"turns":2},{"damage":1,"enemies":"Jaw Worm","floor":55,"turns":4},{"damage":0,"enemies":"2 Louse","floor":57,"turns":1}],"seed_played":"-5446585187713152400","potions_obtained":[{"floor":3,"key":"Regen Potion"},{"floor":18,"key":"Energy Potion"},{"floor":27,"key":"Block Potion"},{"floor":28,"key":"EntropicBrew"},{"floor":35,"key":"BlessingOfTheForge"},{"floor":39,"key":"LiquidMemories"},{"floor":43,"key":"AttackPotion"},{"floor":52,"key":"Toxic Potion"}],"is_trial":true,"path_per_floor":["M","$","M","?","M","R","?","R","T","M","M","M","R","$","R","B",null,"M","?","M","$","M","R","$","R","T","E","?","R","M","?","R","B",null,"M","M","$","?","M","R","PTL","PTL","?","R","T","?","R","$","R","$","R","B",null,"M","M","$","M"],"character_chosen":"THE_CURSED","items_purchased":["ReplayTheSpireMod:Private Reserves","TheCursedMod:SurpriseAttack+1","Finesse","TheCursedMod:EmpowerCircles+1","TheCursedMod:TroublousMinions","TheCursedMod:CursedAmulet","Dota2Spire:ShivaGuard","TheCursedMod:Hemoplague","Madness","TheCursedMod:Hemoplague"],"campfire_rested":1,"item_purchase_floors":[2,14,14,21,21,21,37,37,48,56],"current_hp_per_floor":[74,74,74,62,68,68,68,68,74,76,81,72,72,72,72,53,87,63,63,70,70,48,48,48,75,81,70,64,64,73,79,79,50,125,127,117,117,117,103,103,103,103,128,128,134,140,140,140,140,140,140,115,163,163,165,165,165,165],"gold":143,"neow_bonus":"","is_daily":false,"chose_seed":false,"campfire_upgraded":12,"win_rate":0.0,"timestamp":1609882941,"path_taken":["M","$","M","?","M","R","?","R","T","M","M","?","R","?","R","BOSS","M","?","?","$","M","R","$","R","T","E","?","R","M","?","R","BOSS","M","M","$","?","M","R","PTL","PTL","?","R","T","?","R","$","R","$","R","BOSS","M","M","$","M"],"items_purchased_type":["Card","Card","Card","Card","Card","Card","Relic","Card","Card","Card"],"build_version":"2020-12-22","purchased_purges":1,"victory":false,"max_hp_per_floor":[75,75,75,75,75,75,75,75,81,81,81,81,81,81,81,87,87,87,87,91,91,93,93,93,93,99,102,105,105,108,114,114,125,125,127,130,130,130,133,133,133,133,136,136,142,148,148,148,148,148,148,157,163,163,165,165,165,165],"card_choices":[{"not_picked":["TheCursedMod:WearCloak","TheCursedMod:CursedAmulet"],"picked":"TheCursedMod:Grudge","floor":1},{"not_picked":["TheCursedMod:Stretching","TheCursedMod:CursedShiv"],"picked":"TheCursedMod:SoulReap","floor":3},{"not_picked":["TheCursedMod:WearCloak","TheCursedMod:AshesToAshes"],"picked":"TheCursedMod:DemonicPact","floor":5},{"not_picked":["TheCursedMod:FleshFromBone","TheCursedMod:CursedAmulet"],"picked":"TheCursedMod:Torture","floor":10},{"not_picked":["TheCursedMod:Evocation","TheCursedMod:CursedAmulet"],"picked":"TheCursedMod:CircleOfAmplification","floor":11},{"not_picked":["TheCursedMod:CursedMace","TheCursedMod:SurpriseAttack"],"picked":"TheCursedMod:CircleOfWindfury","floor":12},{"not_picked":["TheCursedMod:DemonSword","TheCursedMod:DemonicPact"],"picked":"TheCursedMod:AntiAging","floor":16},{"not_picked":["TheCursedMod:SpitefulStrike+1","TheCursedMod:Wield"],"picked":"TheCursedMod:Evocation+1","floor":18},{"not_picked":["TheCursedMod:CursedMace+1","TheCursedMod:SmokeScreen","TheCursedMod:RavingStaff"],"picked":"Singing Bowl","floor":20},{"not_picked":["TheCursedMod:WearCloak","TheCursedMod:SaltUponWound+1"],"picked":"TheCursedMod:CircleOfBlood+1","floor":22},{"not_picked":["TheCursedMod:FleshFromBone","TheCursedMod:VitalStrike"],"picked":"TheCursedMod:CursedAmulet","floor":27},{"not_picked":["TheCursedMod:CursedAmulet","TheCursedMod:SmokeScreen+1"],"picked":"TheCursedMod:TroublousMinions","floor":28},{"not_picked":["TheCursedMod:CursedAmulet","TheCursedMod:ManaBullet"],"picked":"TheCursedMod:SurpriseAttack+1","floor":30},{"not_picked":["TheCursedMod:ForbiddenAlchemy","TheCursedMod:CircleOfFlame"],"picked":"TheCursedMod:ReleasedKnowledge+1","floor":31},{"not_picked":["TheCursedMod:Obscuration","TheCursedMod:FleshFromBone"],"picked":"TheCursedMod:BlessingInDisguise","floor":31},{"not_picked":["TheCursedMod:ShockAndAwe","TheCursedMod:ParallelWorld","TheCursedMod:UltimatePain"],"picked":"Singing Bowl","floor":33},{"not_picked":["TheCursedMod:RapidMovement+1","TheCursedMod:WearCloak+1","TheCursedMod:Stigma+1"],"picked":"Singing Bowl","floor":35},{"not_picked":["TheCursedMod:VitalStrike+1","TheCursedMod:ReleasedKnowledge+1"],"picked":"TheCursedMod:LuckyCharm","floor":36},{"not_picked":["TheCursedMod:CursedShiv+1","TheCursedMod:Obscuration+1"],"picked":"TheCursedMod:ReleasedKnowledge+1","floor":39},{"not_picked":["TheCursedMod:SaltUponWound","TheCursedMod:EmpowerCircles"],"picked":"TheCursedMod:CircleOfCorruption","floor":43},{"not_picked":["TheCursedMod:Neurasthenia","TheCursedMod:ForbiddenAlchemy"],"picked":"TheCursedMod:AntiAging","floor":52},{"not_picked":["TheCursedMod:TacticalStrike","TheCursedMod:CursedShiv"],"picked":"TheCursedMod:CursedSpellbook","floor":54},{"not_picked":["TheCursedMod:CursedBoomerang","TheCursedMod:DoubleShield","TheCursedMod:FleshFromBone"],"picked":"Singing Bowl","floor":55}],"player_experience":56360,"relics_obtained":[{"floor":9,"key":"Iron Hammer"},{"floor":26,"key":"Bird Faced Urn"},{"floor":27,"key":"Dota2Spire:ShadowBlade"},{"floor":28,"key":"Ginger"},{"floor":28,"key":"Replay:WaspNest"},{"floor":31,"key":"CeramicFish"},{"floor":43,"key":"WingedGreaves"},{"floor":45,"key":"HornCleat"}],"event_choices":[{"damage_healed":0,"gold_gain":0,"player_choice":"Success","damage_taken":12,"relics_obtained":["Bronze Scales"],"max_hp_gain":0,"max_hp_loss":0,"event_name":"Scrap Ooze","floor":4,"gold_loss":0},{"damage_healed":0,"gold_gain":0,"player_choice":"Ignored","damage_taken":0,"max_hp_gain":0,"max_hp_loss":0,"event_name":"NoteForYourself","floor":7,"gold_loss":0},{"damage_healed":0,"gold_gain":0,"player_choice":"Gave Potion","damage_taken":0,"relics_obtained":["Singing Bowl"],"max_hp_gain":0,"max_hp_loss":0,"event_name":"WeMeetAgain","floor":19,"gold_loss":0},{"damage_healed":0,"gold_gain":0,"player_choice":"Fight","damage_taken":0,"max_hp_gain":0,"max_hp_loss":0,"event_name":"Colosseum","floor":28,"gold_loss":0},{"damage_healed":0,"gold_gain":0,"player_choice":"Fought Nobs","damage_taken":0,"max_hp_gain":0,"max_hp_loss":0,"event_name":"Colosseum","floor":28,"gold_loss":0},{"damage_healed":0,"gold_gain":0,"player_choice":"Paid","damage_taken":0,"relics_obtained":["Red Mask"],"max_hp_gain":0,"max_hp_loss":0,"event_name":"Tomb of Lord Red Mask","floor":38,"gold_loss":21},{"damage_healed":0,"gold_gain":0,"player_choice":"Fight","damage_taken":0,"max_hp_gain":0,"max_hp_loss":0,"event_name":"MindBloom","floor":43,"gold_loss":0},{"damage_healed":0,"gold_gain":0,"player_choice":"Rummage","damage_taken":0,"relics_obtained":["WarpedTongs"],"max_hp_gain":0,"max_hp_loss":0,"event_name":"Accursed Blacksmith","floor":46,"gold_loss":0,"cards_obtained":["Pain"]}],"is_beta":false,"boss_relics":[{"not_picked":["Runic Dome","Ectoplasm","Coffee Dripper"]},{"not_picked":["Sozu","Busted Crown"],"picked":"TheCursedMod:FourLeafCloverCharm"},{"not_picked":["ReplayTheSpireMod:DimensionalGlitch","ChewingGum"],"picked":"Abe\u0027s Treasure"}],"items_purged_floors":[37],"is_endless":true,"potions_floor_spawned":[3,18,27,28,35,39,43,52],"killed_by":"2 Louse","ascension_level":0}}