{"host":"vvp4eihuvtuugjfx","time":1609827469,"event":{"mods":["AchievementEnabler","Act Like it!","Aspiration","BaseMod","Better Altar","Better Match","Better Note","Better Sensory Stone","Better Skull","Better Third Choice","BetterRewards","CCEM","Colored Map","Colored Powertips","Downfall","GifTheSpireLib","Hallownest","Highlight Path","Mimic Mod","Minty Spire (QoL Compilation)","Permanent Neow","Quick Restart","Replay The Spire","Shop Mod","Spicy Shops","StSLib","The Bug Knight","Unceasing Turn Reminder"],"gold_per_floor":[99,118,128,128,128,65,132,155,267,279,324,356,378,422,454,563,575,512,549,594,606,618,677,738,781,846,858,890,902,940,981,1027,1158,1170,1107,1152,1221,1285,1335,1415,1427,1490,1502,1543,622,662,587,644,677,695],"floor_reached":51,"playtime":5320,"items_purged":["Regret"],"score":913,"play_id":"337f39a9-ef4b-4442-bd57-04ba27aa1b61","local_time":"20210105071749","is_ascension_mode":false,"campfire_choices":[{"floor":1,"key":"RECALL"},{"data":"Replay:SS_hec_2","floor":6,"key":"SMITH"},{"data":"sneckomod:SnekBite","floor":18,"key":"SMITH"},{"data":"sneckomod:TailWhip","floor":35,"key":"SMITH"},{"data":"expansioncontent:DefensiveStance","floor":43,"key":"SMITH"}],"circlet_count":0,"master_deck":["sneckomod:Defend","sneckomod:Defend+1","sneckomod:Defend","sneckomod:TailWhip+1","sneckomod:SnekBite+1","sneckomod:Unknown","sneckomod:Unknown","sneckomod:UnknownRareAttack+1","sneckomod:UnknownClassSLIMEBOUND+1","sneckomod:UnknownUncommonAttack","Replay:SS_hec_2+1","Double Tap+1","sneckomod:UnknownX","sneckomod:UnknownCommonAttack","sneckomod:UnknownClassSLIMEBOUND","sneckomod:UnknownVulnerable","sneckomod:UnknownX","sneckomod:UnknownCommonAttack","sneckomod:Unknown3Cost","CurseOfTheBell","sneckomod:UnknownClassSLIMEBOUND","sneckomod:SnakeSap","sneckomod:WideSting+1","Dagger Spray","expansioncontent:ChargeUp","HollowMod:TaintedHusks+1","hexamod:SpectersWail","HollowMod:SiblingsSouls+1","Bite","Bite","Bite","Bite","Bite","sneckomod:UnknownClassBLUE+1","Replay:LoomingThreat","hexamod:SearingWound","champ:BerserkersShout+1","expansioncontent:DefensiveStance+1","expansioncontent:GuardianWhirl+1","HollowMod:VengefulVoid+1","Slimebound:SplitAcid","Replay:SS_forest_5","sneckomod:UnknownUncommonPower+1","sneckomod:UnknownWeak","expansioncontent:Corrupt","sneckomod:UnknownWeak+1","sneckomod:DefensiveFlair+1","sneckomod:MorePower","sneckomod:UnknownRarePower"],"relics":["sneckomod:SneckoSoul","downfall:HeartBlessingRed","aspiration:HatOfInfinitePower","Onion Ring","Replay:Bandana","TungstenRod","Quantum Egg","Bird Faced Urn","Nloth\u0027s Gift","CCEMRelics:Sandal","Lantern","Runic Dome","downfall:HeartBlessingGreen","Mummified Hand","sneckomod:ConfusingCodex","Molten Egg 2","MerchantsRug","Pantograph","OrangePellets","Pet Ghost"],"acts_visited":["Exordium","TheCity","TheBeyond"],"potions_floor_usage":[16,23,25,28,32,46],"damage_taken":[{"damage":1,"enemies":"Cultist","floor":2,"turns":4},{"damage":7,"enemies":"Small Slimes","floor":3,"turns":3},{"damage":0,"enemies":"Jaw Worm","floor":8,"turns":4},{"damage":6,"enemies":"Lagavulin","floor":11,"turns":5},{"damage":7,"enemies":"Large Slime","floor":12,"turns":4},{"damage":2,"enemies":"3 Louse","floor":13,"turns":2},{"damage":3,"enemies":"3 Sentries","floor":14,"turns":6},{"damage":1,"enemies":"Blue Slaver","floor":15,"turns":2},{"damage":21,"enemies":"downfall:Silent","floor":16,"turns":9},{"damage":1,"enemies":"Spheric Guardian","floor":19,"turns":3},{"damage":16,"enemies":"Shell Parasite","floor":20,"turns":4},{"damage":1,"enemies":"HollowMod:Nosk","floor":23,"turns":9},{"damage":0,"enemies":"Centurion and Healer","floor":24,"turns":5},{"damage":11,"enemies":"Centurion and Healer","floor":25,"turns":4},{"damage":0,"enemies":"Book of Stabbing","floor":26,"turns":5},{"damage":19,"enemies":"Snake Plant","floor":28,"turns":2},{"damage":1,"enemies":"Shelled Parasite and Fungi","floor":31,"turns":3},{"damage":0,"enemies":"Chosen and Byrds","floor":32,"turns":2},{"damage":14,"enemies":"downfall:Defect","floor":33,"turns":6},{"damage":10,"enemies":"3 Shapes","floor":36,"turns":3},{"damage":19,"enemies":"3 Darklings","floor":37,"turns":3},{"damage":18,"enemies":"Spire Growth","floor":39,"turns":4},{"damage":19,"enemies":"Transient","floor":40,"turns":5},{"damage":33,"enemies":"Giant Head","floor":42,"turns":8},{"damage":9,"enemies":"Sphere and 2 Shapes","floor":44,"turns":3},{"damage":3,"enemies":"downfall:FleeingMerchant","floor":45,"turns":4},{"damage":13,"enemies":"3 Darklings","floor":46,"turns":4},{"damage":25,"enemies":"Reptomancer","floor":48,"turns":7},{"damage":0,"enemies":"Jaw Worm Horde","floor":49,"turns":2},{"damage":3,"enemies":"downfall:Watcher","floor":50,"turns":5}],"seed_played":"-3837585270135271858","potions_obtained":[{"floor":3,"key":"Languid Potion"},{"floor":8,"key":"champ:CounterPotion"},{"floor":15,"key":"Elixir"},{"floor":20,"key":"Regen Potion"},{"floor":25,"key":"Energy Potion"},{"floor":26,"key":"sneckomod:DiceRollPotion"},{"floor":38,"key":"Ancient Potion"},{"floor":38,"key":"sneckomod:CheatPotion"},{"floor":38,"key":"LiquidBronze"},{"floor":39,"key":"AttackPotion"},{"floor":44,"key":"sneckomod:DiceRollPotion"},{"floor":46,"key":"Venom Potion"},{"floor":49,"key":"LiquidMemories"}],"is_trial":false,"path_per_floor":["R","M","M","?","?","R","T","M","?","?","E","M","M","E","M","B",null,"R","M","M","?","?","E","MIM","M","E","?","M","?","T","M","M","B",null,"R","M","M","?","M","M","T","E","R","M","$","M","?","E","M","B",null],"character_chosen":"THE_SNECKO","items_purchased":["Molten Egg 2","MerchantsRug","sneckomod:UnknownWeak","Pantograph","OrangePellets","expansioncontent:Corrupt","Regen Potion"],"campfire_rested":0,"item_purchase_floors":[45,45,45,45,45,45,45],"current_hp_per_floor":[91,91,85,85,68,68,68,69,69,69,64,62,61,59,59,41,100,110,110,98,98,91,105,105,102,102,102,83,77,77,77,77,68,78,78,68,61,43,35,56,56,53,53,58,68,74,74,67,68,82],"gold":695,"neow_bonus":"ONE_RANDOM_RARE_CARD","is_daily":false,"chose_seed":false,"campfire_upgraded":4,"win_rate":0.0,"timestamp":1609827469,"path_taken":["R","M","M","?","?","R","T","M","?","?","E","?","M","E","M","BOSS","R","M","M","?","?","E","MIM","M","E","?","?","?","?","M","M","BOSS","R","M","M","?","?","M","T","E","R","M","$","M","?","E","M","BOSS"],"items_purchased_type":["Relic","Relic","Card","Relic","Relic","Card","Potion"],"build_version":"2020-12-22","purchased_purges":1,"victory":true,"max_hp_per_floor":[91,92,93,93,93,93,93,94,94,94,95,96,97,98,99,100,100,110,111,111,111,111,111,111,111,111,111,111,77,77,78,78,78,78,78,78,78,78,78,78,78,78,78,79,80,81,81,81,82,82],"card_choices":[{"not_picked":["sneckomod:IronFang","sneckomod:QuickBite"],"picked":"sneckomod:UnknownClassSLIMEBOUND","floor":2},{"not_picked":["sneckomod:SoulDraw","sneckomod:UnknownClassGUARDIAN"],"picked":"sneckomod:UnknownUncommonAttack","floor":3},{"not_picked":["expansioncontent:ChargeUp","Replay:SS_fish_1"],"picked":"Replay:SS_hec_2","floor":4},{"not_picked":["sneckomod:DiceBlock","sneckomod:SlitherStrike"],"picked":"sneckomod:UnknownX","floor":8},{"not_picked":["sneckomod:ImprovisedGuard","sneckomod:WideSting"],"picked":"sneckomod:UnknownCommonAttack","floor":11},{"not_picked":["sneckomod:WideSting","sneckomod:SoulDraw"],"picked":"sneckomod:UnknownClassSLIMEBOUND","floor":12},{"not_picked":["sneckomod:SoulRoll","sneckomod:SlitherStrike"],"picked":"sneckomod:UnknownVulnerable","floor":13},{"not_picked":["sneckomod:UnknownClassRED","sneckomod:DiceBoulder"],"picked":"sneckomod:UnknownX","floor":14},{"not_picked":["sneckomod:WideSting","sneckomod:UnknownClassTHE_CHAMP_GRAY"],"picked":"sneckomod:UnknownCommonAttack","floor":15},{"not_picked":["sneckomod:SerpentMind","sneckomod:Restock"],"picked":"sneckomod:Unknown3Cost","floor":16},{"not_picked":["sneckomod:UnknownCommonAttack+1","sneckomod:SoulRoll"],"picked":"sneckomod:UnknownClassSLIMEBOUND","floor":19},{"not_picked":["sneckomod:Nope","sneckomod:QuickMove"],"picked":"sneckomod:SnakeSap","floor":20},{"not_picked":["sneckomod:UnknownCommonSkill","sneckomod:SoulRoll"],"picked":"sneckomod:WideSting+1","floor":22},{"not_picked":["hexamod:ChargedBarrage","hexamod:PhantomCloak"],"picked":"Dagger Spray","floor":23},{"not_picked":["Slimebound:Grow","Guardian:Gem_Crimson"],"picked":"expansioncontent:ChargeUp","floor":24},{"not_picked":["HollowMod:PureVessel","hexamod:SecondSeal"],"picked":"HollowMod:TaintedHusks+1","floor":25},{"not_picked":["Dash+1","Massacre+1"],"picked":"hexamod:SpectersWail","floor":26},{"not_picked":["Iron Wave","Heavy Blade"],"picked":"HollowMod:SiblingsSouls+1","floor":28},{"not_picked":["Poisoned Stab","hexamod:GhostLash"],"picked":"sneckomod:UnknownClassBLUE+1","floor":31},{"not_picked":["Dagger Throw","hexamod:BurningTouch"],"picked":"Replay:LoomingThreat","floor":32},{"not_picked":["champ:Improvising","champ:DancingMaster"],"picked":"hexamod:SearingWound","floor":33},{"not_picked":["hexamod:NightmareGuise+1","HollowMod:InfectedAttack"],"picked":"champ:BerserkersShout+1","floor":36},{"not_picked":["Quick Slash","Wraith Form v2"],"picked":"expansioncontent:DefensiveStance","floor":37},{"not_picked":["Undo","ReplayTheSpireMod:Private Reserves"],"picked":"expansioncontent:GuardianWhirl+1","floor":38},{"not_picked":["FlyingSleeves+1","champ:DefensiveShout"],"picked":"HollowMod:VengefulVoid+1","floor":39},{"not_picked":["Guardian:ArmoredProtocol+1","Guardian:TemporalStrike"],"picked":"Slimebound:SplitAcid","floor":40},{"not_picked":["ReplayTheSpireMod:Strike From Hell","Sucker Punch+1"],"picked":"Replay:SS_forest_5","floor":42},{"not_picked":["HollowMod:SoulSplash+1","Slimebound:Gluttony"],"picked":"sneckomod:UnknownUncommonPower+1","floor":44},{"not_picked":["Replay:BluntJabs","hexamod:SearingWound","Sucker Punch+1"],"picked":"SKIP","floor":45},{"not_picked":["sneckomod:UnknownBlock","sneckomod:UnknownClassBUGKNIGHT_GRAY_COLOR+1"],"picked":"sneckomod:UnknownWeak+1","floor":46},{"not_picked":["sneckomod:DiceBoulder+1","sneckomod:MasterEye+1"],"picked":"sneckomod:DefensiveFlair+1","floor":47},{"not_picked":["sneckomod:WideSting+1","sneckomod:MasterEye"],"picked":"sneckomod:MorePower","floor":48},{"not_picked":["sneckomod:UnknownClassPURPLE+1","sneckomod:ImprovisedGuard+1"],"picked":"sneckomod:UnknownRarePower","floor":49}],"player_experience":747781,"relics_obtained":[{"floor":11,"key":"aspiration:HatOfInfinitePower"},{"floor":14,"key":"Onion Ring"},{"floor":17,"key":"Replay:Bandana"},{"floor":17,"key":"Matryoshka"},{"floor":17,"key":"TungstenRod"},{"floor":22,"key":"PrismaticShard"},{"floor":23,"key":"Regal Pillow"},{"floor":24,"key":"Quantum Egg"},{"floor":24,"key":"Replay:Bottled Steam"},{"floor":26,"key":"Bird Faced Urn"},{"floor":30,"key":"CCEMRelics:Sandal"},{"floor":30,"key":"Lantern"},{"floor":41,"key":"Mummified Hand"},{"floor":42,"key":"sneckomod:ConfusingCodex"},{"floor":48,"key":"Pet Ghost"}],"event_choices":[{"damage_healed":0,"gold_gain":1,"player_choice":"1","damage_taken":0,"max_hp_gain":0,"max_hp_loss":0,"event_name":"betterStone:BetterStone","floor":4,"gold_loss":0},{"damage_healed":0,"gold_gain":0,"player_choice":"Ignored","damage_taken":0,"max_hp_gain":0,"max_hp_loss":0,"event_name":"betterNote:BetterNote","floor":21,"gold_loss":0,"cards_obtained":["Purity"]},{"damage_healed":0,"gold_gain":0,"player_choice":"Became a vampire","damage_taken":0,"max_hp_gain":0,"max_hp_loss":34,"event_name":"Vampires","floor":29,"gold_loss":0,"cards_obtained":["Bite","Bite","Bite","Bite","Bite"]},{"damage_healed":0,"gold_gain":0,"player_choice":"2","damage_taken":0,"max_hp_gain":0,"max_hp_loss":0,"event_name":"betterMatch:BetterMatch","floor":47,"gold_loss":0,"cards_obtained":["betterMatch:UncommonCard"]}],"is_beta":false,"boss_relics":[{"not_picked":["Replay:Drink Me","Kintsugi"],"picked":"Calling Bell"},{"not_picked":["Replay:Ancient Bell","Ring of Chaos"],"picked":"Runic Dome"}],"items_purged_floors":[45],"is_endless":false,"potions_floor_spawned":[3,8,15,20,25,26,39,44,46,49],"ascension_level":0}}