{"host":"7zdktqb5xjtif29d","time":1609887552,"event":{"mods":["AchievementEnabler","BaseMod","Colored Map","Colored Powertips","Highlight Path","Minty Spire (QoL Compilation)","Rare Cards Sparkle","SuperFastMode","Waifu the Spire","everything is the same but u backflip on backflip"],"gold_per_floor":[119,135,189,264,279,307,327,345,370,400,365,365,383,400,400,505,505,518,536,63,78,96,96,131,131,212,212,222,248,163,163,163,265,265,281,336,636,656,675,704,720,720,720,739,756,770,780,805,805,805],"floor_reached":51,"playtime":3572,"items_purged":[],"score":890,"play_id":"60192856-a7ae-4545-9c3f-bfce530b085e","local_time":"20210105225912","is_ascension_mode":false,"campfire_choices":[{"floor":12.0,"key":"REST"},{"data":"Backflip","floor":15.0,"key":"SMITH"},{"data":"After Image","floor":23.0,"key":"SMITH"},{"floor":32.0,"key":"REST"},{"floor":42,"key":"REST"},{"floor":49,"key":"REST"}],"circlet_count":0,"master_deck":["Strike_G","Strike_G","Strike_G","Strike_G","Strike_G","Defend_G","Defend_G","Defend_G","Defend_G","Survivor","Neutralize","Backflip+1","Prepared","Cloak And Dagger","Cloak And Dagger","After Image+1","Prepared+1","Cloak And Dagger","Slice+1","Cloak And Dagger","Cloak And Dagger","Outmaneuver+1","Phantasmal Killer","Cloak And Dagger","Cloak And Dagger+1","Escape Plan+1","Infinite Blades","Infinite Blades","Masterful Stab","Quick Slash+1","Backflip","Slice","Eviscerate+1"],"relics":["WristBlade","PreservedInsect","Pen Nib","Omamori","Nunchaku","Calling Bell","Lantern","Gremlin Horn","Thread and Needle","Ginger","Sling","Anchor","Mercury Hourglass","Du-Vu Doll","Boot","HoveringKite","Mango","Orichalcum","FossilizedHelix","Dream Catcher"],"acts_visited":["Exordium","TheCity","TheBeyond"],"potions_floor_usage":[50,50,50,50],"damage_taken":[{"damage":0.0,"enemies":"Cultist","floor":1.0,"turns":4.0},{"damage":0.0,"enemies":"Small Slimes","floor":2.0,"turns":4.0},{"damage":0.0,"enemies":"2 Louse","floor":5.0,"turns":3.0},{"damage":20.0,"enemies":"Gremlin Nob","floor":6.0,"turns":5.0},{"damage":0.0,"enemies":"2 Fungi Beasts","floor":7.0,"turns":4.0},{"damage":14.0,"enemies":"Gremlin Gang","floor":8.0,"turns":5.0},{"damage":22.0,"enemies":"Lagavulin","floor":10.0,"turns":7.0},{"damage":6.0,"enemies":"Looter","floor":13.0,"turns":4.0},{"damage":1.0,"enemies":"Blue Slaver","floor":14.0,"turns":4.0},{"damage":31.0,"enemies":"Slime Boss","floor":16.0,"turns":13.0},{"damage":10.0,"enemies":"Spheric Guardian","floor":18.0,"turns":8.0},{"damage":0.0,"enemies":"Shell Parasite","floor":19.0,"turns":7.0},{"damage":0.0,"enemies":"Shelled Parasite and Fungi","floor":21.0,"turns":9.0},{"damage":9.0,"enemies":"Snake Plant","floor":22.0,"turns":5.0},{"damage":1.0,"enemies":"Book of Stabbing","floor":24.0,"turns":6.0},{"damage":2.0,"enemies":"Cultist and Chosen","floor":28.0,"turns":6.0},{"damage":0.0,"enemies":"Gremlin Leader","floor":29.0,"turns":3.0},{"damage":34.0,"enemies":"Automaton","floor":33.0,"turns":11.0},{"damage":14.0,"enemies":"3 Darklings","floor":35.0,"turns":8.0},{"damage":19,"enemies":"2 Orb Walkers","floor":36,"turns":7},{"damage":0,"enemies":"Orb Walker","floor":38,"turns":3},{"damage":6,"enemies":"Spire Growth","floor":39,"turns":6},{"damage":0,"enemies":"Nemesis","floor":40,"turns":3},{"damage":12,"enemies":"Transient","floor":41,"turns":5},{"damage":0,"enemies":"4 Shapes","floor":44,"turns":4},{"damage":0,"enemies":"3 Darklings","floor":45,"turns":5},{"damage":0,"enemies":"Writhing Mass","floor":46,"turns":6},{"damage":0,"enemies":"Spire Growth","floor":47,"turns":4},{"damage":0,"enemies":"Giant Head","floor":48,"turns":6},{"damage":110,"enemies":"Donu and Deca","floor":50,"turns":12}],"seed_played":"1385352108668026731","potions_obtained":[{"floor":6.0,"key":"PowerPotion"},{"floor":7.0,"key":"Fire Potion"},{"floor":10.0,"key":"SkillPotion"},{"floor":13.0,"key":"Fruit Juice"},{"floor":14.0,"key":"ColorlessPotion"},{"floor":19.0,"key":"EssenceOfSteel"},{"floor":22.0,"key":"SmokeBomb"},{"floor":28.0,"key":"BlessingOfTheForge"},{"floor":41,"key":"Poison Potion"},{"floor":44,"key":"EntropicBrew"},{"floor":47,"key":"FairyPotion"}],"is_trial":false,"path_per_floor":["M","M","T","?","M","E","M","M","T","E","?","R","M","M","R","B",null,"M","M","$","M","M","R","E","?","T","?","M","E","?","?","R","B",null,"M","?","?","M","M","E","M","R","T","M","M","M","M","E","R","B",null],"character_chosen":"THE_SILENT","items_purchased":["Ginger","Sling","Cloak And Dagger"],"campfire_rested":4,"item_purchase_floors":[20,20,20],"current_hp_per_floor":[70,70,70,59,59,39,39,25,25,3,20,41,40,39,39,8,75,65,65,65,65,56,56,55,55,55,55,53,53,53,53,75,41,75,61,56,56,56,50,50,38,64,64,64,64,64,64,64,89,26],"gold":805,"neow_bonus":"BOSS_RELIC","is_daily":false,"chose_seed":false,"campfire_upgraded":2,"win_rate":0.0,"timestamp":1609887552,"path_taken":["M","M","?","?","M","E","M","M","T","E","?","R","M","M","R","BOSS","M","M","$","M","M","R","E","?","T","?","?","E","?","?","R","BOSS","M","?","?","M","M","E","?","R","T","M","M","M","M","E","R","BOSS"],"items_purchased_type":["Relic","Relic","Card"],"build_version":"2020-12-22","purchased_purges":0,"victory":true,"max_hp_per_floor":[70,70,70,70,70,70,70,70,70,70,70,70,75,75,75,75,75,75,75,75,75,75,75,75,75,75,75,75,75,75,75,75,75,75,75,89,89,89,89,89,89,89,89,89,89,89,89,89,89,89],"card_choices":[{"not_picked":["Flying Knee","PiercingWail","Underhanded Strike"],"picked":"SKIP","floor":1.0},{"not_picked":["Distraction","Tactician"],"picked":"Backflip","floor":2.0},{"not_picked":["Escape Plan","Flechettes","Dodge and Roll"],"picked":"SKIP","floor":5.0},{"not_picked":["Sucker Punch","Dodge and Roll","Noxious Fumes"],"picked":"SKIP","floor":6.0},{"not_picked":["Well Laid Plans","Sucker Punch","Expertise"],"picked":"SKIP","floor":7.0},{"not_picked":["Underhanded Strike","Flying Knee"],"picked":"Prepared","floor":8.0},{"not_picked":["Masterful Stab","Outmaneuver"],"picked":"Cloak And Dagger","floor":10.0},{"not_picked":["Crippling Poison","Underhanded Strike"],"picked":"Cloak And Dagger","floor":13.0},{"not_picked":["Die Die Die","Deadly Poison","Bane"],"picked":"SKIP","floor":14.0},{"not_picked":["Unload","Die Die Die"],"picked":"After Image","floor":16.0},{"not_picked":["Escape Plan","PiercingWail","Dagger Spray"],"picked":"SKIP","floor":18.0},{"not_picked":["Deadly Poison","Quick Slash"],"picked":"Prepared+1","floor":19.0},{"not_picked":["Flying Knee","Dagger Throw"],"picked":"Slice+1","floor":21.0},{"not_picked":["Dagger Spray","Night Terror","Deflect"],"picked":"SKIP","floor":22.0},{"not_picked":["Poisoned Stab","PiercingWail"],"picked":"Cloak And Dagger","floor":24.0},{"not_picked":["Riddle With Holes","Poisoned Stab","Flying Knee"],"picked":"SKIP","floor":28.0},{"not_picked":["Dash","Noxious Fumes"],"picked":"Outmaneuver+1","floor":29.0},{"not_picked":["Bullet Time","Adrenaline"],"picked":"Phantasmal Killer","floor":33.0},{"not_picked":["Dodge and Roll+1","Setup"],"picked":"Cloak And Dagger","floor":35.0},{"not_picked":["Dagger Throw+1","PiercingWail"],"picked":"Cloak And Dagger+1","floor":36},{"not_picked":["Underhanded Strike","Tactician"],"picked":"Escape Plan+1","floor":38},{"not_picked":["Slice+1","Dagger Spray"],"picked":"Infinite Blades","floor":39},{"not_picked":["Reflex+1","Well Laid Plans"],"picked":"Infinite Blades","floor":40},{"not_picked":["Setup+1","Dash+1","Footwork+1"],"picked":"SKIP","floor":41},{"not_picked":["Concentrate+1","Burst"],"picked":"Masterful Stab","floor":44},{"not_picked":["Dagger Spray","Flying Knee+1","Caltrops+1"],"picked":"SKIP","floor":45},{"not_picked":["Dagger Spray","Bouncing Flask+1"],"picked":"Quick Slash+1","floor":46},{"not_picked":["Underhanded Strike+1","Dagger Spray+1"],"picked":"Backflip","floor":47},{"not_picked":["Wraith Form v2","Dagger Throw"],"picked":"Slice","floor":48},{"not_picked":["Backflip+1","Slice"],"picked":"Eviscerate+1","floor":49}],"player_experience":189436,"relics_obtained":[{"floor":3.0,"key":"PreservedInsect"},{"floor":6.0,"key":"Pen Nib"},{"floor":9.0,"key":"Omamori"},{"floor":10.0,"key":"Nunchaku"},{"floor":17.0,"key":"Lantern"},{"floor":17.0,"key":"Gremlin Horn"},{"floor":17.0,"key":"Thread and Needle"},{"floor":24.0,"key":"Anchor"},{"floor":26.0,"key":"Mercury Hourglass"},{"floor":29.0,"key":"Du-Vu Doll"},{"floor":36,"key":"Mango"},{"floor":40,"key":"Orichalcum"},{"floor":43,"key":"FossilizedHelix"},{"floor":48,"key":"Dream Catcher"}],"event_choices":[{"damage_healed":0.0,"max_hp_gain":0.0,"max_hp_loss":0.0,"gold_gain":75.0,"event_name":"World of Goop","player_choice":"Gather Gold","floor":4.0,"gold_loss":0.0,"damage_taken":11.0},{"damage_healed":17.0,"max_hp_gain":0.0,"max_hp_loss":0.0,"gold_gain":0.0,"event_name":"The Cleric","player_choice":"Healed","floor":11.0,"gold_loss":35.0,"damage_taken":0.0},{"damage_healed":0.0,"max_hp_gain":0.0,"max_hp_loss":0.0,"gold_gain":0.0,"event_name":"The Library","player_choice":"Read","floor":25.0,"gold_loss":0.0,"damage_taken":0.0,"cards_obtained":["Cloak And Dagger"]},{"cards_removed":["Defend_G"],"damage_healed":0.0,"max_hp_gain":0.0,"max_hp_loss":0.0,"gold_gain":0.0,"event_name":"Purifier","player_choice":"Purged","floor":27.0,"gold_loss":0.0,"damage_taken":0.0},{"damage_healed":0.0,"max_hp_gain":0.0,"max_hp_loss":0.0,"gold_gain":0.0,"event_name":"Addict","player_choice":"Obtained Relic","floor":30.0,"gold_loss":85.0,"damage_taken":0.0,"relics_obtained":["Boot"]},{"damage_healed":0.0,"max_hp_gain":0.0,"max_hp_loss":0.0,"gold_gain":0.0,"event_name":"Ghosts","player_choice":"Ignored","floor":31.0,"gold_loss":0.0,"damage_taken":0.0},{"damage_healed":0,"gold_gain":0,"player_choice":"Fight","damage_taken":0,"max_hp_gain":0,"max_hp_loss":0,"event_name":"Mysterious Sphere","floor":36,"gold_loss":0},{"damage_healed":0,"gold_gain":300,"player_choice":"Gold","damage_taken":0,"max_hp_gain":0,"max_hp_loss":0,"event_name":"Wheel of Change","floor":37,"gold_loss":0}],"is_beta":false,"boss_relics":[{"not_picked":["Velvet Choker","Runic Dome"],"picked":"Calling Bell"},{"not_picked":["Coffee Dripper","Snecko Eye"],"picked":"HoveringKite"}],"items_purged_floors":[],"is_endless":false,"potions_floor_spawned":[6,7,10,13,14,19,22,28,41,44,45,47,48],"ascension_level":0}}