{"host":"ta9mufxydm4vkknf","time":1609855385,"event":{"mods":["AchievementEnabler","BaseMod","Minty Spire (QoL Compilation)","Quick Restart"],"gold_per_floor":[111,129,140,140,65,97,97,131,131,131,31,31,31,31],"floor_reached":13,"playtime":374,"items_purged":["Defend_R","Strike_R"],"score":105,"play_id":"baa4d2e5-7c1a-464d-ac9b-3908b788df22","local_time":"20210105150305","is_ascension_mode":true,"campfire_choices":[{"data":"Bash","floor":7,"key":"SMITH"},{"data":"Demon Form","floor":10,"key":"SMITH"}],"circlet_count":0,"master_deck":["Strike_R","Strike_R","Strike_R","Strike_R","Defend_R","Defend_R","Defend_R+1","Bash+1","True Grit+1","Burning Pact","Battle Trance","Reckless Charge","Demon Form+1"],"relics":["Burning Blood","NeowsBlessing","War Paint","Shuriken","Nunchaku","Toxic Egg 2"],"acts_visited":["Exordium"],"potions_floor_usage":[],"damage_taken":[{"damage":0,"enemies":"Jaw Worm","floor":1,"turns":1},{"damage":0,"enemies":"Cultist","floor":2,"turns":1},{"damage":0,"enemies":"2 Louse","floor":3,"turns":1},{"damage":53,"enemies":"3 Sentries","floor":6,"turns":15},{"damage":16,"enemies":"Gremlin Nob","floor":8,"turns":3},{"damage":25,"enemies":"3 Sentries","floor":13,"turns":5}],"seed_played":"2376257597910751634","potions_obtained":[{"floor":2,"key":"Fire Potion"}],"is_trial":false,"path_per_floor":["M","M","M","?","$","E","R","E","T","R","$","?","E"],"character_chosen":"IRONCLAD","items_purchased":[],"campfire_rested":0,"item_purchase_floors":[],"current_hp_per_floor":[80,80,80,80,80,33,33,23,23,23,23,23,0,0],"gold":31,"neow_bonus":"THREE_ENEMY_KILL","is_daily":false,"chose_seed":false,"campfire_upgraded":2,"win_rate":0.0,"timestamp":1609855385,"path_taken":["M","M","M","?","?","E","R","E","T","R","$","?","E"],"items_purchased_type":[],"build_version":"2020-12-22","purchased_purges":2,"victory":false,"max_hp_per_floor":[80,80,80,80,80,80,80,80,80,80,80,80,80,80],"card_choices":[{"not_picked":["Headbutt","Rupture"],"picked":"True Grit","floor":1},{"not_picked":["Flame Barrier","Armaments"],"picked":"Burning Pact","floor":2},{"not_picked":["Havoc","Rage"],"picked":"Battle Trance","floor":3},{"not_picked":["Dropkick","Inflame"],"picked":"Reckless Charge","floor":6},{"not_picked":["Body Slam","Heavy Blade"],"picked":"Demon Form","floor":8}],"player_experience":220726,"relics_obtained":[{"floor":6,"key":"Shuriken"},{"floor":8,"key":"Nunchaku"},{"floor":9,"key":"Toxic Egg 2"}],"event_choices":[{"damage_healed":0,"gold_gain":0,"player_choice":"Gave Potion","damage_taken":0,"relics_obtained":["War Paint"],"max_hp_gain":0,"max_hp_loss":0,"event_name":"WeMeetAgain","floor":4,"gold_loss":0},{"damage_healed":0,"gold_gain":0,"player_choice":"Ignored","damage_taken":0,"max_hp_gain":0,"max_hp_loss":0,"event_name":"Liars Game","floor":12,"gold_loss":0}],"is_beta":false,"boss_relics":[],"items_purged_floors":[5,11],"is_endless":false,"potions_floor_spawned":[2],"killed_by":"3 Sentries","ascension_level":3}}