{"host":"r4e4q8yhb91dmdr8","time":1609874216,"event":{"mods":["AchievementEnabler","BaseMod","Better Note","Better Skull","Colored Map","Colored Powertips","Duelist Mod","GifTheSpireLib","Highlight Path","Jorbs\u0027s Wanderer Trilogy","Minty Spire (QoL Compilation)","Nova Terra(??·??)","Quick Restart","Random Character Button","Rare Cards Sparkle","Relic Stats","Remove Card Discount Mod","Shop Mod","StSLib","The Alterego","The Death Knight","The Fake Hero","The Marked","The Mystic","The Necromancer","The Wild Card","TheHero","TheWitcher"],"gold_per_floor":[1125,299,299,416,432,432,559,697,723,260,293,293,263,303,303,392,392,347,257,227,227,253,253,257,309,309,309,338,70,83,73,73,182,182,199,53,53,65,1079,1079,408,408,433,483,495,532,567,593,605,727,739,751,588,619,624,624],"floor_reached":55,"playtime":7821,"items_purged":[],"score":880,"play_id":"418036fb-6fb2-446d-8bda-fcd8af3ca9e3","local_time":"20210105111656","is_ascension_mode":false,"campfire_choices":[{"data":"SnafuTest:SpellArcaneDomain","floor":6,"key":"SMITH"},{"data":"Magnetism","floor":12,"key":"SMITH"},{"data":"SnafuTest:CareTaker","floor":15,"key":"SMITH"},{"data":"SnafuTest:PowerCrimsonRitual","floor":23,"key":"SMITH"},{"data":"SnafuTest:FlashingRaid","floor":27,"key":"SMITH"},{"data":"SnafuTest:WhiteWolfRise","floor":32,"key":"SMITH"},{"data":"SnafuTest:PowerEternalFlame","floor":40,"key":"SMITH"},{"floor":42,"key":"RECALL"},{"floor":49,"key":"REST"},{"data":"Discovery","floor":52,"key":"SMITH"}],"circlet_count":0,"master_deck":["SnafuTest:DefaultCommonAttack","SnafuTest:DefaultCommonAttack+1","SnafuTest:DefaultCommonAttack","SnafuTest:BountyHunt","SnafuTest:DefaultCommonSkill","SnafuTest:DefaultCommonSkill+1","SnafuTest:DefaultCommonSkill+1","SnafuTest:SignYrden","SnafuTest:QueensGuard","SnafuTest:PowerAlwaysOnRoads","Chrysalis+1","SnafuTest:SpellBitingFrost","SnafuTest:PowerProbingFeint","SnafuTest:SpellArcaneDomain+1","SnafuTest:PowerAlwaysAWay","SnafuTest:SpellTortoise","Magnetism+1","SnafuTest:SmashingSlash","SnafuTest:CareTaker+1","SnafuTest:Portal","SnafuTest:WhiteWolfRise+1","SnafuTest:DesperateRemediation+1","SnafuTest:PowerCrimsonRitual+1","SnafuTest:BombDancingStar","SnafuTest:FlashingRaid+1","SnafuTest:FlashingRaid","SnafuTest:OtherWorld","SnafuTest:BombDancingStar","SnafuTest:CareTaker","SnafuTest:ShoulderSlam","SnafuTest:PowerCounterAttack+1","SnafuTest:PowerEternalFlame+1","SnafuTest:Portal+1","Madness","Madness","SnafuTest:ArmoredSortie","SnafuTest:WitchHunt+1","SnafuTest:WhiteWolfRise","Metamorphosis","SnafuTest:PowerCounterAttack","SnafuTest:MCSuccubusSeduction","SnafuTest:BloodLineTracing","SnafuTest:FirstAid","Trip","Discovery","Discovery+1","SnafuTest:PowerFireDamnation+1","SnafuTest:PowerHangmenTree+1","Flash of Steel","SnafuTest:PowerFireDamnation"],"relics":["SnafuTest:UnstableMutagenRelic","Mummified Hand","HornCleat","Boot","Sundial","War Paint","Orichalcum","SnafuTest:EnergyMutagenRelic","Ancient Tea Set","MealTicket","SnafuTest:AxiiRelic","Centennial Puzzle","stsjorbsmod:BottledMemoryRelic","SnafuTest:QuenRelic","Black Star","Pen Nib","Happy Flower","MawBank","Bottled Lightning","Oddly Smooth Stone","Gremlin Horn","SnafuTest:GriffinRelic"],"acts_visited":["Exordium","TheCity","TheBeyond","TheEnding"],"potions_floor_usage":[8,20,24,25,33,33,44,50,50],"damage_taken":[{"damage":3,"enemies":"Small Slimes","floor":1,"turns":3},{"damage":7,"enemies":"Jaw Worm","floor":4,"turns":8},{"damage":0,"enemies":"2 Louse","floor":5,"turns":3},{"damage":0,"enemies":"2 Fungi Beasts","floor":7,"turns":4},{"damage":31,"enemies":"Lagavulin","floor":8,"turns":16},{"damage":21,"enemies":"Gremlin Nob","floor":11,"turns":7},{"damage":4,"enemies":"Looter","floor":13,"turns":4},{"damage":8,"enemies":"3 Sentries","floor":14,"turns":7},{"damage":23,"enemies":"Hexaghost","floor":16,"turns":9},{"damage":4,"enemies":"Spheric Guardian","floor":18,"turns":7},{"damage":23,"enemies":"Chosen","floor":22,"turns":9},{"damage":51,"enemies":"Gremlin Leader","floor":24,"turns":8},{"damage":12,"enemies":"Centurion and Healer","floor":25,"turns":10},{"damage":4,"enemies":"Snecko","floor":28,"turns":5},{"damage":0,"enemies":"Snake Plant","floor":30,"turns":3},{"damage":18,"enemies":"theDuelist:KaibaA2","floor":31,"turns":7},{"damage":41,"enemies":"Collector","floor":33,"turns":8},{"damage":16,"enemies":"3 Shapes","floor":35,"turns":5},{"damage":0,"enemies":"3 Darklings","floor":38,"turns":2},{"damage":75,"enemies":"Transient","floor":39,"turns":5},{"damage":72,"enemies":"Reptomancer","floor":44,"turns":6},{"damage":20,"enemies":"Sphere and 2 Shapes","floor":46,"turns":6},{"damage":18,"enemies":"4 Shapes","floor":47,"turns":7},{"damage":0,"enemies":"3 Darklings","floor":48,"turns":1},{"damage":93,"enemies":"Time Eater","floor":50,"turns":8},{"damage":0,"enemies":"Shield and Spear","floor":54,"turns":1},{"damage":159,"enemies":"The Heart","floor":55,"turns":9}],"seed_played":"-1090318072453867355","potions_obtained":[{"floor":4,"key":"ColorlessPotion"},{"floor":7,"key":"Swift Potion"},{"floor":8,"key":"GamblersBrew"},{"floor":18,"key":"Regen Potion"},{"floor":20,"key":"Regen Potion"},{"floor":20,"key":"Fruit Juice"},{"floor":24,"key":"FairyPotion"},{"floor":31,"key":"Energy Potion"},{"floor":39,"key":"BlessingOfTheForge"},{"floor":44,"key":"SkillPotion"},{"floor":46,"key":"PowerPotion"},{"floor":48,"key":"ColorlessPotion"}],"is_trial":false,"path_per_floor":["M","$","?","M","M","R","M","E","T","$","E","R","M","E","R","B",null,"M","?","?","$","M","R","E","M","T","R","M","$","M","E","R","B",null,"M","$","?","M","M","R","$","R","T","E","?","M","M","M","R","B",null,"R","$","E","B"],"character_chosen":"THE_WITCHER","items_purchased":["SnafuTest:PowerAlwaysOnRoads","Mummified Hand","HornCleat","Chrysalis","SnafuTest:SpellBitingFrost","Magnetism","SnafuTest:SmashingSlash","Sundial","SnafuTest:OtherWorld","SnafuTest:BombDancingStar","SnafuTest:CareTaker","Pen Nib","SnafuTest:WhiteWolfRise","Metamorphosis","SnafuTest:PowerCounterAttack","SnafuTest:MCSuccubusSeduction","SnafuTest:BloodLineTracing","Happy Flower","Flash of Steel","SnafuTest:PowerFireDamnation"],"campfire_rested":1,"item_purchase_floors":[2,2,2,2,2,10,10,10,29,29,29,36,41,41,41,41,41,41,53,53],"current_hp_per_floor":[79,79,79,72,72,72,72,41,41,41,20,20,16,82,82,59,82,82,82,87,87,64,64,13,16,16,16,12,27,27,9,9,23,87,71,86,75,75,40,40,55,55,55,23,13,33,15,15,41,28,87,87,87,87,0,0],"gold":624,"neow_bonus":"TEN_PERCENT_HP_BONUS","is_daily":false,"chose_seed":false,"campfire_upgraded":8,"win_rate":0.0,"timestamp":1609874216,"path_taken":["M","$","?","M","M","R","M","E","T","?","E","R","M","E","R","BOSS","M","?","?","$","M","R","E","M","T","R","M","$","M","E","R","BOSS","M","$","?","M","M","R","$","R","T","E","?","M","M","M","R","BOSS","R","$","E","BOSS"],"items_purchased_type":["Card","Relic","Relic","Card","Card","Card","Card","Relic","Card","Card","Card","Relic","Card","Card","Card","Card","Card","Relic","Card","Card"],"build_version":"2020-12-22","purchased_purges":0,"victory":false,"max_hp_per_floor":[82,82,82,82,82,82,82,82,82,82,82,82,82,82,82,82,82,82,82,87,87,87,87,87,87,87,87,87,87,87,87,87,87,87,87,87,87,87,87,87,87,87,87,87,87,87,87,87,87,87,87,87,87,87,87,87],"relic_stats":{"Happy Flower":[12],"Gremlin Horn":[0,0],"counters":[27,167],"Pen Nib":[6],"War Paint":["SnafuTest:DefaultCommonSkill","SnafuTest:DefaultCommonSkill"],"Orichalcum":[72],"Boot":[46],"MawBank":120,"Centennial Puzzle":[30],"Mummified Hand":[161],"Sundial":[10],"MealTicket":45,"Black Star":2,"obtain_stats":[{"SnafuTest:EnergyMutagenRelic":17,"stsjorbsmod:BottledMemoryRelic":31,"SnafuTest:UnstableMutagenRelic":0,"Happy Flower":41,"Gremlin Horn":54,"Oddly Smooth Stone":44,"Pen Nib":36,"War Paint":11,"Orichalcum":14,"Boot":8,"Ancient Tea Set":18,"MawBank":43,"SnafuTest:GriffinRelic":54,"Centennial Puzzle":26,"HornCleat":2,"SnafuTest:QuenRelic":31,"Mummified Hand":2,"Sundial":10,"MealTicket":24,"Black Star":34,"Bottled Lightning":44,"SnafuTest:AxiiRelic":25},{"SnafuTest:EnergyMutagenRelic":9,"stsjorbsmod:BottledMemoryRelic":16,"SnafuTest:UnstableMutagenRelic":0,"Happy Flower":20,"Gremlin Horn":26,"Oddly Smooth Stone":21,"Pen Nib":18,"War Paint":6,"Orichalcum":8,"Boot":5,"Ancient Tea Set":10,"MawBank":20,"SnafuTest:GriffinRelic":26,"Centennial Puzzle":13,"HornCleat":1,"SnafuTest:QuenRelic":16,"Mummified Hand":1,"Sundial":5,"MealTicket":12,"Black Star":17,"Bottled Lightning":21,"SnafuTest:AxiiRelic":13},{"SnafuTest:EnergyMutagenRelic":61,"stsjorbsmod:BottledMemoryRelic":107,"SnafuTest:UnstableMutagenRelic":0,"Happy Flower":129,"Gremlin Horn":158,"Oddly Smooth Stone":135,"Pen Nib":123,"War Paint":41,"Orichalcum":52,"Boot":34,"Ancient Tea Set":64,"MawBank":129,"SnafuTest:GriffinRelic":158,"Centennial Puzzle":95,"HornCleat":3,"SnafuTest:QuenRelic":110,"Mummified Hand":3,"Sundial":34,"MealTicket":85,"Black Star":118,"Bottled Lightning":135,"SnafuTest:AxiiRelic":88}]},"card_choices":[{"not_picked":["SnafuTest:TrackingSense","SnafuTest:BombDragonsDream"],"picked":"SnafuTest:QueensGuard","floor":1},{"not_picked":["SnafuTest:TrackingSense","SnafuTest:Portal"],"picked":"SnafuTest:PowerProbingFeint","floor":4},{"not_picked":["SnafuTest:PayHappyHour","SnafuTest:GetPaid"],"picked":"SnafuTest:SpellArcaneDomain","floor":5},{"not_picked":["SnafuTest:CareTaker","SnafuTest:PowerVainGlory"],"picked":"SnafuTest:PowerAlwaysAWay","floor":7},{"not_picked":["SnafuTest:WorldMap","SnafuTest:WeddingDance"],"picked":"SnafuTest:SpellTortoise","floor":8},{"not_picked":["SnafuTest:Kick","SnafuTest:TrackingSense"],"picked":"SnafuTest:CareTaker","floor":11},{"not_picked":["SnafuTest:PowerAlwaysAWay","SnafuTest:BattleCry"],"picked":"SnafuTest:SignQuen","floor":13},{"not_picked":["SnafuTest:PayAlchemyMaster","SnafuTest:SmashingSlash"],"picked":"SnafuTest:Portal","floor":14},{"not_picked":["SnafuTest:DecisiveOpportunity","SnafuTest:PowerEleganceEmbodiment"],"picked":"SnafuTest:WhiteWolfRise","floor":16},{"not_picked":["SnafuTest:Offering","SnafuTest:AncestralRitual"],"picked":"SnafuTest:DesperateRemediation+1","floor":18},{"not_picked":["SnafuTest:DesperateRemediation","SnafuTest:PayWeaponSmith+1"],"picked":"SnafuTest:PowerCrimsonRitual","floor":22},{"not_picked":["SnafuTest:PowerEleganceEmbodiment","SnafuTest:MCPlayGwent"],"picked":"SnafuTest:BombDancingStar","floor":24},{"not_picked":["SnafuTest:SmashingSlash","SnafuTest:SwiftAssault"],"picked":"SnafuTest:FlashingRaid","floor":25},{"not_picked":["SnafuTest:ShoulderSlam","SnafuTest:AncestralRitual"],"picked":"SnafuTest:FlashingRaid","floor":28},{"not_picked":["SnafuTest:SpellButterflyIllusion+1","SnafuTest:MCFeignDeath"],"picked":"SnafuTest:ShoulderSlam","floor":30},{"not_picked":["SnafuTest:PowerHangmenTree+1","SnafuTest:AncestralRitual+1"],"picked":"SnafuTest:PowerCounterAttack+1","floor":31},{"not_picked":["SnafuTest:Amputation","SnafuTest:PayExoticTreasure"],"picked":"SnafuTest:PowerEternalFlame","floor":33},{"not_picked":["SnafuTest:MercilessReaper","SnafuTest:BombNorthernWind+1"],"picked":"SnafuTest:Portal+1","floor":35},{"not_picked":["SnafuTest:SpellArcaneDomain","SnafuTest:PowerAlwaysAWay+1"],"picked":"SnafuTest:ArmoredSortie","floor":38},{"not_picked":["SnafuTest:BombDancingStar+1","SnafuTest:ShieldUp+1"],"picked":"SnafuTest:WitchHunt+1","floor":39},{"not_picked":["SnafuTest:SpellButterflyIllusion+1","SnafuTest:PowerMartialMagical"],"picked":"SnafuTest:FirstAid","floor":44},{"not_picked":["Blind","Swift Strike"],"picked":"Trip","floor":45},{"not_picked":["PanicButton","Good Instincts"],"picked":"Discovery","floor":45},{"not_picked":["Blind","Panacea"],"picked":"Discovery","floor":45},{"not_picked":["SnafuTest:MCMockAndRun+1","SnafuTest:Oriole"],"picked":"SnafuTest:PowerFireDamnation+1","floor":46},{"not_picked":["SnafuTest:UndefeatedNarcissism","SnafuTest:PayHappyHour","SnafuTest:ShoulderSlam"],"picked":"SKIP","floor":47},{"not_picked":["SnafuTest:SmashingSlash","SnafuTest:Awake"],"picked":"SnafuTest:PowerHangmenTree+1","floor":48},{"not_picked":["SnafuTest:MagePersecution","SnafuTest:WeddingDance+1","SnafuTest:PayBank"],"picked":"SKIP","floor":54}],"player_experience":49125,"relics_obtained":[{"floor":8,"key":"Boot"},{"floor":11,"key":"War Paint"},{"floor":14,"key":"Orichalcum"},{"floor":24,"key":"MealTicket"},{"floor":26,"key":"Centennial Puzzle"},{"floor":31,"key":"SnafuTest:QuenRelic"},{"floor":43,"key":"MawBank"},{"floor":44,"key":"Bottled Lightning"},{"floor":44,"key":"Oddly Smooth Stone"},{"floor":54,"key":"Gremlin Horn"},{"floor":54,"key":"SnafuTest:GriffinRelic"}],"event_choices":[{"damage_healed":0,"gold_gain":0,"player_choice":"Grow","damage_taken":0,"max_hp_gain":0,"max_hp_loss":0,"event_name":"Living Wall","floor":3,"gold_loss":0,"cards_upgraded":["Chrysalis"]},{"cards_removed":["SnafuTest:SignQuen"],"damage_healed":0,"gold_gain":0,"player_choice":"Upgrade and Remove","damage_taken":0,"max_hp_gain":0,"max_hp_loss":0,"event_name":"Designer","floor":19,"gold_loss":90,"cards_upgraded":["SnafuTest:DefaultCommonAttack"]},{"damage_healed":0,"gold_gain":0,"player_choice":"Bought 2 Potions","damage_taken":0,"max_hp_gain":0,"max_hp_loss":0,"event_name":"The Woman in Blue","floor":20,"gold_loss":0},{"damage_healed":0,"gold_gain":0,"player_choice":"Embrace Madness","damage_taken":11,"max_hp_gain":0,"max_hp_loss":0,"event_name":"Winding Halls","floor":37,"gold_loss":0,"cards_obtained":["Madness","Madness"]},{"damage_healed":0,"gold_gain":0,"player_choice":"Memory 3","damage_taken":10,"max_hp_gain":0,"max_hp_loss":0,"event_name":"SensoryStone","floor":45,"gold_loss":0}],"is_beta":false,"boss_relics":[{"not_picked":["Sozu","SacredBark"],"picked":"SnafuTest:EnergyMutagenRelic"},{"not_picked":["Snecko Eye","Runic Dome"],"picked":"Black Star"}],"items_purged_floors":[],"is_endless":false,"potions_floor_spawned":[4,7,8,18,24,31,39,44,46,48],"killed_by":"The Heart","ascension_level":0}}