{"host":"nj1qudaxjqalpce5","time":1609821136,"event":{"mods":["2.2 Compatiblity","Arknights The Spire","Ascension Reborn","BaseMod","CapriCore","Card Forge","Evolution","Grow up Mod","GungeonMod","Hermit","KOR Keyword Fix","Koishi","Lobotomy","Minty Spire (QoL Compilation)","Prisma Mod","RRrroohrrRGHHhhh!!","Replay The Spire","StSLib","Td1madao Mod","The Bug Knight","The Cursed","The Dragon Tamer","The Gatherer","The Hierophant","The Immortal","The Jungle","The Poker Player","The Runesmith","Thrall Mod","Uncapped","WarShipGirlsR/??á´Ò³R mod"],"gold_per_floor":[113,131,481,8,25,50,68,96,96,96,116,174,174,187,187,287,287,300,280,280,61,61,61,94,120,190,23,37,37,37,37,49,69,69,174,174,189,189,189,206,0,0,18,18,18,28,105,116,116],"floor_reached":48,"playtime":5347,"items_purged":[],"score":810,"play_id":"c42659d4-0540-4673-9b3b-f97d9c26e978","local_time":"20210105133216","is_ascension_mode":true,"campfire_choices":[{"floor":10.0,"key":"REST"},{"floor":15.0,"key":"REST"},{"data":"J.A.X.","floor":23.0,"key":"SMITH"},{"data":"DemoMod:Spice","floor":34.0,"key":"SMITH"},{"data":"Searing Blow+13","floor":42.0,"key":"SMITH"}],"circlet_count":0,"master_deck":["Strike_R+1","Strike_R+1","Strike_R+1","Strike_R+1","Strike_R+1","Defend_R+1","Defend_R+1","Defend_R+1","Defend_R+1","Bash+1","Iron Wave+1","Sword Boomerang+1","Clothesline+1","ReplayUltimateDefense+1","Rage+1","Seeing Red+1","Run Through+1","Perfected Strike+1","Entrench+1","Pot Of Greed+1","Pot Of Greed+1","Body Slam+1","Heavy Blade+1","ReplayTheSpireMod:Private Reserves+1","Pot Of Greed+1","Impervious+1","Limit Break+1","DemoMod:Spice+1","Double Tap+1","Barricade+1","J.A.X.+1","DemoMod:Spice+1","ReplayTheSpireMod:Brewmster+1","Cleave+1","Pot Of Greed+1","DemoMod:Spice+1","DemoMod:Spice+1","Searing Blow+14","DemoMod:Spice+1","DemoMod:Spice+1","Madness+1","Madness+1","Poisoned Strike+1","Panache+1","ReplayTheSpireMod:Private Reserves+1","Pot Of Greed+1","DemoMod:Spice+1","Thunderclap+1","DemoMod:Spice","ReplayTheSpireMod:Restless Dread","DemoMod:Spice+1"],"relics":["Burning Blood","Hammer of Thor","Seething Fire","Anvil of the Gods","Orichalcum","Ring of Greed","Membership Card","Old Coin","DemoMod:GnawedKey","Lantern","Toolbox","Bottled Flame","Another Sword","Replay:Mystery Machine","Grinning Jar","Mirror","Coffee Dripper","PreservedInsect","ReplayTheSpireMod:Spearhead","rorgmod:The Boot","Gremlin Food","HollowMod:StagPassRelic","King of Hearts","Ring of Chaos","Red Mask","Runesmith:Nanobots","DemoMod:GlassGuonStoneRelic","Bottled Tornado"],"acts_visited":["Exordium","TheCity","TheBeyond"],"potions_floor_usage":[46],"damage_taken":[{"damage":7.0,"enemies":"Jaw Worm","floor":1.0,"turns":3.0},{"damage":0.0,"enemies":"2 Louse","floor":2.0,"turns":3.0},{"damage":0.0,"enemies":"Cultist","floor":5.0,"turns":3.0},{"damage":6.0,"enemies":"Lagavulin","floor":6.0,"turns":5.0},{"damage":4.0,"enemies":"Blue Slaver","floor":7.0,"turns":2.0},{"damage":1.0,"enemies":"HollowMod:MossKnight","floor":8.0,"turns":3.0},{"damage":0.0,"enemies":"2 Fungi Beasts","floor":11.0,"turns":2.0},{"damage":0.0,"enemies":"Lagavulin Event","floor":12.0,"turns":3.0},{"damage":0.0,"enemies":"Exordium Thugs","floor":14.0,"turns":2.0},{"damage":0.0,"enemies":"Hexaghost","floor":16.0,"turns":6.0},{"damage":0.0,"enemies":"3 Byrds","floor":18.0,"turns":4.0},{"damage":3.0,"enemies":"Replay:Snechameleon","floor":24.0,"turns":2.0},{"damage":3.0,"enemies":"2 Thieves","floor":28.0,"turns":2.0},{"damage":3.0,"enemies":"Shelled Parasite and Fungi","floor":32.0,"turns":2.0},{"damage":3.0,"enemies":"3 Cultists","floor":33.0,"turns":3.0},{"damage":3.0,"enemies":"Champ","floor":35.0,"turns":1.0},{"damage":3.0,"enemies":"Orb Walker","floor":37.0,"turns":2.0},{"damage":3.0,"enemies":"3 Darklings","floor":40.0,"turns":3.0},{"damage":0.0,"enemies":"Writhing Mass","floor":43.0,"turns":2.0},{"damage":8,"enemies":"Spire Growth","floor":46,"turns":3},{"damage":3,"enemies":"Transient","floor":48,"turns":5}],"seed_played":"-1273594080074012350","potions_obtained":[{"floor":2.0,"key":"DistilledChaos"},{"floor":6.0,"key":"DemoMod:LeadSkinPotion"},{"floor":12.0,"key":"ColorlessPotion"},{"floor":16.0,"key":"Explosive Potion"},{"floor":33.0,"key":"Swift Potion"},{"floor":35.0,"key":"DuplicationPotion"},{"floor":40.0,"key":"ColorlessPotion"},{"floor":43.0,"key":"Block Potion"}],"is_trial":false,"path_per_floor":["M","M","?","$","M","E","M","E","T","R","M","?","?","M","R","B",null,"M","?","?","$","?","R","E","T","T","$","M","PTL","PTL","$","M","M","R","B",null,"M","?","?","M","?","R","M","$","T","M","T","M"],"character_chosen":"IRONCLAD","items_purchased":["Clothesline","ReplayUltimateDefense","DemoMod:GnawedKey","Lantern","Toolbox","Bottled Flame","Rage","Barricade","PreservedInsect","ReplayTheSpireMod:Spearhead","King of Hearts","ReplayTheSpireMod:Brewmster"],"campfire_rested":2,"item_purchase_floors":[4,4,4,4,4,4,4,21,21,21,27,27],"current_hp_per_floor":[79,80,80,80,80,80,80,80,80,80,80,80,80,80,80,78,78,78,78,78,78,78,78,78,78,78,78,78,78,78,78,78,76,76,74,74,66,58,48,51,51,51,52,62,72,72,82,68,68],"gold":116,"neow_bonus":"RANDOM_COMMON_RELIC","is_daily":false,"chose_seed":false,"campfire_upgraded":3,"win_rate":0.0,"timestamp":1609821136,"path_taken":["M","M","?","$","M","E","M","E","T","R","M","?","?","?","R","BOSS","M","?","?","$","?","R","E","?","T","?","?","PTL","PTL","$","M","M","R","BOSS","M","?","?","M","?","R","M","$","T","M","?","?"],"items_purchased_type":["Card","Card","Relic","Card","Relic","Relic","Card","Card","Relic","Relic","Relic","Card"],"build_version":"2020-12-22","purchased_purges":0,"victory":false,"max_hp_per_floor":[80,80,80,80,80,80,80,80,80,80,80,80,80,80,80,78,78,78,78,78,78,78,78,78,78,78,78,78,78,78,78,78,76,76,74,74,66,66,66,60,60,60,52,62,72,72,82,68,68],"card_choices":[{"not_picked":["Clothesline","rorgmod:Searing Blow"],"picked":"Iron Wave","floor":1.0},{"not_picked":["Intimidate","Replay:Undeath\u0027s Touch"],"picked":"Sword Boomerang","floor":2.0},{"not_picked":["Twin Strike","Sever Soul"],"picked":"Seeing Red","floor":5.0},{"not_picked":["Thunderclap","Flex"],"picked":"Run Through","floor":6.0},{"not_picked":["Anger","Twin Strike"],"picked":"Perfected Strike","floor":7.0},{"not_picked":["Body Slam","Run Through"],"picked":"Entrench","floor":8.0},{"not_picked":["DemoMod:BlackBlade","ReplayTheSpireMod:Stacked"],"picked":"Body Slam","floor":11.0},{"not_picked":["Perfected Strike","Feel No Pain"],"picked":"Heavy Blade","floor":12.0},{"not_picked":["Headbutt","Iron Wave"],"picked":"rorgmod:Searing Blow","floor":14.0},{"not_picked":["Corruption","Reaper"],"picked":"Limit Break","floor":16.0},{"not_picked":["Ghostly Armor","Armaments"],"picked":"DemoMod:Spice","floor":18.0},{"not_picked":[],"picked":"Double Tap","floor":19.0},{"not_picked":["Iron Wave","Reckless Charge"],"picked":"DemoMod:Spice","floor":24.0},{"not_picked":["ReplayReversal","Fire Breathing"],"picked":"Cleave","floor":28.0},{"not_picked":["Sever Soul","Headbutt+1"],"picked":"DemoMod:Spice+1","floor":32.0},{"not_picked":["Pommel Strike+1","Metallicize+1"],"picked":"DemoMod:Spice","floor":33.0},{"not_picked":["Barricade","Reaper"],"picked":"DemoMod:Spice","floor":35.0},{"not_picked":["Clothesline+1","Pommel Strike+1"],"picked":"DemoMod:Spice","floor":37.0},{"not_picked":["Apotheosis","ReplayTheSpireMod:Trickstab"],"picked":"Poisoned Strike","floor":39.0},{"not_picked":["ReplayUltimateDefense","Mayhem"],"picked":"Panache","floor":39.0},{"not_picked":["Jack Of All Trades","Bandage Up"],"picked":"ReplayTheSpireMod:Private Reserves","floor":39.0},{"not_picked":["Flex+1","Burning Pact+1"],"picked":"DemoMod:Spice","floor":40.0},{"not_picked":["DemoMod:Spice","DemoMod:Spice+1"],"picked":"Thunderclap","floor":43.0},{"not_picked":["DemoMod:Spice+1","DemoMod:Spice+1"],"picked":"DemoMod:Spice","floor":46},{"not_picked":["DemoMod:Spice","DemoMod:Spice+1"],"picked":"DemoMod:Spice+1","floor":48}],"player_experience":6937,"relics_obtained":[{"floor":3.0,"key":"Ring of Greed"},{"floor":3.0,"key":"Membership Card"},{"floor":3.0,"key":"Old Coin"},{"floor":6.0,"key":"Another Sword"},{"floor":8.0,"key":"Replay:Mystery Machine"},{"floor":9.0,"key":"Grinning Jar"},{"floor":12.0,"key":"Mirror"},{"floor":24.0,"key":"rorgmod:The Boot"},{"floor":25.0,"key":"Gremlin Food"},{"floor":26.0,"key":"HollowMod:StagPassRelic"},{"floor":45,"key":"Runesmith:Nanobots"},{"floor":47,"key":"Bottled Tornado"}],"event_choices":[{"damage_healed":0.0,"max_hp_gain":0.0,"max_hp_loss":0.0,"gold_gain":30.0,"event_name":"Dead Adventurer","player_choice":"Searched \u00272\u0027 times","floor":12.0,"gold_loss":0.0,"damage_taken":0.0},{"damage_healed":0.0,"max_hp_gain":0.0,"max_hp_loss":0.0,"gold_gain":0.0,"event_name":"Match and Keep!","player_choice":"3 cards matched","floor":13.0,"gold_loss":0.0,"damage_taken":0.0,"cards_obtained":["ReplayTheSpireMod:Private Reserves","Decay","Impervious"]},{"damage_healed":0.0,"max_hp_gain":0.0,"max_hp_loss":0.0,"gold_gain":0.0,"event_name":"Drug Dealer","player_choice":"Obtain J.A.X.","floor":22.0,"gold_loss":0.0,"damage_taken":0.0,"cards_obtained":["J.A.X."]},{"damage_healed":0.0,"max_hp_gain":0.0,"max_hp_loss":0.0,"gold_gain":0.0,"event_name":"Winding Halls","player_choice":"Embrace Madness","floor":38.0,"gold_loss":0.0,"damage_taken":8.0,"cards_obtained":["Madness","Madness"]},{"damage_healed":0.0,"max_hp_gain":0.0,"max_hp_loss":0.0,"gold_gain":0.0,"event_name":"SensoryStone","player_choice":"Memory 3","floor":39.0,"gold_loss":0.0,"damage_taken":10.0},{"damage_healed":0.0,"max_hp_gain":0.0,"max_hp_loss":0.0,"gold_gain":0.0,"event_name":"Tomb of Lord Red Mask","player_choice":"Paid","floor":41.0,"gold_loss":206.0,"damage_taken":0.0,"relics_obtained":["Red Mask"]}],"is_beta":false,"boss_relics":[{"not_picked":["Replay:Wanted Poster","Cursed Key"],"picked":"Coffee Dripper"},{"not_picked":["Electric Blood","ReplayTheSpireMod:DimensionalGlitch"],"picked":"Ring of Chaos"}],"items_purged_floors":[],"is_endless":false,"potions_floor_spawned":[2,6,12,16,28,32,33,35,40,43,48],"killed_by":"Transient","ascension_level":0}}