{"host":"s794kqxf2n1qz2yr","time":1609828284,"event":{"mods":["100% Spire Juice","2.2 Compatiblity","AchievementEnabler","Aspiration","BaseMod","Downfall","Friendly Minions","Hermit","Minty Spire (QoL Compilation)","Permanent Neow","StSLib","The Disciple","The Edgeheg","The Marked"],"gold_per_floor":[109,121,196,196,206,206,225,225,251,12,187,187,205,221,221,221,221],"floor_reached":16,"playtime":847,"items_purged":[],"score":92,"play_id":"1ea721c7-a353-404e-b1e9-cdee62e08cd4","local_time":"20210105063124","is_ascension_mode":false,"campfire_choices":[{"data":"hermit:Brawl","floor":8,"key":"SMITH"},{"data":"hermit:Covet","floor":12,"key":"SMITH"},{"data":"hermit:NoHoldsBarred","floor":15,"key":"SMITH"}],"circlet_count":0,"master_deck":["hermit:Strike_Hermit","hermit:Strike_Hermit","hermit:Strike_Hermit","hermit:Defend_Hermit","hermit:Defend_Hermit","hermit:Defend_Hermit","hermit:Defend_Hermit","hermit:Snapshot","hermit:Covet+1","hermit:PistolWhip","hermit:Brawl+1","hermit:Determination","hermit:NoHoldsBarred+1","Doubt","hermit:Gambit"],"relics":["hermit:Momento","Orichalcum","Darkstone Periapt"],"acts_visited":["Exordium"],"potions_floor_usage":[13,16,16],"damage_taken":[{"damage":3,"enemies":"Small Slimes","floor":1,"turns":3},{"damage":1,"enemies":"2 Louse","floor":2,"turns":3},{"damage":1,"enemies":"Cultist","floor":5,"turns":3},{"damage":4,"enemies":"3 Louse","floor":7,"turns":5},{"damage":5,"enemies":"Exordium Thugs","floor":13,"turns":4},{"damage":11,"enemies":"Large Slime","floor":14,"turns":4},{"damage":56,"enemies":"Slime Boss","floor":16,"turns":9}],"seed_played":"-8243590435011328239","potions_obtained":[{"floor":7,"key":"PowerPotion"},{"floor":13,"key":"Block Potion"},{"floor":14,"key":"FearPotion"}],"is_trial":false,"path_per_floor":["M","M","?","?","M","?","M","R","T","$","?","R","M","M","R","B"],"character_chosen":"HERMIT","items_purchased":["Darkstone Periapt"],"campfire_rested":0,"item_purchase_floors":[10],"current_hp_per_floor":[79,78,67,67,66,66,62,62,62,62,68,68,63,52,52,0,0],"gold":221,"neow_bonus":"TEN_PERCENT_HP_BONUS","is_daily":false,"chose_seed":false,"campfire_upgraded":3,"win_rate":0.0,"timestamp":1609828284,"path_taken":["M","M","?","?","?","?","M","R","T","?","?","R","M","M","R","BOSS"],"items_purchased_type":["Relic"],"build_version":"2020-12-22","purchased_purges":0,"victory":false,"max_hp_per_floor":[82,82,82,82,82,82,82,82,82,82,88,88,88,88,88,88,88],"card_choices":[{"not_picked":["hermit:BodyArmor","hermit:Quickdraw"],"picked":"hermit:PistolWhip","floor":1},{"not_picked":["hermit:NoHoldsBarred","hermit:CalledShot"],"picked":"hermit:Brawl","floor":2},{"not_picked":["hermit:HoleUp","hermit:Vantage"],"picked":"hermit:Determination","floor":5},{"not_picked":["hermit:BodyArmor","hermit:ItchyTrigger"],"picked":"hermit:NoHoldsBarred","floor":7},{"not_picked":["hermit:HoleUp","hermit:Quickdraw"],"picked":"hermit:Gambit","floor":13},{"not_picked":["hermit:DeadMansHand","hermit:Headshot","hermit:Misfire"],"picked":"SKIP","floor":14}],"player_experience":283455,"relics_obtained":[{"floor":9,"key":"Orichalcum"}],"event_choices":[{"damage_healed":0,"gold_gain":75,"player_choice":"Gather Gold","damage_taken":11,"max_hp_gain":0,"max_hp_loss":0,"event_name":"World of Goop","floor":3,"gold_loss":0},{"cards_removed":["hermit:Strike_Hermit"],"damage_healed":0,"gold_gain":0,"player_choice":"Offered Basic","damage_taken":0,"max_hp_gain":0,"max_hp_loss":0,"event_name":"Bonfire Elementals","floor":4,"gold_loss":0},{"damage_healed":0,"gold_gain":0,"player_choice":"0 cards matched","damage_taken":0,"max_hp_gain":0,"max_hp_loss":0,"event_name":"Match and Keep!","floor":6,"gold_loss":0,"cards_obtained":[]},{"damage_healed":0,"gold_gain":175,"player_choice":"AGREE","damage_taken":0,"max_hp_gain":0,"max_hp_loss":0,"event_name":"Liars Game","floor":11,"gold_loss":0,"cards_obtained":["Doubt"]}],"is_beta":false,"boss_relics":[],"items_purged_floors":[],"is_endless":false,"potions_floor_spawned":[7,13,14],"killed_by":"Slime Boss","ascension_level":0}}