{"host":"ig7tc0uedzltt2sr","time":1609824864,"event":{"mods":["BaseMod","Better Twitch Integration","Block Reminder","Colored Map","Colored Powertips","Communication Mod","Current Relic Mod","GifTheSpireLib","HexUI Lib","Minty Spire (QoL Compilation)","Quick Restart","Random Character Button","Rare Cards Sparkle","Relic Sorter","Relic Stats","Slay the Relics Exporter","StSLib","SuperFastMode","Synergy Search","Twitch Decklist","Twitch Utils","everything is the same but u backflip on backflip","slay the spire mod where everything is the same but ironclad has a cowboy hat"],"gold_per_floor":[115,126,126,126,136,136,150,150,150],"floor_reached":8,"playtime":37,"items_purged":[],"score":48,"play_id":"3571e001-fba9-4548-b871-03090617229b","local_time":"20210104213424","is_ascension_mode":false,"campfire_choices":[],"circlet_count":0,"master_deck":["Strike_R","Strike_R","Strike_R","Strike_R","Strike_R","Defend_R","Defend_R","Defend_R","Defend_R","Bash","Perfected Strike","Pommel Strike","Disarm"],"relics":["Burning Blood","NeowsBlessing","Charon\u0027s Ashes"],"acts_visited":["Exordium"],"potions_floor_usage":[],"damage_taken":[{"damage":0,"enemies":"2 Louse","floor":1,"turns":2},{"damage":0,"enemies":"Cultist","floor":2,"turns":1},{"damage":0,"enemies":"Small Slimes","floor":5,"turns":2},{"damage":23,"enemies":"Exordium Wildlife","floor":7,"turns":8},{"damage":67,"enemies":"Gremlin Nob","floor":8,"turns":5}],"seed_played":"-5206154002636927769","potions_obtained":[{"floor":5,"key":"SteroidPotion"}],"is_trial":false,"path_per_floor":["M","M","$","?","M","?","M","E"],"character_chosen":"IRONCLAD","items_purchased":[],"campfire_rested":0,"item_purchase_floors":[],"current_hp_per_floor":[80,80,80,80,80,80,63,0,0],"gold":150,"neow_bonus":"THREE_ENEMY_KILL","is_daily":false,"chose_seed":false,"campfire_upgraded":0,"win_rate":0.0,"timestamp":1609824864,"path_taken":["M","M","$","?","?","?","M","E"],"items_purchased_type":[],"build_version":"2020-12-22","purchased_purges":0,"victory":false,"max_hp_per_floor":[80,80,80,80,80,80,80,80,80],"relic_stats":{"counters":[5,18],"Charon\u0027s Ashes":[3],"obtain_stats":[{"NeowsBlessing":0,"Charon\u0027s Ashes":4,"Burning Blood":0},{"NeowsBlessing":0,"Charon\u0027s Ashes":2,"Burning Blood":0},{"NeowsBlessing":0,"Charon\u0027s Ashes":3,"Burning Blood":0}],"Burning Blood":6},"card_choices":[{"not_picked":["Anger","Sword Boomerang"],"picked":"Perfected Strike","floor":1},{"not_picked":["Headbutt","Twin Strike"],"picked":"Thunderclap","floor":2},{"not_picked":["True Grit","Armaments"],"picked":"Pommel Strike","floor":5},{"not_picked":["Headbutt","Havoc"],"picked":"Disarm","floor":7}],"player_experience":1425558,"relics_obtained":[],"event_choices":[{"cards_removed":["Thunderclap"],"damage_healed":0,"gold_gain":0,"player_choice":"Gave Card","damage_taken":0,"relics_obtained":["Charon\u0027s Ashes"],"max_hp_gain":0,"max_hp_loss":0,"event_name":"WeMeetAgain","floor":4,"gold_loss":0},{"damage_healed":0,"gold_gain":0,"player_choice":"Ignored","damage_taken":0,"max_hp_gain":0,"max_hp_loss":0,"event_name":"Golden Idol","floor":6,"gold_loss":0}],"is_beta":false,"boss_relics":[],"items_purged_floors":[],"is_endless":false,"potions_floor_spawned":[5],"killed_by":"Gremlin Nob","ascension_level":0}}