{"host":"zwuytn9vh5b8tdl7","time":1609817995,"event":{"mods":["AchievementEnabler","BaseMod","Colored Powertips","GifTheSpireLib","Minty Spire (QoL Compilation)","Rare Cards Sparkle","StSLib","The Animator"],"gold_per_floor":[117,147,147,147,47,76,106,116,189,189,209,209,209,209],"floor_reached":13,"playtime":730,"items_purged":[],"score":75,"play_id":"c0122214-04fd-44d7-9fbc-cea96d245234","local_time":"20210104223955","is_ascension_mode":false,"campfire_choices":[{"floor":12,"key":"REST"}],"circlet_count":0,"master_deck":["animator:Strike_NoGameNoLife","animator:Defend_NoGameNoLife","animator:Strike","animator:Strike+1","animator:Strike","animator:Defend","animator:Defend","animator:Defend","animator:DolaSchwi","animator:DolaCouronne+1","animator:Kyubey","animator:ShinjiMatou","animator:Jibril","animator:Kuribayashi","animator:Tyuule","animator:Gilgamesh+1","animator:FielNirvalen"],"relics":["animator:LivingPicture","animator:TheMissingPiece","Odd Mushroom","Toy Ornithopter"],"acts_visited":["Exordium"],"potions_floor_usage":[7,13],"damage_taken":[{"damage":5,"enemies":"Cultist","floor":1,"turns":4},{"damage":0,"enemies":"Small Slimes","floor":2,"turns":4},{"damage":0,"enemies":"2 Louse","floor":6,"turns":3},{"damage":28,"enemies":"The Mushroom Lair","floor":7,"turns":5},{"damage":13,"enemies":"Large Slime","floor":8,"turns":6},{"damage":18,"enemies":"Lots of Slimes","floor":11,"turns":4},{"damage":41,"enemies":"Lagavulin","floor":13,"turns":6}],"seed_played":"8926387304598014404","potions_obtained":[{"floor":2,"key":"Block Potion"},{"floor":8,"key":"FearPotion"},{"floor":11,"key":"SpeedPotion"}],"is_trial":false,"path_per_floor":["M","M","$","?","$","M","?","M","T","?","M","R","E"],"character_chosen":"THE_ANIMATOR","items_purchased":["FairyPotion"],"campfire_rested":1,"item_purchase_floors":[5],"current_hp_per_floor":[61,61,61,48,48,48,21,8,8,8,11,31,0,0],"gold":209,"neow_bonus":"ONE_RANDOM_RARE_CARD","is_daily":false,"chose_seed":false,"campfire_upgraded":0,"win_rate":0.0,"timestamp":1609817995,"path_taken":["M","M","?","?","$","M","?","M","T","?","?","R","E"],"items_purchased_type":["Potion"],"build_version":"2020-12-22","purchased_purges":0,"victory":false,"max_hp_per_floor":[66,66,66,66,66,66,67,67,67,67,68,68,68,68],"card_choices":[{"not_picked":["animator:DolaCouronne","animator:NagisaMomoe"],"picked":"animator:ShinjiMatou","floor":1},{"not_picked":["animator:Priestess","animator:Kazuma"],"picked":"animator:Jibril","floor":2},{"not_picked":["animator:DwarfShaman","animator:SilverFang"],"picked":"animator:Kuribayashi","floor":6},{"not_picked":["animator:IrohaTamaki","animator:YachiyoNanami"],"picked":"animator:Tyuule","floor":7},{"not_picked":["animator:Assassin","animator:Berserker"],"picked":"animator:Gilgamesh","floor":8},{"not_picked":["animator:NagisaMomoe","animator:Tet"],"picked":"animator:FielNirvalen","floor":11}],"player_experience":314984,"relics_obtained":[{"floor":7,"key":"Odd Mushroom"},{"floor":9,"key":"Toy Ornithopter"}],"event_choices":[{"damage_healed":0,"gold_gain":0,"player_choice":"Entered Light","damage_taken":13,"max_hp_gain":0,"max_hp_loss":0,"event_name":"Shining Light","floor":4,"gold_loss":0,"cards_upgraded":["animator:Strike","animator:DolaCouronne"]},{"damage_healed":0,"gold_gain":0,"player_choice":"Fought Mushrooms","damage_taken":0,"max_hp_gain":0,"max_hp_loss":0,"event_name":"Mushrooms","floor":7,"gold_loss":0},{"damage_healed":0,"gold_gain":0,"player_choice":"Ignored","damage_taken":0,"max_hp_gain":0,"max_hp_loss":0,"event_name":"Purifier","floor":10,"gold_loss":0}],"is_beta":false,"boss_relics":[],"items_purged_floors":[],"is_endless":false,"potions_floor_spawned":[2,8,11],"killed_by":"Lagavulin","ascension_level":0}}