{"host":"mi0eibewekhugwl1","time":1609855668,"event":{"mods":["AchievementEnabler","BaseMod","Colored Map","Colored Powertips","DeckTracker","Keyboard Shortcuts","Minty Spire (QoL Compilation)","Quick Restart","Rare Cards Sparkle","Relic Stats","StSLib","SuperFastMode","everything is the same but u backflip on backflip"],"gold_per_floor":[113,113,126,51,51,51,80,94,117,63,74,107,129,141,153,165,165],"floor_reached":16,"playtime":211,"items_purged":[],"score":270,"play_id":"ab9260cc-f9bc-4dc6-b28f-7c49df0d6671","local_time":"20210105230748","is_ascension_mode":true,"campfire_choices":[{"data":"Shockwave","floor":6,"key":"SMITH"},{"data":"Bludgeon","floor":15,"key":"SMITH"}],"circlet_count":0,"master_deck":["AscendersBane","Strike_R","Strike_R+1","Strike_R+1","Defend_R","Defend_R","Defend_R","Defend_R","Bash","Shockwave+1","Uppercut+1","Power Through","Shrug It Off","Bludgeon+1","Immolate","Pommel Strike"],"relics":["Burning Blood","NeowsBlessing","Art of War","PreservedInsect","MawBank"],"acts_visited":["Exordium"],"potions_floor_usage":[8,16],"damage_taken":[{"damage":0,"enemies":"2 Louse","floor":1,"turns":1},{"damage":0,"enemies":"Jaw Worm","floor":3,"turns":1},{"damage":0,"enemies":"Lagavulin","floor":7,"turns":1},{"damage":11,"enemies":"Small Slimes","floor":8,"turns":4},{"damage":28,"enemies":"Gremlin Gang","floor":11,"turns":6},{"damage":6,"enemies":"Gremlin Nob","floor":12,"turns":3},{"damage":2,"enemies":"3 Louse","floor":13,"turns":2},{"damage":38,"enemies":"Hexaghost","floor":16,"turns":9}],"seed_played":"-642479624553187800","potions_obtained":[{"floor":3,"key":"ColorlessPotion"},{"floor":7,"key":"Block Potion"},{"floor":8,"key":"Fruit Juice"}],"is_trial":false,"path_per_floor":["M","?","M","?","?","R","E","M","T","$","M","E","M","?","R","B"],"character_chosen":"IRONCLAD","items_purchased":["Shrug It Off"],"campfire_rested":0,"item_purchase_floors":[10],"current_hp_per_floor":[74,51,57,57,50,50,56,56,56,56,34,34,38,38,38,0,0],"gold":165,"neow_bonus":"THREE_ENEMY_KILL","is_daily":false,"chose_seed":false,"campfire_upgraded":2,"win_rate":0.0,"timestamp":1609855668,"path_taken":["M","?","M","?","?","R","E","M","T","?","M","E","M","?","R","BOSS"],"items_purchased_type":["Card"],"build_version":"2020-12-22","purchased_purges":0,"victory":false,"max_hp_per_floor":[75,75,75,75,75,75,75,80,80,80,80,80,80,80,80,80,80],"relic_stats":{"counters":[8,27],"PreservedInsect":23,"Art of War":[3],"MawBank":48,"obtain_stats":[{"NeowsBlessing":0,"PreservedInsect":9,"Art of War":7,"MawBank":12,"Burning Blood":0},{"NeowsBlessing":0,"PreservedInsect":4,"Art of War":3,"MawBank":6,"Burning Blood":0},{"NeowsBlessing":0,"PreservedInsect":7,"Art of War":3,"MawBank":16,"Burning Blood":0}],"Burning Blood":42},"card_choices":[{"not_picked":["Clothesline","Ghostly Armor","Seeing Red"],"picked":"SKIP","floor":1},{"not_picked":["Thunderclap","Havoc"],"picked":"Shockwave","floor":3},{"not_picked":["Havoc","Clash"],"picked":"Uppercut","floor":7},{"not_picked":["Evolve","True Grit"],"picked":"Power Through","floor":8},{"not_picked":["Blood for Blood","Warcry"],"picked":"Bludgeon","floor":11},{"not_picked":["Dark Embrace","Anger"],"picked":"Immolate","floor":12},{"not_picked":["Wild Strike","Armaments"],"picked":"Pommel Strike","floor":13}],"player_experience":1731809,"relics_obtained":[{"floor":7,"key":"Art of War"},{"floor":9,"key":"PreservedInsect"},{"floor":12,"key":"MawBank"}],"event_choices":[{"damage_healed":0,"gold_gain":0,"player_choice":"Entered Light","damage_taken":23,"max_hp_gain":0,"max_hp_loss":0,"event_name":"Shining Light","floor":2,"gold_loss":0,"cards_upgraded":["Strike_R","Strike_R"]},{"cards_removed":["Strike_R"],"damage_healed":0,"gold_gain":0,"player_choice":"Card Removal","damage_taken":0,"max_hp_gain":0,"max_hp_loss":0,"event_name":"The Cleric","floor":4,"gold_loss":75},{"cards_removed":["Strike_R"],"damage_healed":0,"gold_gain":0,"player_choice":"Card Removal","damage_taken":7,"max_hp_gain":0,"max_hp_loss":0,"event_name":"Golden Wing","floor":5,"gold_loss":0},{"damage_healed":0,"gold_gain":0,"player_choice":"Forge","damage_taken":0,"max_hp_gain":0,"max_hp_loss":0,"event_name":"Accursed Blacksmith","floor":14,"gold_loss":0,"cards_upgraded":["Uppercut"]}],"is_beta":false,"boss_relics":[],"items_purged_floors":[],"is_endless":false,"potions_floor_spawned":[3,7,8],"killed_by":"Hexaghost","ascension_level":20}}