{"host":"0cnf9zf1gia27zti","time":1609810800,"event":{"mods":["BaseMod","Better Third Choice","BetterRewards","Card Forge","ChefMod","Colored Map","Colored Powertips","Conspire","Downfall","Googly Eyes","Infinite Spire","Minty Spire (QoL Compilation)","Practice Mode","Quick Restart","Replay The Spire","Shade Mod","Spicy Shops","StSLib","The Marked"],"gold_per_floor":[159,309,367,367,442,517,517,601,601,697,742,775,814,535,535,748,748,781,781,513,594,517,517,613,655,655,730,730,766,847,877,877,1099,1099,1099,892,967,967,967],"floor_reached":38,"playtime":4005,"items_purged":[],"score":1207,"play_id":"e744e2b2-95ee-48f0-9ea5-7c5ecce90072","local_time":"20210105014000","daily_mods":["SealedDeck","Heirloom","downfall:Lament","DeadlyEvents","Elite Swarm","Midas"],"is_ascension_mode":true,"campfire_choices":[{"floor":7,"key":"REST"},{"floor":15,"key":"REST"},{"floor":23,"key":"REST"},{"floor":28,"key":"REST"},{"floor":32,"key":"REST"},{"floor":35,"key":"REST"}],"circlet_count":0,"master_deck":["AscendersBane","FlyingSleeves+1","CutThroughFate+1","Pray+1","InnerPeace+1","InnerPeace+1","SandsOfTime+1","Protect+1","Evaluate+1","ThirdEye+1","Evaluate+1","Alpha+1","Alpha+1","Brilliance+1","SpiritShield+1","Collect+1","LikeWater+1","Vault+1","Worship+1","Study+1","Replay:ManipulateFuture+1","infinitespire:Fortify+1","Scrawl+1","MasterReality+1","Pray+1","Scrawl+1","expansioncontent:DashGenerateEvil+1","DeusExMachina+1"],"relics":["PureWater","Hammer of Thor","Seething Fire","Anvil of the Gods","NeowsBlessing","Ring of Chaos","Unceasing Top","Pear","Replay:Towering Pillar of Hats","champ:DeflectingBracers","conspire:GiftBox","Nunchaku","conspire:Flyswatter","Snecko Heart","ReplayTheSpireMod:Shallot","Matryoshka","Gremlin Food","War Paint","Bottled Flame","StrikeDummy","Akabeko","sneckomod:SneckoTalon","Regal Pillow"],"acts_visited":["Exordium","TheCity","TheEnding"],"potions_floor_usage":[12,16,16,18,33,38],"damage_taken":[{"damage":0,"enemies":"Cultist","floor":1,"turns":1},{"damage":0,"enemies":"3 Sentries","floor":6,"turns":3},{"damage":0,"enemies":"Lagavulin","floor":8,"turns":1},{"damage":38,"enemies":"Gremlin Nob","floor":10,"turns":4},{"damage":0,"enemies":"Jaw Worm","floor":11,"turns":4},{"damage":0,"enemies":"2 Louse","floor":12,"turns":3},{"damage":0,"enemies":"Exordium Wildlife","floor":13,"turns":4},{"damage":16,"enemies":"The Guardian","floor":16,"turns":5},{"damage":0,"enemies":"Chosen","floor":18,"turns":2},{"damage":38,"enemies":"Gremlin Leader","floor":21,"turns":5},{"damage":27,"enemies":"Slavers","floor":24,"turns":4},{"damage":0,"enemies":"Spheric Guardian","floor":25,"turns":3},{"damage":16,"enemies":"Nightmare","floor":27,"turns":5},{"damage":0,"enemies":"Cultist and Chosen","floor":29,"turns":4},{"damage":25,"enemies":"Book of Stabbing","floor":30,"turns":5},{"damage":3,"enemies":"Snake Plant","floor":31,"turns":4},{"damage":0,"enemies":"Collector","floor":33,"turns":6},{"damage":32,"enemies":"Shield and Spear","floor":37,"turns":4},{"damage":54,"enemies":"The Heart","floor":38,"turns":2}],"seed_played":"-2543685287669595117","potions_obtained":[{"floor":6,"key":"GamblersBrew"},{"floor":10,"key":"Fire Potion"},{"floor":13,"key":"Fire Potion"},{"floor":16,"key":"Toxic Potion"},{"floor":25,"key":"SteroidPotion"},{"floor":31,"key":"FearPotion"},{"floor":33,"key":"Explosive Potion"},{"floor":37,"key":"Weak Potion"}],"is_trial":true,"path_per_floor":["M","?","?","T","?","E","R","E","T","E","M","M","M","$","R","B",null,"M","?","$","E","$","R","E","M","T","NM","R","M","E","M","R","B",null,"R","$","E","B"],"character_chosen":"WATCHER","items_purchased":["conspire:Flyswatter","ReplayTheSpireMod:Shallot","Study","expansioncontent:DashGenerateEvil"],"campfire_rested":6,"item_purchase_floors":[14,20,22,36],"current_hp_per_floor":[61,61,61,71,60,60,78,78,78,40,40,40,40,40,63,47,70,70,65,65,27,27,50,23,23,23,7,30,30,5,2,25,25,65,78,78,46,0,0],"gold":967,"neow_bonus":"","is_daily":false,"chose_seed":false,"campfire_upgraded":0,"win_rate":0.0,"timestamp":1609810800,"path_taken":["M","?","?","?","?","E","R","E","T","E","M","M","M","$","R","BOSS","M","?","$","?","$","R","E","M","T","NM","R","?","E","M","R","BOSS","R","$","E","BOSS"],"items_purchased_type":["Relic","Relic","Card","Card"],"build_version":"2020-12-22","purchased_purges":0,"victory":false,"max_hp_per_floor":[68,68,68,78,78,78,78,78,78,78,78,78,78,78,78,78,78,78,78,78,78,78,78,78,78,78,78,78,78,78,78,78,78,78,78,78,78,78,78],"card_choices":[{"not_picked":["SandsOfTime","Protect","Replay:BluntJabs"],"picked":"SKIP","floor":1},{"not_picked":["Replay:AllIn","ConjureBlade"],"picked":"Alpha","floor":6},{"not_picked":["Replay:AllIn","Ragnarok"],"picked":"Alpha","floor":8},{"not_picked":["Judgement","Replay:LoomingThreat"],"picked":"Alpha","floor":9},{"not_picked":["Ragnarok","Wish"],"picked":"Brilliance","floor":10},{"not_picked":["CutThroughFate","Replay:Vibes"],"picked":"Collect","floor":11},{"not_picked":["Crescendo","FollowUp"],"picked":"LikeWater","floor":12},{"not_picked":["EmptyBody","Consecrate","FlyingSleeves"],"picked":"SKIP","floor":13},{"not_picked":["Brilliance","Blasphemy"],"picked":"Vault","floor":16},{"not_picked":["FlyingSleeves","ThirdEye"],"picked":"Worship","floor":18},{"not_picked":["Replay:AllIn","LessonLearned","Blasphemy"],"picked":"SKIP","floor":21},{"not_picked":["Blasphemy","Replay:LoomingThreat","Establishment"],"picked":"SKIP","floor":24},{"not_picked":["Halt","FollowUp"],"picked":"Replay:ManipulateFuture","floor":25},{"not_picked":["ReplayTheSpireMod:Echoes of Time","infinitespire:SevenWalls"],"picked":"infinitespire:Fortify","floor":27},{"not_picked":["Judgement","Ragnarok"],"picked":"Scrawl","floor":27},{"not_picked":["Conclude","ClearTheMind","FearNoEvil"],"picked":"SKIP","floor":29},{"not_picked":["Omniscience","Brilliance"],"picked":"MasterReality","floor":30},{"not_picked":["Halt","Evaluate"],"picked":"Pray+1","floor":31},{"not_picked":["ConjureBlade","Wish"],"picked":"Scrawl","floor":33},{"not_picked":["Replay:AllIn","Wish"],"picked":"DeusExMachina","floor":37}],"player_experience":3045194,"relics_obtained":[{"floor":4,"key":"Pear"},{"floor":6,"key":"Replay:Towering Pillar of Hats"},{"floor":8,"key":"champ:DeflectingBracers"},{"floor":9,"key":"conspire:GiftBox"},{"floor":10,"key":"Nunchaku"},{"floor":21,"key":"Matryoshka"},{"floor":24,"key":"Gremlin Food"},{"floor":26,"key":"War Paint"},{"floor":26,"key":"Bottled Flame"},{"floor":27,"key":"StrikeDummy"},{"floor":30,"key":"Akabeko"},{"floor":37,"key":"Regal Pillow"}],"event_choices":[{"damage_healed":0,"gold_gain":150,"player_choice":"AGREE","damage_taken":159,"max_hp_gain":0,"max_hp_loss":0,"event_name":"betterThird:BetterSerpent","floor":2,"gold_loss":0},{"damage_healed":0,"gold_gain":58,"player_choice":"Gained Gold","damage_taken":0,"max_hp_gain":0,"max_hp_loss":0,"event_name":"Golden Wing","floor":3,"gold_loss":0},{"damage_healed":0,"gold_gain":75,"player_choice":"Gold","damage_taken":11,"max_hp_gain":0,"max_hp_loss":0,"event_name":"betterThird:BetterGoop","floor":5,"gold_loss":0},{"damage_healed":0,"gold_gain":0,"player_choice":"Punched","damage_taken":5,"max_hp_gain":0,"max_hp_loss":0,"event_name":"Designer","floor":19,"gold_loss":0}],"is_beta":false,"boss_relics":[{"not_picked":["Velvet Choker","infinitespire:Cupcake"],"picked":"Snecko Heart"},{"not_picked":["conspire:RunicOctahedron","SlaversCollar"],"picked":"sneckomod:SneckoTalon"}],"items_purged_floors":[],"is_endless":true,"potions_floor_spawned":[6,10,13,16,25,31,33,37],"killed_by":"The Heart","ascension_level":20}}