{"host":"6r4na9dgjsffx65e","time":1609849165,"event":{"mods":["BaseMod","Colored Map","Colored Powertips","Minty Spire (QoL Compilation)","Relic Stats","ojb\u0027s Info Mod"],"gold_per_floor":[114,189,3,17,17,29,61,61,61,23,23,23,43,43,43,141,141,153,142,241,253,305,305,305,305],"floor_reached":24,"playtime":1025,"items_purged":["Regret"],"score":272,"play_id":"e4311ea8-bd11-4199-bcb4-d591e85a2801","local_time":"20210105131925","is_ascension_mode":true,"campfire_choices":[{"data":"Loop","floor":8,"key":"SMITH"},{"data":"Dualcast","floor":11,"key":"SMITH"},{"floor":15,"key":"REST"},{"floor":23,"key":"REST"}],"circlet_count":0,"master_deck":["Strike_B","Strike_B","Strike_B","Strike_B","Defend_B","Defend_B","Defend_B","Defend_B","Zap","Dualcast+1","Cold Snap","Capacitor","Loop+1","Rip and Tear","Cold Snap","Core Surge","Electrodynamics","Compile Driver+1","Conserve Battery+1","White Noise+1"],"relics":["FrozenCore","Tiny Chest","Membership Card","Vajra","Ginger","InkBottle","Toxic Egg 2","Bag of Marbles"],"acts_visited":["Exordium","TheCity"],"potions_floor_usage":[7,7,16,24],"damage_taken":[{"damage":0,"enemies":"Small Slimes","floor":1,"turns":3},{"damage":2,"enemies":"Jaw Worm","floor":4,"turns":4},{"damage":6,"enemies":"Cultist","floor":6,"turns":4},{"damage":32,"enemies":"Gremlin Nob","floor":7,"turns":4},{"damage":4,"enemies":"3 Louse","floor":13,"turns":2},{"damage":33,"enemies":"Hexaghost","floor":16,"turns":11},{"damage":16,"enemies":"3 Byrds","floor":18,"turns":2},{"damage":33,"enemies":"2 Thieves","floor":19,"turns":4},{"damage":5,"enemies":"Snecko","floor":21,"turns":6},{"damage":27,"enemies":"Book of Stabbing","floor":24,"turns":5}],"seed_played":"-3324800263510669884","potions_obtained":[{"floor":1,"key":"SkillPotion"},{"floor":6,"key":"Regen Potion"},{"floor":7,"key":"SteroidPotion"},{"floor":19,"key":"Explosive Potion"},{"floor":21,"key":"FearPotion"}],"is_trial":false,"path_per_floor":["M","?","$","M","?","M","E","R","T","$","R","T","M","?","R","B",null,"M","M","?","M","T","R","E"],"character_chosen":"DEFECT","items_purchased":["Membership Card","Capacitor"],"campfire_rested":2,"item_purchase_floors":[3,3],"current_hp_per_floor":[68,57,57,55,55,49,29,29,29,29,29,29,25,22,44,11,59,43,10,10,5,5,27,0,0],"gold":305,"neow_bonus":"RANDOM_COMMON_RELIC","is_daily":false,"chose_seed":false,"campfire_upgraded":2,"win_rate":0.0,"timestamp":1609849165,"path_taken":["M","?","$","M","?","M","E","R","T","?","R","?","?","?","R","BOSS","M","M","?","M","?","R","E"],"items_purchased_type":["Relic","Card"],"build_version":"2020-12-22","purchased_purges":1,"victory":false,"max_hp_per_floor":[75,75,75,75,75,75,75,75,75,75,75,75,75,75,75,75,75,75,75,75,75,75,75,75,75],"relic_stats":{"counters":[10,45],"Tiny Chest":2,"Ginger":[0],"obtain_stats":[{"Vajra":5,"Tiny Chest":0,"Bag of Marbles":22,"Membership Card":3,"Ginger":7,"Toxic Egg 2":14,"Cracked Core":0,"InkBottle":12,"FrozenCore":17},{"Vajra":2,"Tiny Chest":0,"Bag of Marbles":9,"Membership Card":1,"Ginger":4,"Toxic Egg 2":5,"Cracked Core":0,"InkBottle":4,"FrozenCore":6},{"Vajra":7,"Tiny Chest":0,"Bag of Marbles":40,"Membership Card":3,"Ginger":15,"Toxic Egg 2":17,"Cracked Core":0,"InkBottle":15,"FrozenCore":28}],"InkBottle":[8],"FrozenCore":[10]},"card_choices":[{"not_picked":["Darkness","Redo"],"picked":"Cold Snap","floor":1},{"not_picked":["Turbo","FTL"],"picked":"Loop","floor":4},{"not_picked":["Hello World","Redo"],"picked":"Rip and Tear","floor":6},{"not_picked":["Sunder","Hologram"],"picked":"Cold Snap","floor":7},{"not_picked":["Recycle","Redo"],"picked":"Core Surge","floor":13},{"not_picked":["Core Surge","All For One"],"picked":"Electrodynamics","floor":16},{"not_picked":["Hologram+1","Coolheaded+1"],"picked":"Compile Driver+1","floor":18},{"not_picked":["Beam Cell","Turbo+1"],"picked":"Conserve Battery+1","floor":19},{"not_picked":["Compile Driver","Beam Cell"],"picked":"White Noise+1","floor":21}],"player_experience":513278,"relics_obtained":[{"floor":7,"key":"Ginger"},{"floor":12,"key":"InkBottle"},{"floor":22,"key":"Bag of Marbles"}],"event_choices":[{"damage_healed":0,"gold_gain":75,"player_choice":"Gather Gold","damage_taken":11,"max_hp_gain":0,"max_hp_loss":0,"event_name":"World of Goop","floor":2,"gold_loss":0},{"damage_healed":0,"gold_gain":0,"player_choice":"Box","damage_taken":0,"relics_obtained":["Vajra"],"max_hp_gain":0,"max_hp_loss":0,"event_name":"Big Fish","floor":5,"gold_loss":0,"cards_obtained":["Regret"]},{"damage_healed":0,"gold_gain":0,"player_choice":"Success","damage_taken":3,"relics_obtained":["Toxic Egg 2"],"max_hp_gain":0,"max_hp_loss":0,"event_name":"Scrap Ooze","floor":14,"gold_loss":0},{"damage_healed":0,"gold_gain":99,"player_choice":"Stole From Cult","damage_taken":0,"max_hp_gain":0,"max_hp_loss":0,"event_name":"Nest","floor":20,"gold_loss":0}],"is_beta":false,"boss_relics":[{"not_picked":["Velvet Choker","Astrolabe"],"picked":"FrozenCore"}],"items_purged_floors":[10],"is_endless":false,"potions_floor_spawned":[1,6,7,19,21],"killed_by":"Book of Stabbing","ascension_level":8}}