{"host":"fzku1ofsxv8lro8o","time":1609826171,"event":{"mods":["BaseMod","Colored Map","Downfall","Minty Spire (QoL Compilation)","Relic Stats","StSLib","everything is the same but u backflip on backflip"],"gold_per_floor":[99,111,191,203,219,144,167,179,15,15,15,0,32,42,57,158,158,8,94,104,116,127,161,235,252,281,281,298,327,338,338,358,358,358,358],"floor_reached":33,"playtime":1512,"items_purged":["hexamod:Strike","hexamod:Sear"],"score":458,"play_id":"e397b778-3009-4658-815a-a5012eba33a8","local_time":"20210105085611","is_ascension_mode":true,"campfire_choices":[{"floor":1,"key":"RECALL"},{"data":"hexamod:SpectralSpark","floor":6,"key":"SMITH"},{"data":"hexamod:CrushingStance","floor":11,"key":"SMITH"},{"data":"hexamod:SearingWound","floor":18,"key":"SMITH"},{"data":"hexamod:CrushingStance","floor":27,"key":"SMITH"}],"circlet_count":0,"master_deck":["hexamod:Defend","hexamod:Defend","hexamod:Float","hexamod:SpectralSpark+1","hexamod:CrushingStance+1","hexamod:SearingWound+1","hexamod:BurningTouch","hexamod:SpectersWail","hexamod:SpectersWail","hexamod:Rewind","hexamod:HeatMetal","hexamod:CrushingStance+1","hexamod:GhostOfSpirePast+1","hexamod:PhantomCloak+1","hexamod:AdvancingGuard"],"relics":["hexamod:SpiritBrand","Letter Opener","downfall:HeartBlessingRed","Pear","Empty Cage","downfall:HeartBlessingGreen","downfall:HeartBlessingBlue","ClockworkSouvenir","Regal Pillow","Frozen Egg 2","Akabeko","Centennial Puzzle"],"acts_visited":["Exordium","TheCity"],"potions_floor_usage":[16,20,26,33,33],"damage_taken":[{"damage":0,"enemies":"Cultist","floor":2,"turns":3},{"damage":4,"enemies":"2 Louse","floor":4,"turns":2},{"damage":0,"enemies":"Small Slimes","floor":5,"turns":2},{"damage":3,"enemies":"Red Slaver","floor":8,"turns":2},{"damage":0,"enemies":"downfall:FleeingMerchant","floor":9,"turns":4},{"damage":4,"enemies":"downfall:FleeingMerchant","floor":12,"turns":4},{"damage":9,"enemies":"Lagavulin","floor":13,"turns":3},{"damage":0,"enemies":"2 Fungi Beasts","floor":14,"turns":1},{"damage":0,"enemies":"Large Slime","floor":15,"turns":3},{"damage":35,"enemies":"downfall:Defect","floor":16,"turns":5},{"damage":2,"enemies":"downfall:FleeingMerchant","floor":19,"turns":3},{"damage":2,"enemies":"Shell Parasite","floor":20,"turns":2},{"damage":0,"enemies":"Chosen","floor":21,"turns":3},{"damage":6,"enemies":"Shelled Parasite and Fungi","floor":22,"turns":3},{"damage":24,"enemies":"Gremlin Leader","floor":23,"turns":3},{"damage":6,"enemies":"Snake Plant","floor":25,"turns":3},{"damage":14,"enemies":"Slavers","floor":26,"turns":3},{"damage":0,"enemies":"Cultist and Chosen","floor":28,"turns":4},{"damage":0,"enemies":"Gremlin Leader","floor":29,"turns":3},{"damage":14,"enemies":"Centurion and Healer","floor":30,"turns":4},{"damage":18,"enemies":"Snake Plant","floor":32,"turns":3},{"damage":6,"enemies":"downfall:Silent","floor":33,"turns":1}],"seed_played":"2205348481683638786","potions_obtained":[{"floor":5,"key":"hexamod:InfernoChargePotion"},{"floor":13,"key":"BlessingOfTheForge"},{"floor":15,"key":"Fruit Juice"},{"floor":16,"key":"GamblersBrew"},{"floor":20,"key":"SkillPotion"},{"floor":28,"key":"Dexterity Potion"}],"is_trial":false,"path_per_floor":["R","M","T","M","M","R","T","M","$","?","R","$","E","M","M","B",null,"R","$","M","M","M","E","T","M","E","R","M","E","M","?","M","B"],"character_chosen":"THE_SPIRIT","items_purchased":["hexamod:BurningTouch","hexamod:SpectersWail","ClockworkSouvenir"],"campfire_rested":0,"item_purchase_floors":[9,9,19],"current_hp_per_floor":[63,63,63,59,59,59,59,56,56,56,56,52,53,53,53,18,73,83,81,84,84,78,54,54,48,34,34,34,34,20,20,2,0,0,0],"gold":358,"neow_bonus":"REMOVE_TWO","is_daily":false,"chose_seed":false,"campfire_upgraded":4,"win_rate":0.0,"timestamp":1609826171,"path_taken":["R","M","?","M","M","R","T","M","$","?","R","$","E","M","M","BOSS","R","$","M","M","M","E","T","M","E","R","M","E","?","?","M","BOSS"],"items_purchased_type":["Card","Card","Relic"],"build_version":"2020-12-22","purchased_purges":2,"victory":false,"max_hp_per_floor":[63,63,63,63,63,63,63,63,63,63,63,63,73,73,73,73,73,83,83,88,88,88,88,88,88,88,88,88,88,88,88,88,88,88,88],"relic_stats":{"Regal Pillow":0,"Centennial Puzzle":[6],"counters":[22,64],"Letter Opener":[273],"obtain_stats":[{"Regal Pillow":23,"Centennial Puzzle":29,"Pear":13,"downfall:HeartBlessingRed":6,"downfall:HeartBlessingBlue":18,"downfall:HeartBlessingGreen":18,"Letter Opener":3,"Frozen Egg 2":24,"Empty Cage":17,"hexamod:SpiritBrand":0,"Akabeko":26,"ClockworkSouvenir":19},{"Regal Pillow":15,"Centennial Puzzle":19,"Pear":7,"downfall:HeartBlessingRed":3,"downfall:HeartBlessingBlue":10,"downfall:HeartBlessingGreen":10,"Letter Opener":1,"Frozen Egg 2":15,"Empty Cage":10,"hexamod:SpiritBrand":0,"Akabeko":17,"ClockworkSouvenir":11},{"Regal Pillow":43,"Centennial Puzzle":56,"Pear":20,"downfall:HeartBlessingRed":7,"downfall:HeartBlessingBlue":29,"downfall:HeartBlessingGreen":29,"Letter Opener":3,"Frozen Egg 2":43,"Empty Cage":29,"hexamod:SpiritBrand":0,"Akabeko":49,"ClockworkSouvenir":32}]},"card_choices":[{"not_picked":["hexamod:ShieldOfDarkness","hexamod:GhostShield"],"picked":"hexamod:SpectralSpark","floor":2},{"not_picked":["hexamod:RainOfEmbers","hexamod:GhostLash","hexamod:NightmareGuise"],"picked":"SKIP","floor":4},{"not_picked":["hexamod:SecondSeal","hexamod:GhostLash","hexamod:Firestarter"],"picked":"SKIP","floor":5},{"not_picked":["hexamod:AdvancingGuard","hexamod:BacktrackSmack"],"picked":"hexamod:CrushingStance","floor":8},{"not_picked":["hexamod:FlamesFromBeyond","hexamod:TimeWarp"],"picked":"hexamod:SearingWound","floor":9},{"not_picked":["hexamod:DynamicBlow","hexamod:SecondSeal"],"picked":"hexamod:SpectersWail","floor":12},{"not_picked":["hexamod:FastForward","hexamod:WildfireWeapon","hexamod:ChargedBarrage"],"picked":"SKIP","floor":13},{"not_picked":["hexamod:BacktrackSmack","hexamod:InspiringFlames"],"picked":"hexamod:Rewind","floor":14},{"not_picked":["hexamod:HauntingEcho","hexamod:SecondSeal"],"picked":"hexamod:HeatMetal","floor":15},{"not_picked":["hexamod:UnlimitedPower","hexamod:Toasty"],"picked":"hexamod:CrushingStance","floor":16},{"not_picked":["hexamod:SwordOfDarkness","hexamod:NightmareStrike+1","hexamod:NightmareGuise"],"picked":"SKIP","floor":19},{"not_picked":["hexamod:NightmareGuise","hexamod:Hexaguard"],"picked":"hexamod:GhostOfSpirePast+1","floor":20},{"not_picked":["hexamod:HeatCrush","hexamod:HauntingEcho","hexamod:BurningTouch"],"picked":"SKIP","floor":21},{"not_picked":["hexamod:ThermalTransfer+1","hexamod:HauntingEcho+1","hexamod:Hexaguard"],"picked":"SKIP","floor":22},{"not_picked":["hexamod:GhostLash+1","hexamod:BacktrackSmack","hexamod:CatchUp"],"picked":"SKIP","floor":23},{"not_picked":["hexamod:SwordOfDarkness","hexamod:Rewind"],"picked":"hexamod:PhantomCloak+1","floor":25},{"not_picked":["hexamod:Incineration+1","hexamod:RainOfEmbers"],"picked":"hexamod:AdvancingGuard","floor":26},{"not_picked":["hexamod:RecurringNightmare","hexamod:EmpoweringStance+1","hexamod:HauntingEcho"],"picked":"SKIP","floor":28},{"not_picked":["hexamod:SwordOfDarkness+1","hexamod:GhostLash","hexamod:ShieldOfDarkness+1"],"picked":"SKIP","floor":29},{"not_picked":["hexamod:Again","hexamod:RecurringNightmare","hexamod:ThermalTransfer"],"picked":"SKIP","floor":30},{"not_picked":["hexamod:ThirdSeal","hexamod:EtherealExpedition","hexamod:GhostOfSpirePast+1"],"picked":"SKIP","floor":32}],"player_experience":821479,"relics_obtained":[{"floor":3,"key":"Letter Opener"},{"floor":13,"key":"Pear"},{"floor":23,"key":"Regal Pillow"},{"floor":24,"key":"Frozen Egg 2"},{"floor":26,"key":"Akabeko"},{"floor":29,"key":"Centennial Puzzle"}],"event_choices":[{"cards_removed":["hexamod:Strike"],"damage_healed":0,"gold_gain":0,"player_choice":"Purged","damage_taken":0,"max_hp_gain":0,"max_hp_loss":0,"event_name":"Purifier","floor":10,"gold_loss":0},{"damage_healed":0,"gold_gain":0,"player_choice":"Got Potions","damage_taken":0,"max_hp_gain":0,"max_hp_loss":0,"event_name":"Lab","floor":31,"gold_loss":0}],"is_beta":false,"boss_relics":[{"not_picked":["Sozu","downfall:Hecktoplasm"],"picked":"Empty Cage"}],"items_purged_floors":[9,19],"is_endless":false,"potions_floor_spawned":[5,13,15,16,20,22,23,28,30,32],"killed_by":"downfall:Silent","ascension_level":4}}