{"host":"yvs6unqb0m2j26b0","time":1609884769,"event":{"mods":["AchievementEnabler","BaseMod","Colored Map","Colored Powertips","Minty Spire (QoL Compilation)"],"gold_per_floor":[114,133,148,167,12,46,57,57,108,108,136,153,153,171,171,275,275,285,297,297,311,19,44,74,106,118,163,175,175],"floor_reached":28,"playtime":2079,"items_purged":["Defend_B"],"score":299,"play_id":"9ce81148-4c7b-4b5b-869f-d8c82b4277be","local_time":"20210105201249","is_ascension_mode":false,"campfire_choices":[{"floor":8,"key":"REST"},{"data":"Storm","floor":13,"key":"SMITH"},{"data":"Hello World","floor":15,"key":"SMITH"}],"circlet_count":0,"master_deck":["Strike_B","Strike_B","Strike_B","Defend_B+1","Defend_B","Defend_B+1","Zap","Dualcast","Static Discharge","BootSequence","Stack","Ball Lightning","Self Repair","Hello World+1","Steam","Storm+1","Melter","Thunder Strike","CurseOfTheBell","Defragment+1","Force Field","Static Discharge","FTL","Ball Lightning","Ball Lightning+1","BootSequence"],"relics":["Cracked Core","White Beast Statue","War Paint","Eternal Feather","Calling Bell","Boot","Question Card","Incense Burner","Pear","MawBank","Pantograph","Nunchaku"],"acts_visited":["Exordium","TheCity"],"potions_floor_usage":[11,11,16,19,21,23,24,28,28,28,28,28],"damage_taken":[{"damage":2,"enemies":"Small Slimes","floor":1,"turns":3},{"damage":1,"enemies":"Cultist","floor":2,"turns":3},{"damage":1,"enemies":"Jaw Worm","floor":3,"turns":3},{"damage":26,"enemies":"Gremlin Gang","floor":4,"turns":4},{"damage":16,"enemies":"Lagavulin","floor":6,"turns":7},{"damage":16,"enemies":"Large Slime","floor":7,"turns":5},{"damage":27,"enemies":"3 Sentries","floor":11,"turns":5},{"damage":0,"enemies":"Looter","floor":12,"turns":4},{"damage":2,"enemies":"2 Fungi Beasts","floor":14,"turns":3},{"damage":44,"enemies":"Hexaghost","floor":16,"turns":9},{"damage":24,"enemies":"3 Byrds","floor":18,"turns":4},{"damage":6,"enemies":"2 Thieves","floor":19,"turns":3},{"damage":36,"enemies":"3 Cultists","floor":21,"turns":5},{"damage":52,"enemies":"Slavers","floor":23,"turns":5},{"damage":11,"enemies":"Centurion and Healer","floor":24,"turns":4},{"damage":5,"enemies":"Cultist and Chosen","floor":25,"turns":5},{"damage":28,"enemies":"Gremlin Leader","floor":27,"turns":5},{"damage":17,"enemies":"Snake Plant","floor":28,"turns":2}],"seed_played":"3709131513951456503","potions_obtained":[{"floor":6,"key":"FocusPotion"},{"floor":7,"key":"LiquidBronze"},{"floor":10,"key":"FairyPotion"},{"floor":11,"key":"Dexterity Potion"},{"floor":12,"key":"LiquidMemories"},{"floor":14,"key":"Fire Potion"},{"floor":16,"key":"PowerPotion"},{"floor":19,"key":"FearPotion"},{"floor":21,"key":"Block Potion"},{"floor":23,"key":"FearPotion"},{"floor":24,"key":"SmokeBomb"},{"floor":25,"key":"SteroidPotion"},{"floor":27,"key":"EntropicBrew"}],"is_trial":false,"path_per_floor":["M","M","M","M","$","E","M","R","T","?","E","M","R","M","R","B",null,"M","M","?","M","$","E","M","M","T","E","M"],"character_chosen":"DEFECT","items_purchased":["Self Repair","Static Discharge","Pear"],"campfire_rested":1,"item_purchase_floors":[5,22,22],"current_hp_per_floor":[66,65,64,38,38,29,20,46,46,46,26,33,42,40,49,12,89,72,73,73,44,54,9,36,38,38,17,0,0],"gold":175,"neow_bonus":"TWENTY_PERCENT_HP_BONUS","is_daily":false,"chose_seed":false,"campfire_upgraded":2,"win_rate":0.0,"timestamp":1609884769,"path_taken":["M","M","M","M","$","E","M","R","T","?","E","M","R","M","R","BOSS","M","M","?","M","?","E","?","M","T","E","M"],"items_purchased_type":["Card","Card","Relic"],"build_version":"2020-12-22","purchased_purges":1,"victory":false,"max_hp_per_floor":[89,89,89,89,89,89,89,89,89,89,89,89,89,89,89,89,89,89,89,89,89,99,99,99,99,99,99,99,99],"card_choices":[{"not_picked":["Stack","Go for the Eyes"],"picked":"Static Discharge","floor":1},{"not_picked":["Genetic Algorithm","Darkness"],"picked":"BootSequence","floor":2},{"not_picked":["Glacier","Turbo"],"picked":"Stack","floor":3},{"not_picked":["Stack","Turbo"],"picked":"Ball Lightning","floor":4},{"not_picked":["Redo","Barrage"],"picked":"Hello World","floor":6},{"not_picked":["Genetic Algorithm","Leap"],"picked":"Steam","floor":7},{"not_picked":["Stack","Skim"],"picked":"Storm","floor":11},{"not_picked":["Sweeping Beam","Hologram","Darkness"],"picked":"SKIP","floor":12},{"not_picked":["Sweeping Beam","Auto Shields"],"picked":"Melter","floor":14},{"not_picked":["Fission","Rainbow"],"picked":"Thunder Strike","floor":16},{"not_picked":["Chaos","Hologram","Scrape+1","Stack"],"picked":"SKIP","floor":18},{"not_picked":["Compile Driver","Melter","Hologram"],"picked":"Defragment+1","floor":19},{"not_picked":["Go for the Eyes","Turbo+1","Cold Snap"],"picked":"Force Field","floor":21},{"not_picked":["Hologram","Biased Cognition","Undo"],"picked":"FTL","floor":23},{"not_picked":["Beam Cell","Conserve Battery+1","Go for the Eyes+1"],"picked":"Ball Lightning","floor":24},{"not_picked":["Barrage","Leap+1","Redo"],"picked":"Ball Lightning+1","floor":25},{"not_picked":["Beam Cell","Reinforced Body","Conserve Battery"],"picked":"BootSequence","floor":27}],"player_experience":40121,"relics_obtained":[{"floor":6,"key":"White Beast Statue"},{"floor":9,"key":"War Paint"},{"floor":11,"key":"Eternal Feather"},{"floor":17,"key":"Boot"},{"floor":17,"key":"Question Card"},{"floor":17,"key":"Incense Burner"},{"floor":23,"key":"MawBank"},{"floor":26,"key":"Pantograph"},{"floor":27,"key":"Nunchaku"}],"event_choices":[{"damage_healed":0,"gold_gain":0,"player_choice":"Got Potions","damage_taken":0,"max_hp_gain":0,"max_hp_loss":0,"event_name":"Lab","floor":10,"gold_loss":0},{"cards_removed":["Strike_B"],"damage_healed":0,"gold_gain":0,"player_choice":"Purged","damage_taken":0,"max_hp_gain":0,"max_hp_loss":0,"event_name":"Purifier","floor":20,"gold_loss":0}],"is_beta":false,"boss_relics":[{"not_picked":["Astrolabe","Fusion Hammer"],"picked":"Calling Bell"}],"items_purged_floors":[5],"is_endless":false,"potions_floor_spawned":[6,7,11,12,14,16,18,19,21,23,24,25,27],"killed_by":"Snake Plant","ascension_level":0}}