{"host":"fdmexzkyss3ff9bv","time":1609870028,"event":{"mods":["BaseMod","Beaked The Cultist","BetterRewards","Downfall","Glutton Mod","Halation","Hubris","Infinite Spire","Minty Spire (QoL Compilation)","Replay The Spire","StSLib","The Animator","The Blackbeard","The Bug Knight","The Construct","The Mystic","The Servant 0.9.4","The Witch"],"gold_per_floor":[115,115,133,308,320,352,352,377,377,393,468,485,499,518,518,518,518],"floor_reached":16,"playtime":2049,"items_purged":[],"score":114,"play_id":"8f06dc58-59d5-4100-85fb-1065cca416fc","local_time":"20210105190708","is_ascension_mode":false,"campfire_choices":[{"floor":7,"key":"REST"},{"floor":15,"key":"REST"}],"circlet_count":0,"master_deck":["Strike_R","Strike_R","Strike_R","Strike_R","Strike_R","Defend_R","Defend_R","Defend_R","Defend_R","Bash","animator:Defend_Konosuba","animator:Defend","ReplayTheSpireMod:Necrogeddon","Thunderclap","hubris:ReadiedAction","Doubt","Anger","Eclipse","Anger","Cleave","Iron Wave","Battle Trance","hubris:ReadiedAction"],"relics":["Burning Blood","halation:EternalFortune","Turnip","infinitespire:ShieldingShard"],"acts_visited":["Exordium"],"potions_floor_usage":[6,14,16,16],"damage_taken":[{"damage":13,"enemies":"Small Slimes","floor":1,"turns":5},{"damage":12,"enemies":"Jaw Worm","floor":3,"turns":5},{"damage":6,"enemies":"Cultist","floor":5,"turns":5},{"damage":45,"enemies":"HollowMod:MossKnight","floor":6,"turns":13},{"damage":44,"enemies":"3 Sentries","floor":8,"turns":11},{"damage":1,"enemies":"Exordium Wildlife","floor":10,"turns":3},{"damage":0,"enemies":"Large Slime","floor":12,"turns":5},{"damage":20,"enemies":"Exordium Thugs","floor":13,"turns":3},{"damage":5,"enemies":"Red Slaver","floor":14,"turns":4},{"damage":40,"enemies":"The Guardian","floor":16,"turns":8}],"seed_played":"-3454962470709233145","potions_obtained":[{"floor":1,"key":"Languid Potion"},{"floor":8,"key":"Guardian:BlockOnCardUsePotion"},{"floor":10,"key":"ElixirPotion"},{"floor":13,"key":"Strength Potion"}],"is_trial":false,"path_per_floor":["M","?","M","?","M","E","R","E","T","M","?","M","M","M","R","B"],"character_chosen":"IRONCLAD","items_purchased":[],"campfire_rested":2,"item_purchase_floors":[],"current_hp_per_floor":[73,76,70,70,70,34,59,24,24,29,18,24,10,11,37,0,0],"gold":518,"neow_bonus":"RANDOM_COLORLESS_2","is_daily":false,"chose_seed":false,"campfire_upgraded":0,"win_rate":0.0,"timestamp":1609870028,"path_taken":["M","?","M","?","M","E","R","E","T","M","?","M","M","?","R","BOSS"],"items_purchased_type":[],"build_version":"2020-12-13","purchased_purges":0,"victory":false,"max_hp_per_floor":[80,83,83,83,83,86,86,89,89,89,89,89,89,89,89,89,89],"card_choices":[{"not_picked":["Transmutation","Chrysalis"],"picked":"ReplayTheSpireMod:Necrogeddon","floor":0},{"not_picked":["hubris:ReadiedAction","Warcry"],"picked":"Thunderclap","floor":1},{"not_picked":["Armaments","Iron Wave"],"picked":"hubris:ReadiedAction","floor":3},{"not_picked":["True Grit","Flex"],"picked":"Anger","floor":5},{"not_picked":["Pommel Strike","ReplayTheSpireMod:Corrosion Curse"],"picked":"Eclipse","floor":6},{"not_picked":["Combust","infinitespire:OneForAll"],"picked":"Anger","floor":8},{"not_picked":["Iron Wave","Clash"],"picked":"Cleave","floor":10},{"not_picked":["Twin Strike","Searing Blow"],"picked":"Iron Wave","floor":12},{"not_picked":["Perfected Strike","Iron Wave"],"picked":"Battle Trance","floor":13},{"not_picked":["Pommel Strike","ReplayTheSpireMod:LeadingStrike"],"picked":"hubris:ReadiedAction","floor":14}],"player_experience":66916,"relics_obtained":[{"floor":6,"key":"halation:EternalFortune"},{"floor":6,"key":"Turnip"},{"floor":8,"key":"halation:EternalFortune"},{"floor":8,"key":"infinitespire:ShieldingShard"}],"event_choices":[{"damage_healed":0,"gold_gain":175,"player_choice":"AGREE","damage_taken":0,"max_hp_gain":0,"max_hp_loss":0,"event_name":"Liars Game","floor":4,"gold_loss":0,"cards_obtained":["Doubt"]},{"damage_healed":0,"gold_gain":75,"player_choice":"Gather Gold","damage_taken":11,"max_hp_gain":0,"max_hp_loss":0,"event_name":"World of Goop","floor":11,"gold_loss":0}],"is_beta":false,"boss_relics":[],"items_purged_floors":[],"is_endless":false,"potions_floor_spawned":[1,8,10,13],"killed_by":"The Guardian","ascension_level":0}}