{"host":"xkyjkr020mio9edy","time":1609872289,"event":{"mods":["BaseMod","Clockwork Mod","Colored Map","Colored Powertips","Downfall","Glutton Mod","Gold Saver","Minty Spire (QoL Compilation)","Quick Restart","Replay The Spire","StSLib","The Cursed","The Necromancer","TheHeartMod"],"gold_per_floor":[50109,50128,49486,49504,49504,49538,49114,49114,49114,49114,49139,49139,48109,48124,48124,48227,48227,48244,48257,47512,47547,47547,47547,47560,47574,47574,46803,46803,46832,46832,45794,45794,45890,45890,45902,45902,45950,45968,45984,46011,46011,46061,46061,46061,46087,45550,45550,45561,45561,45561,45561,45561,44839,44864,44864],"floor_reached":56,"playtime":2910,"items_purged":["Strike_R","Strike_R","Defend_R","hexamod:Haunted","Limit Break","Defend_R","Entrench"],"score":1524,"play_id":"ae9154ff-a89f-465e-ab2d-4633314633df","local_time":"20210105134449","is_ascension_mode":true,"campfire_choices":[{"floor":8,"key":"REST"},{"floor":10,"key":"RECALL"},{"floor":12,"key":"REST"},{"floor":23,"key":"REST"},{"data":"Corruption","floor":28,"key":"SMITH"},{"data":"Juggernaut","floor":41,"key":"SMITH"},{"floor":47,"key":"REST"},{"data":"Searing Blow+1","floor":49,"key":"SMITH"},{"data":"Seeing Red","floor":52,"key":"SMITH"}],"circlet_count":0,"master_deck":["Strike_R","Strike_R+1","Strike_R","Defend_R","Defend_R","Bash","Fire Breathing+1","Rampage","Searing Blow+2","Clothesline+1","Infernal Blade+1","ReplayTheSpireMod:Corrosion Curse","Metallicize","Life Link+1","ReplayTheSpireMod:Private Reserves","Intimidate","Anger+1","Sword Boomerang+1","Anger+1","Juggernaut+1","Panache+1","Anger+1","Corruption+1","Replay:Undeath\u0027s Touch+1","Body Slam+1","Armaments+1","RitualDagger+1","Whirlwind+1","Whirlwind+1","Feel No Pain","Seeing Red+1","Anger+1","The Bomb+1","Whirlwind+1","ReplayTheSpireMod:Limb From Limb+1","Anger+1","Replay:Undeath\u0027s Touch+1","Twin Strike+1","Replay:Undeath\u0027s Touch+1","Replay:Undeath\u0027s Touch+1","ReplayTheSpireMod:Strike From Hell+1","Anger+1","Iron Wave+1","Inflame","Blood for Blood+1"],"relics":["Burning Blood","Molten Egg 2","Orrery","ReplayTheSpireMod:Shallot","Juzu Bracelet","Replay:Mystery Machine","Oddly Smooth Stone","Bronze Scales","Bag of Marbles","Chemical X","Blue Candle","Sozu","Strange Spoon","Whetstone","Shuriken","Red Mask","Gremlin Horn","Strawberry","Blood Vial","ClockworkSouvenir","Replay:Rubber Ducky","Omamori","Medical Kit","Toy Ornithopter","Peace Pipe","SacredBark","Unceasing Top","Replay:Wax Seal","Durian","Snack Pack","BargainBundle","Self Forming Clay","Pen Nib","Guide Book","Vajra","Incense Burner","Ornamental Fan"],"acts_visited":["Exordium","TheCity","TheBeyond","TheEnding"],"potions_floor_usage":[6,12,16,16,25],"damage_taken":[{"damage":9,"enemies":"Cultist","floor":1,"turns":5},{"damage":15,"enemies":"Jaw Worm","floor":2,"turns":5},{"damage":23,"enemies":"Small Slimes","floor":4,"turns":3},{"damage":28,"enemies":"Gremlin Nob","floor":6,"turns":5},{"damage":21,"enemies":"Lagavulin","floor":11,"turns":5},{"damage":0,"enemies":"3 Louse","floor":14,"turns":2},{"damage":22,"enemies":"Slime Boss","floor":16,"turns":7},{"damage":38,"enemies":"2 Thieves","floor":18,"turns":4},{"damage":5,"enemies":"Chosen","floor":19,"turns":4},{"damage":30,"enemies":"Masked Bandits","floor":21,"turns":4},{"damage":2,"enemies":"Snake Plant","floor":24,"turns":4},{"damage":0,"enemies":"Centurion and Healer","floor":25,"turns":1},{"damage":26,"enemies":"Slavers","floor":29,"turns":5},{"damage":25,"enemies":"Automaton","floor":33,"turns":6},{"damage":66,"enemies":"3 Shapes","floor":35,"turns":4},{"damage":29,"enemies":"2 Orb Walkers","floor":37,"turns":4},{"damage":0,"enemies":"Orb Walker","floor":38,"turns":2},{"damage":0,"enemies":"Transient","floor":39,"turns":5},{"damage":0,"enemies":"R_Hoarder","floor":40,"turns":3},{"damage":28,"enemies":"Mind Bloom Boss Battle","floor":42,"turns":4},{"damage":10,"enemies":"Nemesis","floor":45,"turns":3},{"damage":4,"enemies":"Writhing Mass","floor":48,"turns":2},{"damage":32,"enemies":"Time Eater","floor":50,"turns":6},{"damage":0,"enemies":"Shield and Spear","floor":54,"turns":3},{"damage":22,"enemies":"The Heart","floor":55,"turns":7}],"seed_played":"-80098219121268877","potions_obtained":[{"floor":2,"key":"hexamod:EctoCoolerPotion"},{"floor":11,"key":"EntropicBrew"},{"floor":16,"key":"BloodPotion"}],"is_trial":false,"path_per_floor":["M","M","$","M","?","E","$","R","T","R","E","R","$","M","R_BF","B",null,"M","M","$","?","?","R","M","M","T","$","R","E","?","$","R_BF","B",null,"M","?","?","M","M","E","R","?","T","?","E","$","R","M","R","B",null,"R","$","E","B",null],"character_chosen":"IRONCLAD","items_purchased":["Molten Egg 2","Orrery","Life Link","ReplayTheSpireMod:Private Reserves","Juzu Bracelet","Replay:Mystery Machine","Sword Boomerang+1","Juggernaut","Limit Break","Panache","Anger+1","Bronze Scales","Bag of Marbles","Chemical X","Strange Spoon","Whetstone","Shuriken","Body Slam+1","Strawberry","Blood Vial","ClockworkSouvenir","Feel No Pain","Seeing Red","Medical Kit","The Bomb","Whirlwind+1","Toy Ornithopter","Peace Pipe","BargainBundle","Self Forming Clay","Pen Nib","Guide Book","Vajra","Incense Burner","Iron Wave+1","Inflame"],"campfire_rested":4,"item_purchase_floors":[3,3,3,3,7,7,7,13,13,13,13,13,13,13,20,20,20,20,27,27,27,27,27,31,31,31,31,31,46,46,46,53,53,53,53,53],"current_hp_per_floor":[77,68,68,51,51,29,29,53,53,53,38,62,62,68,68,52,80,48,49,49,25,19,43,47,69,69,76,76,58,58,58,84,67,87,27,76,53,61,69,76,76,59,59,59,65,65,81,81,81,65,81,81,81,81,74],"gold":44864,"neow_bonus":"THREE_CARDS","is_daily":false,"chose_seed":false,"campfire_upgraded":4,"win_rate":0.0,"timestamp":1609872289,"path_taken":["M","M","$","M","?","E","$","R","T","R","E","R","$","M","R_BF","BOSS","M","M","$","?","?","R","M","M","T","?","R","E","?","$","R_BF","BOSS","M","?","?","M","M","E","R","?","T","?","E","$","R","M","R","BOSS","R","$","E","BOSS"],"items_purchased_type":["Relic","Relic","Card","Card","Relic","Relic","Card","Card","Card","Card","Card","Relic","Relic","Relic","Relic","Relic","Relic","Card","Relic","Relic","Relic","Card","Card","Relic","Card","Card","Relic","Relic","Relic","Relic","Relic","Relic","Relic","Relic","Card","Card"],"build_version":"2020-12-22","purchased_purges":7,"victory":true,"max_hp_per_floor":[80,80,80,80,80,80,80,80,80,80,80,80,80,80,80,80,80,80,80,80,80,80,80,80,80,80,87,87,87,87,87,87,87,87,87,76,76,76,76,76,76,81,81,81,81,81,81,81,81,81,81,81,81,81,81],"card_choices":[{"not_picked":["Replay:Undeath\u0027s Touch","Headbutt"],"picked":"Fire Breathing","floor":0},{"not_picked":["Thunderclap","Twin Strike"],"picked":"Rampage","floor":1},{"not_picked":["Sword Boomerang","Armaments"],"picked":"Searing Blow","floor":2},{"not_picked":["Clash+1","Iron Wave+1"],"picked":"Clothesline+1","floor":3},{"not_picked":["Disarm","Eclipse"],"picked":"Infernal Blade","floor":3},{"not_picked":["Evolve","Armaments"],"picked":"ReplayTheSpireMod:Corrosion Curse","floor":3},{"not_picked":["Run Through+1","Body Slam+1"],"picked":"Metallicize","floor":3},{"not_picked":["Iron Wave+1","Replay:Undeath\u0027s Touch+1"],"picked":"Entrench","floor":3},{"not_picked":["Clothesline+1","Life Link"],"picked":"Intimidate","floor":4},{"not_picked":["Cleave+1","Shrug It Off"],"picked":"Anger+1","floor":6},{"not_picked":["Dropkick+1","Perfected Strike+1"],"picked":"Anger+1","floor":11},{"not_picked":["ReplayTheSpireMod:Muscle Training","Wild Strike+1","Bloodletting"],"picked":"SKIP","floor":14},{"not_picked":["Reaper+1","Limit Break"],"picked":"Corruption","floor":16},{"not_picked":["Shockwave+1","Run Through+1","Armaments"],"picked":"SKIP","floor":18},{"not_picked":["Cleave+1","Rupture"],"picked":"Replay:Undeath\u0027s Touch+1","floor":19},{"not_picked":["Thunderclap+1","Flex"],"picked":"Armaments+1","floor":21},{"not_picked":["Body Slam+1","True Grit"],"picked":"Whirlwind+1","floor":24},{"not_picked":["Hemokinesis+1","Entrench"],"picked":"Whirlwind+1","floor":25},{"not_picked":["Double Tap","Pummel+1"],"picked":"Anger+1","floor":29},{"not_picked":["Searing Blow+1","Burning Pact"],"picked":"ReplayTheSpireMod:Limb From Limb+1","floor":35},{"not_picked":["Body Slam+1","Warcry+1"],"picked":"Anger+1","floor":37},{"not_picked":["True Grit+1","Rupture"],"picked":"Replay:Undeath\u0027s Touch+1","floor":38},{"not_picked":["Clothesline+1","ReplayTheSpireMod:Muscle Training"],"picked":"Twin Strike+1","floor":39},{"not_picked":["Flex+1","Cleave+1"],"picked":"Replay:Undeath\u0027s Touch+1","floor":40},{"not_picked":["Thunderclap+1","Power Through"],"picked":"Replay:Undeath\u0027s Touch+1","floor":42},{"not_picked":["Dark Embrace","Perfected Strike+1"],"picked":"ReplayTheSpireMod:Strike From Hell+1","floor":45},{"not_picked":["Run Through+1","Inflame+1"],"picked":"Anger+1","floor":48},{"not_picked":["Hemokinesis+1","Warcry+1"],"picked":"Blood for Blood+1","floor":54}],"player_experience":104823,"relics_obtained":[{"floor":6,"key":"ReplayTheSpireMod:Shallot"},{"floor":11,"key":"Oddly Smooth Stone"},{"floor":21,"key":"Red Mask"},{"floor":26,"key":"Gremlin Horn"},{"floor":29,"key":"Replay:Rubber Ducky"},{"floor":37,"key":"Unceasing Top"},{"floor":40,"key":"Replay:Wax Seal"},{"floor":42,"key":"Durian"},{"floor":43,"key":"Snack Pack"},{"floor":54,"key":"Ornamental Fan"}],"event_choices":[{"damage_healed":0,"gold_gain":0,"player_choice":"Fought Bandits","damage_taken":0,"max_hp_gain":0,"max_hp_loss":0,"event_name":"Masked Bandits","floor":21,"gold_loss":0},{"damage_healed":0,"gold_gain":0,"player_choice":"Joined the Cult","damage_taken":6,"max_hp_gain":0,"max_hp_loss":0,"event_name":"Nest","floor":22,"gold_loss":0,"cards_obtained":["RitualDagger"]},{"damage_healed":0,"gold_gain":0,"player_choice":"Gave Potion","damage_taken":0,"relics_obtained":["Omamori"],"max_hp_gain":0,"max_hp_loss":0,"event_name":"WeMeetAgain","floor":30,"gold_loss":0},{"damage_healed":76,"gold_gain":0,"player_choice":"Heal","damage_taken":0,"max_hp_gain":0,"max_hp_loss":11,"event_name":"The Moai Head","floor":36,"gold_loss":0},{"damage_healed":0,"gold_gain":0,"player_choice":"Fight","damage_taken":0,"max_hp_gain":0,"max_hp_loss":0,"event_name":"Mysterious Sphere","floor":37,"gold_loss":0},{"damage_healed":0,"gold_gain":0,"player_choice":"Fight","damage_taken":0,"max_hp_gain":0,"max_hp_loss":0,"event_name":"MindBloom","floor":42,"gold_loss":0},{"damage_healed":0,"gold_gain":0,"player_choice":"Upgraded","damage_taken":0,"max_hp_gain":0,"max_hp_loss":0,"event_name":"Upgrade Shrine","floor":44,"gold_loss":0,"cards_upgraded":["Life Link"]}],"is_beta":false,"boss_relics":[{"not_picked":["Replay:Wanted Poster","Runic Dome"],"picked":"Sozu"},{"not_picked":["Replay:Drink Me","Velvet Choker"],"picked":"SacredBark"}],"items_purged_floors":[3,7,13,20,27,31,46],"is_endless":false,"potions_floor_spawned":[2,11,16,18,29,33,37,39,40,48],"ascension_level":2}}