{"host":"uceopoba4zvqsgiy","time":1609830365,"event":{"mods":["Act Like it!","BaseMod","Better Skull","Better Third Choice","Elementarium","Evolution","GifTheSpireLib","Hermit","Humility","Infinite Spire","Jorbs\u0027s Wanderer Trilogy","Marked Mod","Minty Spire (QoL Compilation)","Potionbrewer","Replay The Spire","Robot Space Explorer","Shade Mod","Spicy Shops","StSLib","Stuff the Spire","The Blue Laboratory","The Caster","The Cursed","The Dragon Tamer","The Hierophant","The Judge","The Jungle","Wandering Minibosses"],"gold_per_floor":[110,123,123,179,225,259,259,303,303,322,322,322],"floor_reached":11,"playtime":3953,"items_purged":[],"score":111,"play_id":"b89f40b8-176b-4494-acc6-0e9524e5fbaf","local_time":"20210105173605","is_ascension_mode":true,"campfire_choices":[{"data":"ReplayTheSpireMod:Limb From Limb","floor":7,"key":"SMITH"}],"circlet_count":0,"master_deck":["Strike_R","Strike_R","Strike_R","Strike_R","Strike_R","Defend_R","Defend_R","Defend_R","Defend_R","Bash","ReplayTheSpireMod:Limb From Limb+1","Rage","ReplayTheSpireMod:Muscle Training","ReplayTheSpireMod:LeadingStrike"],"relics":["Burning Blood","EVO:Axolotl","NeowsBlessing","Golden Idol","InkBottle","Pen Nib","Replay:Rubber Ducky","infinitespire:FocusingShard","potionbrewer:WarMedal"],"acts_visited":["Exordium"],"potions_floor_usage":[11],"damage_taken":[{"damage":0,"enemies":"2 Louse","floor":1,"turns":1},{"damage":0,"enemies":"Small Slimes","floor":2,"turns":1},{"damage":0,"enemies":"Lagavulin","floor":6,"turns":1},{"damage":22,"enemies":"Gremlin Nob","floor":8,"turns":3},{"damage":0,"enemies":"Jaw Worm","floor":10,"turns":2},{"damage":58,"enemies":"3 Sentries","floor":11,"turns":8}],"seed_played":"7238490614482629690","potions_obtained":[{"floor":2,"key":"Swift Potion"},{"floor":6,"key":"SmokeBomb"}],"is_trial":false,"path_per_floor":["M","M","?","?","T","E","R","E","T","M","E"],"character_chosen":"IRONCLAD","items_purchased":[],"campfire_rested":0,"item_purchase_floors":[],"current_hp_per_floor":[80,80,60,60,60,66,66,50,50,56,0,0],"gold":322,"neow_bonus":"THREE_ENEMY_KILL","is_daily":false,"chose_seed":false,"campfire_upgraded":1,"win_rate":0.0,"timestamp":1609830365,"path_taken":["M","M","?","?","?","E","R","E","T","M","E"],"items_purchased_type":[],"build_version":"2020-12-22","purchased_purges":0,"victory":false,"max_hp_per_floor":[80,80,80,80,80,80,80,80,80,80,80,80],"card_choices":[{"not_picked":["Thunderclap","Iron Wave","Twin Strike"],"picked":"SKIP","floor":1},{"not_picked":["Replay:Undeath\u0027s Touch","Heavy Blade"],"picked":"ReplayTheSpireMod:Limb From Limb","floor":2},{"not_picked":["StuffTheSpire:Slingshot","Havoc"],"picked":"Rage","floor":4},{"not_picked":["Havoc","Pommel Strike","Shrug It Off"],"picked":"SKIP","floor":6},{"not_picked":["Carnage","Bludgeon"],"picked":"ReplayTheSpireMod:Muscle Training","floor":8},{"not_picked":["StuffTheSpire:Pyroclast","Heavy Blade"],"picked":"ReplayTheSpireMod:LeadingStrike","floor":10}],"player_experience":1586476,"relics_obtained":[{"floor":4,"key":"InkBottle"},{"floor":5,"key":"Pen Nib"},{"floor":6,"key":"Replay:Rubber Ducky"},{"floor":8,"key":"infinitespire:FocusingShard"},{"floor":9,"key":"potionbrewer:WarMedal"}],"event_choices":[{"damage_healed":0,"gold_gain":0,"player_choice":"Take Damage","damage_taken":20,"relics_obtained":["Golden Idol"],"max_hp_gain":0,"max_hp_loss":0,"event_name":"Golden Idol","floor":3,"gold_loss":0}],"is_beta":false,"boss_relics":[],"items_purged_floors":[],"is_endless":false,"potions_floor_spawned":[2,6],"killed_by":"3 Sentries","ascension_level":1}}