{"host":"r6jigiblrojhp6xe","time":1609826829,"event":{"mods":["AchievementEnabler","BaseMod","DeckTracker","Minty Spire (QoL Compilation)","Quick Restart","Rare Cards Sparkle","Relic Stats","StSLib","SuperFastMode","The Cursed","everything is the same but u backflip on backflip"],"gold_per_floor":[109,109,109,109,128,163,163,201,201,221,237,278,278,278,278,367,367,381,431,185,206,220,254,254,278,278,291,307,35,54,54,54,147,147,172,172,8,23,38,38,56,56,138,138,471,486,486,499,499,499,499],"floor_reached":50,"playtime":1648,"items_purged":["Choke","Night Terror"],"score":1118,"play_id":"aec69f75-84cd-4e47-b40a-ff542c654fcd","local_time":"20210105150709","is_ascension_mode":true,"campfire_choices":[{"data":"Noxious Fumes","floor":7,"key":"SMITH"},{"data":"Bouncing Flask","floor":13,"key":"SMITH"},{"data":"Neutralize","floor":15,"key":"SMITH"},{"floor":24,"key":"REST"},{"data":"Wraith Form v2","floor":32,"key":"SMITH"},{"data":"Footwork","floor":40,"key":"SMITH"},{"data":"Tactician","floor":42,"key":"SMITH"},{"data":"Crippling Poison","floor":44,"key":"SMITH"},{"floor":49,"key":"REST"}],"circlet_count":0,"master_deck":["AscendersBane","Survivor","Neutralize+1","Noxious Fumes+1","Dagger Spray","Backflip","Bouncing Flask+1","Corpse Explosion","Flechettes+1","Backflip","Corpse Explosion","Adrenaline","Wraith Form v2+1","Bullet Time","Deadly Poison","Backflip","Calculated Gamble+1","Acrobatics+1","Tactician+1","Reflex","Leg Sweep","Backflip","Footwork+1","Adrenaline","Crippling Poison+1","Concentrate"],"relics":["Ring of the Snake","NeowsBlessing","Centennial Puzzle","Ninja Scroll","InkBottle","Bottled Tornado","Pandora\u0027s Box","Orrery","Gambling Chip","Strawberry","Philosopher\u0027s Stone","Snake Skull","The Courier"],"acts_visited":["Exordium","TheCity","TheBeyond"],"potions_floor_usage":[8,11,12,21,50],"damage_taken":[{"damage":0,"enemies":"Cultist","floor":1,"turns":1},{"damage":0,"enemies":"Small Slimes","floor":5,"turns":1},{"damage":0,"enemies":"3 Sentries","floor":6,"turns":2},{"damage":8,"enemies":"Lagavulin","floor":8,"turns":9},{"damage":2,"enemies":"Jaw Worm","floor":10,"turns":4},{"damage":5,"enemies":"Gremlin Gang","floor":11,"turns":3},{"damage":21,"enemies":"Gremlin Nob","floor":12,"turns":4},{"damage":8,"enemies":"The Guardian","floor":16,"turns":9},{"damage":14,"enemies":"2 Thieves","floor":18,"turns":3},{"damage":14,"enemies":"Shell Parasite","floor":21,"turns":4},{"damage":12,"enemies":"Snake Plant","floor":22,"turns":3},{"damage":2,"enemies":"Book of Stabbing","floor":23,"turns":6},{"damage":0,"enemies":"3 Cultists","floor":25,"turns":2},{"damage":6,"enemies":"Cultist and Chosen","floor":27,"turns":4},{"damage":0,"enemies":"Snecko","floor":28,"turns":4},{"damage":3,"enemies":"Snake Plant","floor":30,"turns":3},{"damage":18,"enemies":"Collector","floor":33,"turns":6},{"damage":1,"enemies":"3 Shapes","floor":35,"turns":3},{"damage":0,"enemies":"3 Darklings","floor":38,"turns":3},{"damage":0,"enemies":"4 Shapes","floor":39,"turns":2},{"damage":2,"enemies":"Jaw Worm Horde","floor":41,"turns":3},{"damage":0,"enemies":"Sphere and 2 Shapes","floor":46,"turns":1},{"damage":12,"enemies":"Spire Growth","floor":48,"turns":4},{"damage":0,"enemies":"Time Eater","floor":50,"turns":5}],"seed_played":"-5211488402668362817","potions_obtained":[{"floor":1,"key":"Block Potion"},{"floor":8,"key":"DistilledChaos"},{"floor":11,"key":"Poison Potion"},{"floor":18,"key":"SneckoOil"},{"floor":27,"key":"Strength Potion"},{"floor":30,"key":"Swift Potion"},{"floor":36,"key":"LiquidMemories"},{"floor":46,"key":"Regen Potion"}],"is_trial":false,"path_per_floor":["M","?","?","?","M","E","R","E","T","M","M","E","R","?","R","B",null,"M","?","$","M","M","E","R","M","T","M","M","$","M","?","R","B",null,"M","?","$","M","M","R","M","R","T","R","?","M","?","M","R","B"],"character_chosen":"THE_SILENT","items_purchased":["Orrery","Adrenaline","Snake Skull"],"campfire_rested":2,"item_purchase_floors":[20,29,37],"current_hp_per_floor":[59,52,52,52,52,52,52,44,44,42,37,16,16,21,21,13,52,38,38,38,24,12,10,29,29,36,30,30,30,27,27,27,9,56,55,55,55,55,55,55,53,53,53,53,53,53,53,41,62,62,62],"gold":499,"neow_bonus":"THREE_ENEMY_KILL","is_daily":false,"chose_seed":false,"campfire_upgraded":7,"win_rate":0.0,"timestamp":1609826829,"path_taken":["M","?","?","?","?","E","R","E","T","M","?","E","R","?","R","BOSS","M","?","$","?","M","E","R","M","T","M","M","$","?","?","R","BOSS","M","?","?","M","M","R","M","R","T","R","?","M","?","M","R","BOSS"],"items_purchased_type":["Relic","Card","Relic"],"build_version":"2020-12-22","purchased_purges":2,"victory":false,"max_hp_per_floor":[66,66,60,60,60,60,60,60,60,60,60,60,60,65,65,65,65,65,65,65,65,65,65,65,65,72,72,72,72,72,72,72,72,72,72,72,72,72,72,72,72,72,72,72,72,72,72,72,72,72,72],"relic_stats":{"Centennial Puzzle":[45],"counters":[24,89],"Gambling Chip":[81],"Pandora\u0027s Box":["Flechettes","Backflip","Corpse Explosion","Adrenaline","Night Terror","Wraith Form v2","Bullet Time","Deadly Poison","Choke"],"Snake Skull":[58],"obtain_stats":[{"NeowsBlessing":0,"Golden Idol":3,"Snake Skull":37,"The Courier":43,"Bottled Tornado":12,"Centennial Puzzle":6,"Ninja Scroll":8,"Gambling Chip":23,"Strawberry":26,"Orrery":20,"Pandora\u0027s Box":17,"Philosopher\u0027s Stone":34,"InkBottle":9,"Ring of the Snake":0},{"NeowsBlessing":0,"Golden Idol":1,"Snake Skull":18,"The Courier":21,"Bottled Tornado":7,"Centennial Puzzle":3,"Ninja Scroll":4,"Gambling Chip":12,"Strawberry":13,"Orrery":9,"Pandora\u0027s Box":8,"Philosopher\u0027s Stone":17,"InkBottle":4,"Ring of the Snake":0},{"NeowsBlessing":0,"Golden Idol":1,"Snake Skull":71,"The Courier":79,"Bottled Tornado":24,"Centennial Puzzle":4,"Ninja Scroll":13,"Gambling Chip":49,"Strawberry":51,"Orrery":36,"Pandora\u0027s Box":33,"Philosopher\u0027s Stone":68,"InkBottle":13,"Ring of the Snake":0}],"InkBottle":[24],"Ring of the Snake":[48]},"card_choices":[{"not_picked":["Heel Hook","Slice"],"picked":"Noxious Fumes","floor":1},{"not_picked":["Sucker Punch","Slice"],"picked":"Dagger Spray","floor":5},{"not_picked":["Wraith Form v2","Sucker Punch"],"picked":"Backflip","floor":6},{"not_picked":["Burst","Setup","Deadly Poison"],"picked":"SKIP","floor":8},{"not_picked":["Burst","Setup","Deadly Poison"],"picked":"SKIP","floor":8},{"not_picked":["Dodge and Roll","Blade Dance"],"picked":"Bouncing Flask","floor":10},{"not_picked":["Flying Knee","Dodge and Roll","Quick Slash"],"picked":"SKIP","floor":11},{"not_picked":["Eviscerate","Deflect","All Out Attack"],"picked":"SKIP","floor":12},{"not_picked":["Glass Knife","Wraith Form v2"],"picked":"Corpse Explosion","floor":16},{"not_picked":["Sucker Punch","Dash+1","Flying Knee"],"picked":"SKIP","floor":18},{"not_picked":["Dagger Throw","Noxious Fumes"],"picked":"Backflip","floor":20},{"not_picked":["Predator","Skewer"],"picked":"Calculated Gamble+1","floor":20},{"not_picked":["Distraction","Deadly Poison+1"],"picked":"Acrobatics+1","floor":20},{"not_picked":["Poisoned Stab","Flying Knee"],"picked":"Tactician","floor":20},{"not_picked":["PiercingWail","Concentrate"],"picked":"Reflex","floor":21},{"not_picked":["Dodge and Roll","Prepared"],"picked":"Leg Sweep","floor":22},{"not_picked":["Die Die Die","Acrobatics","Blade Dance"],"picked":"SKIP","floor":23},{"not_picked":["Eviscerate","Blade Dance","Poisoned Stab"],"picked":"SKIP","floor":25},{"not_picked":["Cloak And Dagger","Endless Agony"],"picked":"Backflip","floor":27},{"not_picked":["Setup+1","Flying Knee"],"picked":"Footwork","floor":28},{"not_picked":["Prepared","Underhanded Strike+1","Terror"],"picked":"SKIP","floor":30},{"not_picked":["Dagger Spray+1","Acrobatics","Slice"],"picked":"SKIP","floor":35},{"not_picked":["Expertise","Accuracy","Quick Slash"],"picked":"SKIP","floor":38},{"not_picked":["Caltrops","Underhanded Strike+1","Outmaneuver"],"picked":"SKIP","floor":39},{"not_picked":["Poisoned Stab+1","Dagger Throw+1"],"picked":"Crippling Poison","floor":41},{"not_picked":["Deflect+1","Flying Knee+1","Dash"],"picked":"SKIP","floor":46},{"not_picked":["Blade Dance","Quick Slash"],"picked":"Concentrate","floor":48}],"player_experience":565305,"relics_obtained":[{"floor":6,"key":"Centennial Puzzle"},{"floor":8,"key":"Ninja Scroll"},{"floor":9,"key":"InkBottle"},{"floor":12,"key":"Bottled Tornado"},{"floor":23,"key":"Gambling Chip"},{"floor":26,"key":"Strawberry"},{"floor":43,"key":"The Courier"}],"event_choices":[{"cards_removed":["Strike_G"],"damage_healed":0,"gold_gain":0,"player_choice":"Card Removal","damage_taken":7,"max_hp_gain":0,"max_hp_loss":0,"event_name":"Golden Wing","floor":2,"gold_loss":0},{"damage_healed":0,"gold_gain":0,"player_choice":"Lose Max HP","damage_taken":0,"relics_obtained":["Golden Idol"],"max_hp_gain":0,"max_hp_loss":6,"event_name":"Golden Idol","floor":3,"gold_loss":0},{"damage_healed":0,"gold_gain":0,"player_choice":"Ignored","damage_taken":0,"max_hp_gain":0,"max_hp_loss":0,"event_name":"Liars Game","floor":4,"gold_loss":0},{"damage_healed":0,"gold_gain":0,"player_choice":"Donut","damage_taken":0,"max_hp_gain":5,"max_hp_loss":0,"event_name":"Big Fish","floor":14,"gold_loss":0},{"damage_healed":0,"gold_gain":100,"player_choice":"Bet on Murderer","damage_taken":0,"max_hp_gain":0,"max_hp_loss":0,"event_name":"The Joust","floor":19,"gold_loss":50},{"damage_healed":0,"gold_gain":0,"player_choice":"Ignored","damage_taken":0,"max_hp_gain":0,"max_hp_loss":0,"event_name":"Vampires","floor":31,"gold_loss":0},{"damage_healed":0,"gold_gain":0,"player_choice":"Got Potions","damage_taken":0,"max_hp_gain":0,"max_hp_loss":0,"event_name":"Lab","floor":36,"gold_loss":0},{"damage_healed":0,"gold_gain":333,"player_choice":"Gave Idol","damage_taken":0,"max_hp_gain":0,"max_hp_loss":0,"event_name":"The Moai Head","floor":45,"relics_lost":["Golden Idol"],"gold_loss":0},{"damage_healed":0,"gold_gain":0,"player_choice":"Upgraded","damage_taken":0,"max_hp_gain":0,"max_hp_loss":0,"event_name":"Upgrade Shrine","floor":47,"gold_loss":0,"cards_upgraded":["Flechettes"]}],"is_beta":false,"boss_relics":[{"not_picked":["Velvet Choker","Runic Dome"],"picked":"Pandora\u0027s Box"},{"not_picked":["Calling Bell","Busted Crown"],"picked":"Philosopher\u0027s Stone"}],"items_purged_floors":[20,29],"is_endless":false,"potions_floor_spawned":[1,8,11,18,27,30,39,46],"killed_by":"Time Eater","ascension_level":20}}