{"host":"h1l2j95f0ioyx0nx","time":1609855445,"event":{"mods":["AchievementEnabler","Arknights The Spire","Ascension Reborn","BaseMod","BetterRewards","Gold Saver","GungeonMod","Hermit","Lobotomy","Minty Spire (QoL Compilation)","Permanent Neow","Quick Restart","Shop Mod","Spicy Shops","StSLib","The Bug Knight","The Cursed","The Dragon Tamer","The Hierophant","The Jungle","The Poker Player","The Runesmith"],"gold_per_floor":[1490,1700,1718,1742,1755,1755,1777,1795,1795,1795,711,748,748,770,770,891,891,909,338,356,93,93,93,131,131,131,131,150,168,182,201,217,217,217,332,332,348,348,371,389,97,132,132,132,132,151,181,201,201,236,236,236,236,236,58,92,92],"floor_reached":58,"playtime":6725,"items_purged":["Doubt","Pain"],"score":1298,"play_id":"8b931275-9464-4ced-b4eb-ed934d22a08a","local_time":"20210105230405","is_ascension_mode":true,"campfire_choices":[{"floor":10,"key":"RECALL"},{"data":"Limit Break","floor":13,"key":"SMITH"},{"data":"Discovery","floor":15,"key":"SMITH"},{"data":"1","floor":23,"key":"LIFT"},{"data":"2","floor":27,"key":"LIFT"},{"data":"3","floor":33,"key":"LIFT"},{"data":"Demon Form","floor":43,"key":"SMITH"},{"data":"Berserk","floor":49,"key":"SMITH"},{"data":"DemoMod:Elimentaler","floor":51,"key":"SMITH"},{"data":"Juggernaut","floor":54,"key":"SMITH"}],"circlet_count":0,"master_deck":["Strike_R+1","Strike_R+1","Strike_R+1","Strike_R+1","Defend_R+1","Defend_R+1","Defend_R+1","Bash+1","Discovery+1","Spot Weakness","Seeing Red","DemoMod:BlackBlade+1","DemoMod:WhiteBlade","Spot Weakness","Dual Wield+1","Iron Wave+1","Evolve+1","Transmutation+1","Limit Break+1","Seeing Red","Berserk+1","Battle Trance","Limit Break+1","Heavy Blade","Battle Trance","Rage","Shrug It Off+1","Armaments+1","Juggernaut+1","Headbutt+1","DemoMod:Elimentaler+1","Demon Form+1","Flex+1","Seeing Red","Warcry+1","Limit Break+1","Offering+1","Heavy Blade"],"relics":["Burning Blood","HornCleat","Blood Vial","Bag of Marbles","DemoMod:JetPack","HollowMod:StagPassRelic","Medical Kit","DemoMod:WeirdEgg","Question Card","MerchantsRug","DemoMod:RingOfEthereal","Nunchaku","Girya","Coffee Dripper","DemoMod:ClearGuonStone","Brimstone","Red Skull","DemoMod:AgedBell","Gremlin Horn","Nunchaku","Strawberry","Vajra","Ice Cream","DemoMod:RatBoots","DemoMod:ResourcefulSack","DemoMod:PartiallyEatenCheese","Black Star","Empty Cage","WarpedTongs","DemoMod:Bottle","Toolbox","Centennial Puzzle","Du-Vu Doll","DemoMod:DecoyRelic","Toxic Egg 2","Incense Burner","Torii","Kunai","Ginger","Strange Spoon","Bronze Scales","Boot","Runesmith:AutoHammer","HollowMod:PaleOreRelic","Mummified Hand"],"acts_visited":["Exordium","Exordium","theJungle:Jungle","TheBeyond","TheEnding"],"potions_floor_usage":[1,16,35,35,52],"damage_taken":[{"damage":0,"enemies":"Cultist","floor":1,"turns":2},{"damage":0,"enemies":"Small Slimes","floor":3,"turns":2},{"damage":0,"enemies":"2 Louse","floor":4,"turns":2},{"damage":0,"enemies":"Looter","floor":5,"turns":1},{"damage":2,"enemies":"2 Fungi Beasts","floor":7,"turns":3},{"damage":0,"enemies":"Exordium Wildlife","floor":8,"turns":2},{"damage":0,"enemies":"HollowMod:MossKnight","floor":12,"turns":4},{"damage":0,"enemies":"3 Louse","floor":14,"turns":2},{"damage":9,"enemies":"Slime Boss","floor":16,"turns":4},{"damage":5,"enemies":"Shell Parasite","floor":18,"turns":3},{"damage":9,"enemies":"theJungle:GiantWrat","floor":20,"turns":3},{"damage":0,"enemies":"JungleHuntersEvent","floor":22,"turns":3},{"damage":0,"enemies":"theJungle:2_Phrogs","floor":24,"turns":3},{"damage":0,"enemies":"DemoMod:2_Veteran_bullet_kins_and_red_shotgun_kin","floor":28,"turns":1},{"damage":7,"enemies":"DemoMod:Red_and_blue_shotgun_kin","floor":29,"turns":2},{"damage":20,"enemies":"DemoMod:Red_and_blue_shotgun_kin_with_gunsinger","floor":30,"turns":2},{"damage":0,"enemies":"DemoMod:2_Mousers","floor":31,"turns":2},{"damage":10,"enemies":"DemoMod:Veteran_shot_gun_kin_and_blue_shotgun_kin_with_gunsinger","floor":32,"turns":1},{"damage":57,"enemies":"DemoMod:ResourcefulRat","floor":35,"turns":7},{"damage":0,"enemies":"3 Darklings","floor":37,"turns":3},{"damage":0,"enemies":"3 Shapes","floor":39,"turns":2},{"damage":8,"enemies":"Jaw Worm Horde","floor":40,"turns":2},{"damage":0,"enemies":"Giant Head","floor":42,"turns":3},{"damage":0,"enemies":"Transient","floor":46,"turns":5},{"damage":20,"enemies":"Nemesis","floor":47,"turns":3},{"damage":0,"enemies":"Writhing Mass","floor":48,"turns":1},{"damage":11,"enemies":"HollowMod:StalkingDevout","floor":50,"turns":2},{"damage":54,"enemies":"Time Eater","floor":52,"turns":4},{"damage":6,"enemies":"Shield and Spear","floor":56,"turns":1},{"damage":16,"enemies":"The Heart","floor":57,"turns":4}],"seed_played":"380168296556476453","potions_obtained":[{"floor":1,"key":"DemoMod:LeadSkinPotion"},{"floor":1,"key":"Fruit Juice"},{"floor":3,"key":"DistilledChaos"},{"floor":4,"key":"Strength Potion"},{"floor":4,"key":"ElixirPotion"},{"floor":5,"key":"BloodPotion"},{"floor":16,"key":"Swift Potion"},{"floor":20,"key":"PowerPotion"},{"floor":22,"key":"DemoMod:BlankPotion"},{"floor":24,"key":"Swift Potion"},{"floor":24,"key":"Dexterity Potion"},{"floor":30,"key":"BloodPotion"},{"floor":30,"key":"LiquidBronze"},{"floor":35,"key":"Swift Potion"},{"floor":37,"key":"ColorlessPotion"},{"floor":39,"key":"DuplicationPotion"},{"floor":40,"key":"CultistPotion"},{"floor":42,"key":"ColorlessPotion"},{"floor":46,"key":"BloodPotion"},{"floor":47,"key":"BlessingOfTheForge"},{"floor":48,"key":"Ancient Potion"},{"floor":56,"key":"DuplicationPotion"}],"is_trial":false,"path_per_floor":["M","?","M","M","M","?","M","M","T","R","$","E","R","M","R","B",null,"M","$","M","$","?","R","E","?","T","R","M","M","M","M","M","R","B","B",null,"M","?","M","M","$","E","R","?","T","M","E","M","R","E","R","B",null,"R","$","E","B",null],"character_chosen":"IRONCLAD","items_purchased":["Medical Kit","DemoMod:WeirdEgg","Question Card","MerchantsRug","DemoMod:GnawedKey","DemoMod:RingOfEthereal","Evolve","Transmutation","DemoMod:ClearGuonStone","Limit Break","Brimstone","Red Skull","DemoMod:AgedBell","Gremlin Horn","DemoMod:Bottle","Toolbox","Strange Spoon","Bronze Scales","Boot","Runesmith:AutoHammer"],"campfire_rested":0,"item_purchase_floors":[11,11,11,11,11,11,11,11,19,19,19,19,21,21,41,41,55,55,55,55],"current_hp_per_floor":[90,90,90,90,90,95,95,95,95,95,95,95,95,95,95,100,100,100,100,99,99,100,100,107,107,107,107,107,107,95,106,105,105,95,56,112,112,112,112,112,112,112,112,112,112,112,100,111,111,109,109,73,117,117,117,117,116],"gold":92,"neow_bonus":"RANDOM_COLORLESS","is_daily":false,"chose_seed":false,"campfire_upgraded":6,"win_rate":0.0,"timestamp":1609855445,"path_taken":["M","?","M","M","M","?","M","M","T","R","$","E","R","M","R","BOSS","M","$","M","$","?","R","E","?","T","R","M","M","M","M","M","R","BOSS","BOSS","M","?","?","M","$","E","R","?","T","M","E","M","R","E","R","BOSS","R","$","E","BOSS"],"items_purchased_type":["Relic","Relic","Relic","Relic","Relic","Relic","Card","Card","Relic","Card","Relic","Relic","Relic","Relic","Relic","Relic","Relic","Relic","Relic","Relic"],"build_version":"2020-12-22","purchased_purges":2,"victory":true,"max_hp_per_floor":[90,90,90,90,90,95,95,95,95,95,95,95,95,95,95,100,100,100,100,100,100,100,100,107,107,107,107,107,107,107,107,107,107,107,112,112,112,112,112,112,112,112,112,112,112,112,112,112,112,112,112,117,117,117,117,117,122],"card_choices":[{"not_picked":["Panacea","Finesse"],"picked":"Discovery","floor":0},{"not_picked":["Metallicize","Body Slam+1"],"picked":"Spot Weakness","floor":1},{"not_picked":["Clash+1","Warcry"],"picked":"Seeing Red","floor":3},{"not_picked":["Reckless Charge","Disarm+1"],"picked":"DemoMod:BlackBlade+1","floor":4},{"not_picked":["Perfected Strike+1","Dark Embrace"],"picked":"Spot Weakness","floor":5},{"not_picked":["Warcry","Iron Wave"],"picked":"Dual Wield+1","floor":7},{"not_picked":["Hemokinesis+1","Twin Strike+1"],"picked":"Iron Wave+1","floor":8},{"not_picked":["Dropkick","Exhume","Inflame"],"picked":"Limit Break","floor":12},{"not_picked":["Burning Pact","Anger+1","Pummel","Shockwave"],"picked":"SKIP","floor":12},{"not_picked":["Dual Wield+1","Pommel Strike","Wild Strike"],"picked":"Seeing Red","floor":14},{"not_picked":["Barricade","Fiend Fire","Feed"],"picked":"Berserk","floor":16},{"not_picked":["Pommel Strike+1","Second Wind","Rage"],"picked":"Battle Trance","floor":18},{"not_picked":["Shrug It Off","Warcry+1","Seeing Red"],"picked":"Heavy Blade","floor":20},{"not_picked":["Clothesline+1","Power Through","Body Slam"],"picked":"Battle Trance","floor":22},{"not_picked":["Body Slam","Shockwave","Sentinel"],"picked":"Rage","floor":24},{"not_picked":["Second Wind+1","Anger","Thunderclap"],"picked":"Shrug It Off+1","floor":28},{"not_picked":["Havoc+1","Dual Wield","Rage+1"],"picked":"Armaments+1","floor":29},{"not_picked":["Armaments+1","Body Slam+1","Anger+1"],"picked":"Juggernaut","floor":30},{"not_picked":["True Grit+1","Flame Barrier","Dual Wield+1","Cleave"],"picked":"SKIP","floor":31},{"not_picked":["Thunderclap","Havoc","Clash"],"picked":"Headbutt+1","floor":32},{"not_picked":[],"picked":"DemoMod:Elimentaler","floor":35},{"not_picked":["Reaper","Brutality","Fiend Fire"],"picked":"Demon Form","floor":35},{"not_picked":["Iron Wave","Clash+1","Sever Soul"],"picked":"Flex+1","floor":36},{"not_picked":["Havoc+1","Warcry+1","Flex+1"],"picked":"Seeing Red","floor":37},{"not_picked":["Thunderclap+1","Dropkick+1","Iron Wave"],"picked":"Warcry+1","floor":39},{"not_picked":["Cleave+1","Perfected Strike+1","Seeing Red","Corruption"],"picked":"SKIP","floor":40},{"not_picked":["Havoc+1","Cleave+1","Corruption","Clothesline+1"],"picked":"SKIP","floor":42},{"not_picked":["Perfected Strike+1","Dual Wield+1","Impervious+1","Body Slam+1"],"picked":"SKIP","floor":46},{"not_picked":["Power Through+1","Twin Strike","Hemokinesis"],"picked":"Limit Break+1","floor":47},{"not_picked":["Fire Breathing+1","Armaments+1","Perfected Strike+1","Wild Strike+1"],"picked":"SKIP","floor":48},{"not_picked":["Iron Wave+1","Whirlwind+1","True Grit+1"],"picked":"Offering+1","floor":50},{"not_picked":["Bloodletting+1","Fire Breathing","Battle Trance+1"],"picked":"Heavy Blade","floor":56}],"player_experience":160333,"relics_obtained":[{"floor":3,"key":"HornCleat"},{"floor":4,"key":"Blood Vial"},{"floor":7,"key":"Bag of Marbles"},{"floor":9,"key":"DemoMod:JetPack"},{"floor":9,"key":"HollowMod:StagPassRelic"},{"floor":12,"key":"Nunchaku"},{"floor":16,"key":"Girya"},{"floor":22,"key":"Nunchaku"},{"floor":24,"key":"Strawberry"},{"floor":32,"key":"Vajra"},{"floor":35,"key":"Ice Cream"},{"floor":36,"key":"DemoMod:RatBoots"},{"floor":36,"key":"DemoMod:ResourcefulSack"},{"floor":36,"key":"DemoMod:PartiallyEatenCheese"},{"floor":36,"key":"Black Star"},{"floor":36,"key":"Empty Cage"},{"floor":42,"key":"Centennial Puzzle"},{"floor":42,"key":"Du-Vu Doll"},{"floor":45,"key":"DemoMod:DecoyRelic"},{"floor":46,"key":"Toxic Egg 2"},{"floor":47,"key":"Incense Burner"},{"floor":47,"key":"Torii"},{"floor":50,"key":"Kunai"},{"floor":50,"key":"Ginger"},{"floor":56,"key":"HollowMod:PaleOreRelic"},{"floor":56,"key":"Mummified Hand"}],"event_choices":[{"damage_healed":0,"gold_gain":175,"player_choice":"AGREE","damage_taken":0,"max_hp_gain":0,"max_hp_loss":0,"event_name":"Liars Game","floor":2,"gold_loss":0,"cards_obtained":["Doubt"]},{"damage_healed":0,"gold_gain":0,"player_choice":"Donut","damage_taken":0,"max_hp_gain":5,"max_hp_loss":0,"event_name":"Big Fish","floor":6,"gold_loss":0},{"damage_healed":0,"gold_gain":0,"player_choice":"Rummage","damage_taken":0,"relics_obtained":["WarpedTongs"],"max_hp_gain":0,"max_hp_loss":0,"event_name":"Accursed Blacksmith","floor":38,"gold_loss":0,"cards_obtained":["Pain"]},{"damage_healed":0,"gold_gain":0,"player_choice":"Ignored","damage_taken":0,"max_hp_gain":0,"max_hp_loss":0,"event_name":"Falling","floor":44,"gold_loss":0}],"is_beta":false,"boss_relics":[{"not_picked":["Snecko Eye","Velvet Choker"],"picked":"Coffee Dripper"},{"not_picked":[]}],"items_purged_floors":[11,41],"is_endless":false,"potions_floor_spawned":[1,4,7,16,18,24,30,31,32,37,40],"ascension_level":0}}