{"host":"m77rrhbqzv44va4v","time":1609866188,"event":{"mods":["AchievementEnabler","BaseMod","Colored Map","DeckTracker","Keyboard Shortcuts","Minty Spire (QoL Compilation)","StSLib","SuperFastMode","everything is the same but u backflip on backflip"],"gold_per_floor":[117,133,133,148,169,169,194,238,238,272,285,304,304,327,327,327,327],"floor_reached":16,"playtime":440,"items_purged":[],"score":162,"play_id":"9f2dcba1-2c17-4827-aaf8-63ecc54be19e","local_time":"20210106020308","is_ascension_mode":true,"campfire_choices":[{"floor":6,"key":"REST"},{"floor":15,"key":"REST"}],"circlet_count":0,"master_deck":["Strike_P","Strike_P","Strike_P","Strike_P","Defend_P","Defend_P","Defend_P","Eruption","Vigilance","SashWhip","Consecrate","CarveReality","FollowUp","Evaluate","Halt","FearNoEvil","EmptyFist","FlurryOfBlows"],"relics":["PureWater","Golden Idol","The Courier","Prayer Wheel","Mercury Hourglass"],"acts_visited":["Exordium"],"potions_floor_usage":[8],"damage_taken":[{"damage":0.0,"enemies":"2 Louse","floor":1.0,"turns":2.0},{"damage":2.0,"enemies":"Jaw Worm","floor":2.0,"turns":3.0},{"damage":0.0,"enemies":"Cultist","floor":4.0,"turns":3.0},{"damage":23,"enemies":"Exordium Wildlife","floor":5,"turns":5},{"damage":1,"enemies":"Looter","floor":7,"turns":3},{"damage":5,"enemies":"3 Sentries","floor":8,"turns":3},{"damage":30,"enemies":"Lagavulin","floor":10,"turns":4},{"damage":0,"enemies":"2 Fungi Beasts","floor":11,"turns":1},{"damage":0,"enemies":"Red Slaver","floor":12,"turns":3},{"damage":0,"enemies":"Large Slime","floor":14,"turns":3},{"damage":24,"enemies":"The Guardian","floor":16,"turns":7}],"seed_played":"-6582162830625785658","potions_obtained":[{"floor":1.0,"key":"BlessingOfTheForge"},{"floor":10,"key":"Ambrosia"},{"floor":11,"key":"Ancient Potion"},{"floor":12,"key":"FearPotion"}],"is_trial":false,"path_per_floor":["M","M","?","M","M","R","M","E","T","E","M","M","?","M","R","B"],"character_chosen":"WATCHER","items_purchased":[],"campfire_rested":2,"item_purchase_floors":[],"current_hp_per_floor":[65,63,45,45,22,43,42,37,37,7,7,7,7,7,28,4,4],"gold":327,"neow_bonus":"REMOVE_CARD","is_daily":false,"chose_seed":false,"campfire_upgraded":0,"win_rate":0.0,"timestamp":1609866188,"path_taken":["M","M","?","M","M","R","M","E","T","E","M","M","?","M","R","BOSS"],"items_purchased_type":[],"build_version":"2020-12-22","purchased_purges":0,"victory":false,"max_hp_per_floor":[72,72,72,72,72,72,72,72,72,72,72,72,72,72,72,72,72],"card_choices":[{"not_picked":["Sanctity","EmptyBody"],"picked":"SashWhip","floor":1.0},{"not_picked":["SashWhip","JustLucky"],"picked":"Consecrate","floor":2.0},{"not_picked":["DeceiveReality","Pray","ThirdEye"],"picked":"SKIP","floor":4.0},{"not_picked":["JustLucky","Collect"],"picked":"CarveReality","floor":5},{"not_picked":["Collect","BowlingBash"],"picked":"FollowUp","floor":7},{"not_picked":["Prostrate","Collect"],"picked":"Evaluate","floor":8},{"not_picked":["BowlingBash","Pray","Conclude"],"picked":"SKIP","floor":10},{"not_picked":["DeceiveReality","FlurryOfBlows"],"picked":"Halt","floor":11},{"not_picked":["Judgement","FollowUp"],"picked":"FearNoEvil","floor":11},{"not_picked":["JustLucky","Consecrate"],"picked":"EmptyFist","floor":12},{"not_picked":["FlyingSleeves","Swivel"],"picked":"FlurryOfBlows","floor":12},{"not_picked":["WaveOfTheHand","FlurryOfBlows","LikeWater"],"picked":"SKIP","floor":14},{"not_picked":["Weave","JustLucky","BowlingBash"],"picked":"SKIP","floor":14}],"player_experience":904363,"relics_obtained":[{"floor":8,"key":"The Courier"},{"floor":9,"key":"Prayer Wheel"},{"floor":10,"key":"Mercury Hourglass"}],"event_choices":[{"damage_healed":0.0,"max_hp_gain":0.0,"max_hp_loss":0.0,"gold_gain":0.0,"event_name":"Golden Idol","player_choice":"Take Damage","floor":3.0,"gold_loss":0.0,"damage_taken":18.0,"relics_obtained":["Golden Idol"]},{"damage_healed":0,"gold_gain":0,"player_choice":"Ignored","damage_taken":0,"max_hp_gain":0,"max_hp_loss":0,"event_name":"Liars Game","floor":13,"gold_loss":0}],"is_beta":false,"boss_relics":[],"items_purged_floors":[],"is_endless":false,"potions_floor_spawned":[1,10,11,12],"killed_by":"The Guardian","ascension_level":8}}