{"host":"w9yruvs4bqht6bhw","time":1609810313,"event":{"mods":["BaseMod","Colored Powertips","Minty Spire (QoL Compilation)"],"gold_per_floor":[109,122,122,140,158,158,35,66,89,109,142,142,173,191,191,295,295,295,295,295,295,295,295,295,295,295,295,295,295,196,196,196,196,196,196,131,131,131,131,131,131,131,131],"floor_reached":42,"playtime":1495,"items_purged":["Strike_R"],"score":731,"play_id":"dd4d5c72-3e62-48c5-b246-364a3187fa8a","local_time":"20210104203153","is_ascension_mode":true,"campfire_choices":[{"data":"Rampage","floor":6,"key":"SMITH"},{"data":"Double Tap","floor":12,"key":"SMITH"},{"floor":15,"key":"REST"},{"data":"Seeing Red","floor":23,"key":"SMITH"},{"data":"Bash","floor":28,"key":"SMITH"},{"floor":32,"key":"REST"},{"data":"Iron Wave","floor":40,"key":"SMITH"}],"circlet_count":0,"master_deck":["Strike_R","Strike_R","Strike_R","Strike_R","Defend_R","Defend_R","Defend_R","Defend_R","Bash+1","Rampage+1","Clash","Iron Wave+1","Clash","Double Tap+1","Thunderclap","Spot Weakness","Reaper","Seeing Red+1","Shrug It Off+1","Headbutt+1","Iron Wave+1","Body Slam+1","Shrug It Off+1"],"relics":["Burning Blood","Akabeko","Dream Catcher","Anchor","Bag of Marbles","Ectoplasm","Matryoshka","MealTicket","Letter Opener","Boot","Centennial Puzzle","Kunai","InkBottle"],"acts_visited":["Exordium","TheCity","TheBeyond"],"potions_floor_usage":[10,11,16,25,27,27,29,33,33],"damage_taken":[{"damage":13,"enemies":"Jaw Worm","floor":1,"turns":5},{"damage":1,"enemies":"Cultist","floor":2,"turns":3},{"damage":8,"enemies":"2 Louse","floor":4,"turns":2},{"damage":6,"enemies":"Exordium Thugs","floor":5,"turns":4},{"damage":30,"enemies":"Lagavulin","floor":8,"turns":6},{"damage":2,"enemies":"3 Louse","floor":10,"turns":2},{"damage":5,"enemies":"Gremlin Nob","floor":11,"turns":3},{"damage":30,"enemies":"Lagavulin","floor":13,"turns":4},{"damage":0,"enemies":"Large Slime","floor":14,"turns":1},{"damage":65,"enemies":"Hexaghost","floor":16,"turns":9},{"damage":2,"enemies":"Chosen","floor":18,"turns":3},{"damage":19,"enemies":"Spheric Guardian","floor":20,"turns":4},{"damage":13,"enemies":"3 Cultists","floor":22,"turns":4},{"damage":2,"enemies":"Slavers","floor":25,"turns":3},{"damage":47,"enemies":"Book of Stabbing","floor":27,"turns":5},{"damage":26,"enemies":"Gremlin Leader","floor":29,"turns":6},{"damage":97,"enemies":"Collector","floor":33,"turns":8},{"damage":39,"enemies":"3 Shapes","floor":35,"turns":5},{"damage":15,"enemies":"3 Darklings","floor":37,"turns":6},{"damage":13,"enemies":"Sphere and 2 Shapes","floor":39,"turns":4},{"damage":60,"enemies":"Reptomancer","floor":41,"turns":5},{"damage":51,"enemies":"Writhing Mass","floor":42,"turns":3}],"seed_played":"2532502208718519171","potions_obtained":[{"floor":1,"key":"Regen Potion"},{"floor":4,"key":"Fire Potion"},{"floor":13,"key":"GamblersBrew"},{"floor":14,"key":"ColorlessPotion"},{"floor":16,"key":"EntropicBrew"},{"floor":22,"key":"AttackPotion"},{"floor":39,"key":"BlessingOfTheForge"},{"floor":41,"key":"Dexterity Potion"}],"is_trial":false,"path_per_floor":["M","M","?","M","M","R","$","E","T","M","E","R","E","M","R","B",null,"M","?","M","?","M","R","$","E","T","E","R","E","$","?","R","B",null,"M","?","M","?","M","R","E","M"],"character_chosen":"IRONCLAD","items_purchased":["Strength Potion","Headbutt","Energy Potion"],"campfire_rested":2,"item_purchase_floors":[7,30,30],"current_hp_per_floor":[68,76,76,77,80,80,80,56,56,68,69,69,48,54,83,24,80,98,98,85,85,78,78,78,98,98,73,73,78,93,73,103,12,80,57,57,48,48,41,41,27,0,0],"gold":131,"neow_bonus":"ONE_RANDOM_RARE_CARD","is_daily":false,"chose_seed":false,"campfire_upgraded":5,"win_rate":0.0,"timestamp":1609810313,"path_taken":["M","M","?","M","M","R","$","E","T","M","E","R","E","M","R","BOSS","M","?","?","?","M","R","?","E","T","E","R","E","$","?","R","BOSS","M","?","?","?","M","R","E","?"],"items_purchased_type":["Potion","Card","Potion"],"build_version":"2020-12-22","purchased_purges":1,"victory":false,"max_hp_per_floor":[83,86,86,89,92,92,92,92,92,95,95,95,98,98,98,98,98,98,98,98,98,98,98,98,98,98,98,98,98,98,103,103,103,103,103,103,103,103,103,103,103,103,103],"card_choices":[{"not_picked":["Battle Trance","Clothesline"],"picked":"Rampage","floor":1},{"not_picked":["Perfected Strike","Dark Embrace"],"picked":"Clash","floor":2},{"not_picked":["Heavy Blade","Flex","Havoc"],"picked":"SKIP","floor":4},{"not_picked":["Cleave","Feel No Pain"],"picked":"Iron Wave","floor":5},{"not_picked":["Pommel Strike","Inflame"],"picked":"Clash","floor":8},{"not_picked":["Sword Boomerang","Combust"],"picked":"Double Tap","floor":10},{"not_picked":["Body Slam","Clothesline"],"picked":"Thunderclap","floor":11},{"not_picked":["Fire Breathing","Perfected Strike","Ghostly Armor"],"picked":"SKIP","floor":13},{"not_picked":["Seeing Red","Sever Soul"],"picked":"Spot Weakness","floor":14},{"not_picked":["Offering","Berserk"],"picked":"Reaper","floor":16},{"not_picked":["Ghostly Armor","Sentinel+1"],"picked":"Seeing Red","floor":18},{"not_picked":["Power Through","Warcry+1","Anger"],"picked":"SKIP","floor":20},{"not_picked":["Clothesline","True Grit+1","Heavy Blade"],"picked":"SKIP","floor":22},{"not_picked":["Combust","Anger"],"picked":"Shrug It Off+1","floor":25},{"not_picked":["Blood for Blood","Rage+1","Heavy Blade"],"picked":"SKIP","floor":27},{"not_picked":["Pummel","Blood for Blood+1","Clash"],"picked":"SKIP","floor":29},{"not_picked":["Carnage+1","Wild Strike"],"picked":"Iron Wave+1","floor":35},{"not_picked":["Body Slam+1","Clash","Evolve"],"picked":"SKIP","floor":37},{"not_picked":["Clash","Evolve"],"picked":"Body Slam+1","floor":37},{"not_picked":["Dropkick","Bludgeon"],"picked":"Shrug It Off+1","floor":39},{"not_picked":["Pummel","Thunderclap","Shrug It Off"],"picked":"SKIP","floor":41}],"player_experience":325654,"relics_obtained":[{"floor":8,"key":"Akabeko"},{"floor":9,"key":"Dream Catcher"},{"floor":11,"key":"Anchor"},{"floor":13,"key":"Bag of Marbles"},{"floor":25,"key":"Matryoshka"},{"floor":26,"key":"MealTicket"},{"floor":26,"key":"Letter Opener"},{"floor":27,"key":"Boot"},{"floor":29,"key":"Centennial Puzzle"},{"floor":41,"key":"InkBottle"}],"event_choices":[{"damage_healed":0,"gold_gain":0,"player_choice":"Ignored","damage_taken":0,"max_hp_gain":0,"max_hp_loss":0,"event_name":"Liars Game","floor":3,"gold_loss":0},{"cards_removed":["Feed"],"damage_healed":0,"gold_gain":0,"player_choice":"Purged","damage_taken":0,"max_hp_gain":0,"max_hp_loss":0,"event_name":"Purifier","floor":19,"gold_loss":0},{"damage_healed":0,"gold_gain":0,"player_choice":"Ignored","damage_taken":0,"max_hp_gain":0,"max_hp_loss":0,"event_name":"N\u0027loth","floor":21,"gold_loss":0},{"damage_healed":0,"gold_gain":0,"player_choice":"Shed Blood","damage_taken":25,"max_hp_gain":5,"max_hp_loss":0,"event_name":"Forgotten Altar","floor":31,"gold_loss":0},{"damage_healed":0,"gold_gain":0,"player_choice":"Paid Gold","damage_taken":0,"relics_obtained":["Kunai"],"max_hp_gain":0,"max_hp_loss":0,"event_name":"WeMeetAgain","floor":36,"gold_loss":65},{"damage_healed":0,"gold_gain":0,"player_choice":"Forge","damage_taken":0,"max_hp_gain":0,"max_hp_loss":0,"event_name":"Accursed Blacksmith","floor":38,"gold_loss":0,"cards_upgraded":["Headbutt"]}],"is_beta":false,"boss_relics":[{"not_picked":["Mark of Pain","Sozu"],"picked":"Ectoplasm"},{"not_picked":["Philosopher\u0027s Stone","Velvet Choker","Pandora\u0027s Box"]}],"items_purged_floors":[7],"is_endless":false,"potions_floor_spawned":[1,4,13,14,16,18,22,27,39,41],"killed_by":"Writhing Mass","ascension_level":8}}