{"host":"uv231blk40vjdojr","time":1609852637,"event":{"mods":["BaseMod","Minty Spire (QoL Compilation)","Relic Stats"],"gold_per_floor":[12,36,68,95,119,131,162,208,220,257,269,65,140,140,140,217,217,217,217,217,217,217,217,217,217,217,217,217,217,217,217,217,217,217,217,217,217,0,0,0],"floor_reached":39,"playtime":2053,"items_purged":["Bite"],"score":922,"play_id":"be99f932-9b04-4bc1-b026-a4029ba5756f","local_time":"20210105141717","is_ascension_mode":true,"campfire_choices":[{"data":"Rampage","floor":6.0,"key":"SMITH"},{"data":"Barricade","floor":11.0,"key":"SMITH"},{"data":"Apotheosis","floor":15.0,"key":"SMITH"},{"data":"Offering","floor":29,"key":"SMITH"},{"data":"Dark Embrace","floor":32,"key":"SMITH"}],"circlet_count":0,"master_deck":["AscendersBane","Defend_R","Defend_R","Defend_R","Defend_R","Bash","Headbutt","Sword Boomerang","Shrug It Off","Rampage+1","Ghostly Armor","Barricade+1","Apotheosis+1","Immolate","Flame Barrier","Bite","Bite","Bite","Bite","Cleave","Offering+1","True Grit","Dark Embrace+1","Offering","Inflame"],"relics":["Burning Blood","Du-Vu Doll","MawBank","CaptainsWheel","Gremlin Horn","Ginger","Ectoplasm","Shuriken","CeramicFish","Smiling Mask","Fusion Hammer"],"acts_visited":["Exordium","TheCity","TheBeyond"],"potions_floor_usage":[23,31],"damage_taken":[{"damage":13.0,"enemies":"Cultist","floor":1.0,"turns":5.0},{"damage":4.0,"enemies":"Jaw Worm","floor":3.0,"turns":4.0},{"damage":3.0,"enemies":"2 Louse","floor":4.0,"turns":2.0},{"damage":0.0,"enemies":"Large Slime","floor":5.0,"turns":4.0},{"damage":6.0,"enemies":"2 Fungi Beasts","floor":7.0,"turns":2.0},{"damage":32.0,"enemies":"Lagavulin","floor":8.0,"turns":4.0},{"damage":14.0,"enemies":"Gremlin Nob","floor":10.0,"turns":4.0},{"damage":36.0,"enemies":"Hexaghost","floor":16.0,"turns":12.0},{"damage":7.0,"enemies":"Shell Parasite","floor":18.0,"turns":5.0},{"damage":12.0,"enemies":"Chosen","floor":20.0,"turns":5.0},{"damage":27,"enemies":"Shelled Parasite and Fungi","floor":22,"turns":10},{"damage":42,"enemies":"Slavers","floor":23,"turns":4},{"damage":20,"enemies":"Centurion and Healer","floor":24,"turns":12},{"damage":6,"enemies":"Gremlin Leader","floor":25,"turns":5},{"damage":6,"enemies":"Cultist and Chosen","floor":27,"turns":6},{"damage":33,"enemies":"Snake Plant","floor":28,"turns":5},{"damage":11,"enemies":"Snecko","floor":30,"turns":7},{"damage":22,"enemies":"Centurion and Healer","floor":31,"turns":8},{"damage":34,"enemies":"Collector","floor":33,"turns":10},{"damage":12,"enemies":"3 Shapes","floor":35,"turns":4},{"damage":12,"enemies":"Orb Walker","floor":37,"turns":4},{"damage":63,"enemies":"Jaw Worm Horde","floor":39,"turns":2}],"seed_played":"7225678850748088689","potions_obtained":[{"floor":3.0,"key":"SteroidPotion"},{"floor":7.0,"key":"DuplicationPotion"},{"floor":8.0,"key":"BloodPotion"},{"floor":10.0,"key":"Fruit Juice"},{"floor":18.0,"key":"FearPotion"},{"floor":20.0,"key":"Strength Potion"},{"floor":22,"key":"Swift Potion"},{"floor":24,"key":"DistilledChaos"},{"floor":30,"key":"Block Potion"}],"is_trial":false,"path_per_floor":["M","T","M","M","M","R","M","E","T","E","R","$","?","?","R","B",null,"M","?","M","?","M","E","M","E","T","M","M","R","M","M","R","B",null,"M","?","M","$","M"],"character_chosen":"IRONCLAD","items_purchased":["Apotheosis","Inflame","LiquidMemories"],"campfire_rested":0,"item_purchase_floors":[12,38,38],"current_hp_per_floor":[61,61,63,66,72,72,72,46,46,58,58,58,47,40,40,10,63,62,56,56,48,56,29,56,56,56,56,41,41,56,56,56,43,53,56,56,56,56,0,0],"gold":0,"neow_bonus":"ONE_RARE_RELIC","is_daily":false,"chose_seed":false,"campfire_upgraded":5,"win_rate":0.0,"timestamp":1609852637,"path_taken":["M","?","M","?","M","R","M","E","T","E","R","?","?","?","R","BOSS","M","?","M","?","M","E","M","E","T","?","?","R","?","M","R","BOSS","M","?","M","$","M"],"items_purchased_type":["Card","Card","Potion"],"build_version":"2020-12-22","purchased_purges":1,"victory":false,"max_hp_per_floor":[75,75,75,75,75,75,75,75,75,80,80,80,80,80,80,80,80,80,56,56,56,56,56,56,56,56,56,56,56,56,56,56,56,56,56,56,56,56,56,56],"relic_stats":{"Gremlin Horn":[18,18],"counters":[22,124],"Shuriken":[19],"CeramicFish":0,"Ectoplasm":314,"Ginger":[26],"MawBank":120,"Smiling Mask":25,"obtain_stats":[{"Du-Vu Doll":0,"CaptainsWheel":8,"Gremlin Horn":9,"Shuriken":23,"CeramicFish":25,"Ectoplasm":17,"Fusion Hammer":34,"Ginger":10,"MawBank":2,"Smiling Mask":26,"Burning Blood":0},{"Du-Vu Doll":0,"CaptainsWheel":6,"Gremlin Horn":6,"Shuriken":12,"CeramicFish":14,"Ectoplasm":8,"Fusion Hammer":19,"Ginger":7,"MawBank":1,"Smiling Mask":14,"Burning Blood":0},{"Du-Vu Doll":0,"CaptainsWheel":21,"Gremlin Horn":21,"Shuriken":61,"CeramicFish":78,"Ectoplasm":37,"Fusion Hammer":114,"Ginger":25,"MawBank":5,"Smiling Mask":78,"Burning Blood":0}],"Burning Blood":84},"card_choices":[{"not_picked":["Iron Wave","Searing Blow"],"picked":"Headbutt","floor":1.0},{"not_picked":["Second Wind","Armaments"],"picked":"Sword Boomerang","floor":3.0},{"not_picked":["Perfected Strike","Clothesline"],"picked":"Shrug It Off","floor":4.0},{"not_picked":["Flex","Thunderclap"],"picked":"Rampage","floor":5.0},{"not_picked":["Hemokinesis","Body Slam"],"picked":"Ghostly Armor","floor":7.0},{"not_picked":["Sword Boomerang","Body Slam","Ghostly Armor"],"picked":"SKIP","floor":8.0},{"not_picked":["Armaments","Whirlwind"],"picked":"Barricade","floor":10.0},{"not_picked":["Reaper","Brutality"],"picked":"Immolate","floor":16.0},{"not_picked":["Armaments","Body Slam"],"picked":"Flame Barrier","floor":18.0},{"not_picked":["Shrug It Off","Searing Blow"],"picked":"Cleave","floor":20.0},{"not_picked":["Sentinel","Evolve","Heavy Blade"],"picked":"SKIP","floor":22},{"not_picked":["Flex","Pommel Strike"],"picked":"Offering","floor":23},{"not_picked":["Twin Strike","Cleave"],"picked":"True Grit","floor":24},{"not_picked":["Shrug It Off+1","Corruption","Cleave"],"picked":"SKIP","floor":25},{"not_picked":["Warcry","Havoc"],"picked":"Dark Embrace","floor":27},{"not_picked":["Headbutt","Sword Boomerang","Flex+1"],"picked":"SKIP","floor":28},{"not_picked":["Headbutt","Reckless Charge","Iron Wave"],"picked":"SKIP","floor":30},{"not_picked":["Heavy Blade+1","Warcry","Reaper"],"picked":"SKIP","floor":31},{"not_picked":["Double Tap","Berserk"],"picked":"Offering","floor":33},{"not_picked":["Rupture+1","Body Slam+1","Sentinel"],"picked":"SKIP","floor":35},{"not_picked":["Thunderclap","Disarm","Twin Strike+1"],"picked":"SKIP","floor":37}],"player_experience":572959,"relics_obtained":[{"floor":2.0,"key":"MawBank"},{"floor":8.0,"key":"CaptainsWheel"},{"floor":9.0,"key":"Gremlin Horn"},{"floor":10.0,"key":"Ginger"},{"floor":23,"key":"Shuriken"},{"floor":25,"key":"CeramicFish"},{"floor":26,"key":"Smiling Mask"}],"event_choices":[{"damage_healed":0.0,"max_hp_gain":0.0,"max_hp_loss":0.0,"gold_gain":75.0,"event_name":"World of Goop","player_choice":"Gather Gold","floor":13.0,"gold_loss":0.0,"damage_taken":11.0},{"cards_removed":["Strike_R"],"damage_healed":0.0,"max_hp_gain":0.0,"max_hp_loss":0.0,"gold_gain":0.0,"event_name":"Golden Wing","player_choice":"Card Removal","floor":14.0,"gold_loss":0.0,"damage_taken":7.0},{"damage_healed":0.0,"max_hp_gain":0.0,"max_hp_loss":24.0,"gold_gain":0.0,"event_name":"Vampires","player_choice":"Became a vampire","floor":19.0,"gold_loss":0.0,"damage_taken":0.0,"cards_obtained":["Bite","Bite","Bite","Bite","Bite"]},{"damage_healed":0.0,"max_hp_gain":0.0,"max_hp_loss":0.0,"gold_gain":0.0,"event_name":"Wheel of Change","player_choice":"Damaged","floor":21.0,"gold_loss":0.0,"damage_taken":8.0},{"damage_healed":0,"gold_gain":0,"player_choice":"Memory 1","damage_taken":0,"max_hp_gain":0,"max_hp_loss":0,"event_name":"SensoryStone","floor":36,"gold_loss":0}],"is_beta":false,"boss_relics":[{"not_picked":["Snecko Eye","Runic Cube"],"picked":"Ectoplasm"},{"not_picked":["Astrolabe","Black Star"],"picked":"Fusion Hammer"}],"items_purged_floors":[38],"is_endless":false,"potions_floor_spawned":[3,7,8,10,18,20,22,24,30],"killed_by":"Jaw Worm Horde","ascension_level":19}}