{"host":"ig7tc0uedzltt2sr","time":1609827037,"event":{"mods":["BaseMod","Better Twitch Integration","Block Reminder","Colored Map","Colored Powertips","Communication Mod","Current Relic Mod","GifTheSpireLib","HexUI Lib","Minty Spire (QoL Compilation)","Quick Restart","Random Character Button","Rare Cards Sparkle","Relic Sorter","Relic Stats","Slay the Relics Exporter","StSLib","SuperFastMode","Synergy Search","Twitch Decklist","Twitch Utils","everything is the same but u backflip on backflip","slay the spire mod where everything is the same but ironclad has a cowboy hat"],"gold_per_floor":[112,127,3,3,17,17,17,17],"floor_reached":7,"playtime":54,"items_purged":["Strike_R"],"score":41,"play_id":"52e3d9f9-1663-4c19-bef9-c7fb99d8f4f4","local_time":"20210104221037","is_ascension_mode":false,"campfire_choices":[{"data":"Pommel Strike","floor":6,"key":"SMITH"}],"circlet_count":0,"master_deck":["Strike_R","Strike_R","Strike_R","Strike_R","Defend_R","Defend_R","Defend_R","Defend_R","Bash","Panacea","Pommel Strike+1","Pommel Strike","Pummel"],"relics":["Burning Blood"],"acts_visited":["Exordium"],"potions_floor_usage":[],"damage_taken":[{"damage":37,"enemies":"Cultist","floor":1,"turns":8},{"damage":9,"enemies":"Jaw Worm","floor":2,"turns":8},{"damage":2,"enemies":"Small Slimes","floor":5,"turns":3},{"damage":65,"enemies":"Gremlin Nob","floor":7,"turns":6}],"seed_played":"-7131776321628385754","potions_obtained":[{"floor":2,"key":"SkillPotion"},{"floor":5,"key":"DistilledChaos"}],"is_trial":false,"path_per_floor":["M","M","$","$","M","R","E"],"character_chosen":"IRONCLAD","items_purchased":["Fire Potion"],"campfire_rested":0,"item_purchase_floors":[3],"current_hp_per_floor":[49,46,46,46,50,50,0,0],"gold":17,"neow_bonus":"RANDOM_COLORLESS","is_daily":false,"chose_seed":false,"campfire_upgraded":1,"win_rate":0.0,"timestamp":1609827037,"path_taken":["M","M","?","$","M","R","E"],"items_purchased_type":["Potion"],"build_version":"2020-12-22","purchased_purges":1,"victory":false,"max_hp_per_floor":[80,80,80,80,80,80,80,80],"relic_stats":{"counters":[4,25],"obtain_stats":[{"Burning Blood":0},{"Burning Blood":0},{"Burning Blood":0}],"Burning Blood":18},"card_choices":[{"not_picked":["Finesse","Bandage Up"],"picked":"Panacea","floor":0},{"not_picked":["Cleave","True Grit"],"picked":"Pommel Strike","floor":1},{"not_picked":["Wild Strike","Heavy Blade"],"picked":"Pommel Strike","floor":2},{"not_picked":["Bloodletting","Battle Trance"],"picked":"Pummel","floor":5}],"player_experience":1427367,"relics_obtained":[],"event_choices":[],"is_beta":false,"boss_relics":[],"items_purged_floors":[3],"is_endless":false,"potions_floor_spawned":[2,5],"killed_by":"Gremlin Nob","ascension_level":0}}