{"host":"c43fkomrial8fa1s","time":1609833634,"event":{"mods":["BaseMod","Googly Eyes","Minty Spire (QoL Compilation)","Quick Restart","Relic Stats","StSLib"],"gold_per_floor":[118,118,132,151,162,196,216,216,216,216,216],"floor_reached":10,"playtime":432,"items_purged":[],"score":84,"play_id":"5ccc58cd-4b67-49f9-972e-d82499a2d027","local_time":"20210105020034","is_ascension_mode":true,"campfire_choices":[],"circlet_count":0,"master_deck":["Strike_R","Strike_R","Strike_R","Strike_R","Defend_R","Defend_R","Defend_R","Defend_R","Bash+1","Spot Weakness","Pommel Strike","Pummel","Clothesline","Rampage"],"relics":["Burning Blood","Regal Pillow","Paper Frog","The Courier"],"acts_visited":["Exordium"],"potions_floor_usage":[6,10],"damage_taken":[{"damage":10,"enemies":"2 Louse","floor":1,"turns":4},{"damage":1,"enemies":"Cultist","floor":3,"turns":3},{"damage":3,"enemies":"Jaw Worm","floor":4,"turns":4},{"damage":50,"enemies":"Gremlin Gang","floor":5,"turns":4},{"damage":32,"enemies":"Gremlin Nob","floor":6,"turns":4},{"damage":8,"enemies":"2 Fungi Beasts","floor":7,"turns":3},{"damage":20,"enemies":"Lagavulin","floor":10,"turns":3}],"seed_played":"8158267059629972322","potions_obtained":[{"floor":1,"key":"CultistPotion"},{"floor":7,"key":"PowerPotion"}],"is_trial":false,"path_per_floor":["M","?","M","M","M","E","M","T","T","E"],"character_chosen":"IRONCLAD","items_purchased":[],"campfire_rested":0,"item_purchase_floors":[],"current_hp_per_floor":[76,76,80,80,36,10,8,8,8,0,0],"gold":216,"neow_bonus":"UPGRADE_CARD","is_daily":false,"chose_seed":false,"campfire_upgraded":0,"win_rate":0.0,"timestamp":1609833634,"path_taken":["M","?","M","?","?","E","M","?","T","E"],"items_purchased_type":[],"build_version":"2020-12-22","purchased_purges":0,"victory":false,"max_hp_per_floor":[80,80,80,80,80,80,80,80,80,80,80],"relic_stats":{"Regal Pillow":0,"counters":[7,25],"obtain_stats":[{"Regal Pillow":6,"The Courier":9,"Burning Blood":0,"Paper Frog":8},{"Regal Pillow":5,"The Courier":6,"Burning Blood":0,"Paper Frog":6},{"Regal Pillow":19,"The Courier":22,"Burning Blood":0,"Paper Frog":22}],"Burning Blood":32},"card_choices":[{"not_picked":["Fire Breathing","Rupture"],"picked":"Spot Weakness","floor":1},{"not_picked":["Thunderclap","Cleave"],"picked":"Pommel Strike","floor":3},{"not_picked":["Cleave","Armaments"],"picked":"Pummel","floor":4},{"not_picked":["Dual Wield","Havoc"],"picked":"Clothesline","floor":5},{"not_picked":["Iron Wave","Entrench"],"picked":"Rampage","floor":6},{"not_picked":["Evolve","Body Slam","Rage"],"picked":"SKIP","floor":7}],"player_experience":342086,"relics_obtained":[{"floor":6,"key":"Regal Pillow"},{"floor":8,"key":"Paper Frog"},{"floor":9,"key":"The Courier"}],"event_choices":[{"cards_removed":["Strike_R"],"damage_healed":0,"gold_gain":0,"player_choice":"Purged","damage_taken":0,"max_hp_gain":0,"max_hp_loss":0,"event_name":"Purifier","floor":2,"gold_loss":0}],"is_beta":false,"boss_relics":[],"items_purged_floors":[],"is_endless":false,"potions_floor_spawned":[1,7],"killed_by":"Lagavulin","ascension_level":4}}