{"host":"qxeepl7ydvsgmfdb","time":1609861232,"event":{"mods":["AchievementEnabler","BaseMod","Colored Powertips","Minty Spire (QoL Compilation)","Quick Restart","slay the spire mod where everything is the same but ironclad has a cowboy hat"],"gold_per_floor":[110,110,110,110,87,113,113,113,113,148,172,189,204,159,159,159,159],"floor_reached":16,"playtime":479,"items_purged":[],"score":211,"play_id":"1cb76924-9795-4794-8a33-2373d1732bad","local_time":"20210105104032","is_ascension_mode":true,"campfire_choices":[{"data":"A Thousand Cuts","floor":8,"key":"SMITH"},{"floor":15,"key":"REST"}],"circlet_count":0,"master_deck":["Strike_G","Strike_G","Strike_G","Strike_G","Strike_G","Defend_G+1","Defend_G","Defend_G","Defend_G+1","Defend_G","Survivor","Neutralize","Poisoned Stab","Regret","Sucker Punch","A Thousand Cuts+1","Distraction","Poisoned Stab","Dagger Spray","Deflect","Deadly Poison"],"relics":["Ring of the Snake","NeowsBlessing","Darkstone Periapt","Ice Cream","Potion Belt","Ninja Scroll","Bag of Marbles","Oddly Smooth Stone","Odd Mushroom"],"acts_visited":["Exordium"],"potions_floor_usage":[],"damage_taken":[{"damage":0,"enemies":"Cultist","floor":1,"turns":1},{"damage":0,"enemies":"Gremlin Nob","floor":6,"turns":1},{"damage":0,"enemies":"3 Sentries","floor":10,"turns":1},{"damage":16,"enemies":"The Mushroom Lair","floor":11,"turns":5},{"damage":8,"enemies":"Jaw Worm","floor":12,"turns":3},{"damage":0,"enemies":"2 Louse","floor":13,"turns":1},{"damage":30,"enemies":"Slime Boss","floor":16,"turns":7}],"seed_played":"-8793472094223296771","potions_obtained":[{"floor":10,"key":"Weak Potion"},{"floor":11,"key":"FairyPotion"},{"floor":12,"key":"Regen Potion"},{"floor":13,"key":"Dexterity Potion"}],"is_trial":false,"path_per_floor":["M","?","T","?","$","E","?","R","T","E","?","M","M","$","R","B"],"character_chosen":"THE_SILENT","items_purchased":["Sucker Punch","Deadly Poison"],"campfire_rested":1,"item_purchase_floors":[5,14],"current_hp_per_floor":[63,69,69,54,54,54,36,36,36,36,20,12,12,12,34,4,4],"gold":159,"neow_bonus":"THREE_ENEMY_KILL","is_daily":false,"chose_seed":false,"campfire_upgraded":1,"win_rate":0.0,"timestamp":1609861232,"path_taken":["M","?","?","?","$","E","?","R","T","E","?","?","M","?","R","BOSS"],"items_purchased_type":["Card","Card"],"build_version":"2020-12-22","purchased_purges":0,"victory":false,"max_hp_per_floor":[70,76,76,76,76,76,76,76,76,76,76,76,76,76,76,76,76],"card_choices":[{"not_picked":["Dagger Throw","Catalyst"],"picked":"Poisoned Stab","floor":1},{"not_picked":["Dagger Spray","Flechettes"],"picked":"A Thousand Cuts","floor":6},{"not_picked":["Caltrops","Crippling Poison"],"picked":"Distraction","floor":10},{"not_picked":["Setup","Blur"],"picked":"Poisoned Stab","floor":11},{"not_picked":["Backflip","Bouncing Flask"],"picked":"Dagger Spray","floor":12},{"not_picked":["Backflip","Flying Knee"],"picked":"Deflect","floor":13}],"player_experience":371789,"relics_obtained":[{"floor":3,"key":"Ice Cream"},{"floor":6,"key":"Potion Belt"},{"floor":9,"key":"Bag of Marbles"},{"floor":10,"key":"Oddly Smooth Stone"},{"floor":11,"key":"Odd Mushroom"}],"event_choices":[{"damage_healed":0,"gold_gain":0,"player_choice":"Box","damage_taken":0,"relics_obtained":["Darkstone Periapt"],"max_hp_gain":0,"max_hp_loss":0,"event_name":"Big Fish","floor":2,"gold_loss":0,"cards_obtained":["Regret"]},{"damage_healed":0,"gold_gain":0,"player_choice":"Entered Light","damage_taken":15,"max_hp_gain":0,"max_hp_loss":0,"event_name":"Shining Light","floor":4,"gold_loss":0,"cards_upgraded":["Defend_G","Defend_G"]},{"damage_healed":0,"gold_gain":0,"player_choice":"Success","damage_taken":18,"relics_obtained":["Ninja Scroll"],"max_hp_gain":0,"max_hp_loss":0,"event_name":"Scrap Ooze","floor":7,"gold_loss":0},{"damage_healed":0,"gold_gain":0,"player_choice":"Fought Mushrooms","damage_taken":0,"max_hp_gain":0,"max_hp_loss":0,"event_name":"Mushrooms","floor":11,"gold_loss":0}],"is_beta":false,"boss_relics":[],"items_purged_floors":[],"is_endless":false,"potions_floor_spawned":[10,11,12,13],"killed_by":"Slime Boss","ascension_level":7}}