{"host":"31s8hzukbhz1k6i6","time":1609816757,"event":{"mods":["AchievementEnabler","BaseMod","Bestiary","Colored Map","Filter the Spire","Minty Spire (QoL Compilation)","Relic Stats","ojb\u0027s Info Mod"],"gold_per_floor":[114,132,132,144,114,114,149,37,37,37,53,53,63,89,89,161,161,173,173,184,84,108,140,140,168,195,225,150,150,181,198,198,274,274,288,2,13,13,29,29,29],"floor_reached":40,"playtime":1725,"items_purged":["Strike_G","Infinite Blades+1","Strike_G"],"score":994,"play_id":"bce6780c-2777-4a39-9747-b8d0f15ecb1d","local_time":"20210104191917","is_ascension_mode":true,"campfire_choices":[{"data":"Dagger Spray","floor":6.0,"key":"SMITH"},{"data":"Deadly Poison","floor":10.0,"key":"SMITH"},{"data":"Noxious Fumes","floor":12.0,"key":"SMITH"},{"data":"Catalyst","floor":15.0,"key":"SMITH"},{"data":"Crippling Poison","floor":24.0,"key":"SMITH"},{"floor":29.0,"key":"REST"},{"floor":32.0,"key":"REST"}],"circlet_count":0,"master_deck":["AscendersBane","Defend_G","Defend_G","Defend_G","Defend_G","Survivor","Neutralize","Escape Plan+1","Backflip+1","Deadly Poison+1","Dagger Spray+1","Footwork","Crippling Poison+1","Noxious Fumes+1","Catalyst+1","Venomology","Die Die Die","Corpse Explosion","Acrobatics","Glass Knife+1","Well Laid Plans","Deadly Poison+1"],"relics":["Astrolabe","WingedGreaves","Mummified Hand","Tingsha","Velvet Choker","Bronze Scales","Juzu Bracelet","Bag of Preparation","Blood Vial","The Specimen","Molten Egg 2","Cursed Key","Art of War"],"acts_visited":["Exordium","TheCity","TheBeyond"],"potions_floor_usage":[37,37,39,40],"damage_taken":[{"damage":0.0,"enemies":"2 Louse","floor":1.0,"turns":2.0},{"damage":3.0,"enemies":"Cultist","floor":2.0,"turns":4.0},{"damage":0.0,"enemies":"Jaw Worm","floor":4.0,"turns":4.0},{"damage":8.0,"enemies":"Gremlin Nob","floor":7.0,"turns":3.0},{"damage":12.0,"enemies":"Exordium Thugs","floor":11.0,"turns":5.0},{"damage":0.0,"enemies":"Exordium Wildlife","floor":13.0,"turns":3.0},{"damage":10.0,"enemies":"3 Sentries","floor":14.0,"turns":5.0},{"damage":23.0,"enemies":"The Guardian","floor":16.0,"turns":8.0},{"damage":0.0,"enemies":"Chosen","floor":18.0,"turns":3.0},{"damage":11.0,"enemies":"3 Byrds","floor":20.0,"turns":4.0},{"damage":7.0,"enemies":"Book of Stabbing","floor":23.0,"turns":5.0},{"damage":27.0,"enemies":"Gremlin Leader","floor":25.0,"turns":4.0},{"damage":2.0,"enemies":"Book of Stabbing","floor":27.0,"turns":4.0},{"damage":26.0,"enemies":"Gremlin Leader","floor":30.0,"turns":5.0},{"damage":0.0,"enemies":"Snecko","floor":31.0,"turns":3.0},{"damage":19.0,"enemies":"Automaton","floor":33.0,"turns":7.0},{"damage":0.0,"enemies":"3 Shapes","floor":35.0,"turns":3.0},{"damage":0,"enemies":"Orb Walker","floor":37,"turns":3},{"damage":20,"enemies":"Spire Growth","floor":39,"turns":3},{"damage":54,"enemies":"Giant Head","floor":40,"turns":6}],"seed_played":"6534824415143999036","potions_obtained":[{"floor":4.0,"key":"Swift Potion"},{"floor":5.0,"key":"CunningPotion"},{"floor":7.0,"key":"SkillPotion"},{"floor":20.0,"key":"BlessingOfTheForge"},{"floor":33.0,"key":"GamblersBrew"},{"floor":37,"key":"Fire Potion"},{"floor":39,"key":"SpeedPotion"}],"is_trial":false,"path_per_floor":["M","M","?","M","?","R","E","$","T","R","M","R","M","E","R","B",null,"M","?","M","$","T","E","R","E","T","E","?","R","E","M","R","B",null,"M","$","M","?","M","E"],"character_chosen":"THE_SILENT","items_purchased":["Crippling Poison","Art of War"],"campfire_rested":2,"item_purchase_floors":[8,36],"current_hp_per_floor":[59,56,61,61,61,61,53,53,53,53,41,41,41,31,31,8,55,55,55,44,44,44,37,37,10,10,10,10,31,7,9,30,13,57,59,59,61,61,43,0,0],"gold":29,"neow_bonus":"BOSS_RELIC","is_daily":false,"chose_seed":false,"campfire_upgraded":5,"win_rate":0.0,"timestamp":1609816757,"path_taken":["M","M","?","M","?","R","E","$","T","R","M","R","?","E","R","BOSS","M","?","M","$","?","E","R","E","T","E","?","R","E","M","R","BOSS","M","$","M","?","M","E"],"items_purchased_type":["Card","Relic"],"build_version":"2020-12-22","purchased_purges":3,"victory":false,"max_hp_per_floor":[66,66,71,71,71,71,71,71,71,71,71,71,71,71,71,71,71,71,71,71,71,71,71,71,71,71,71,71,71,71,71,71,71,71,71,71,71,71,71,71,71],"relic_stats":{"Blood Vial":16,"counters":[20,84],"Mummified Hand":[39],"Astrolabe":["Infinite Blades","Escape Plan","Backflip"],"Bronze Scales":[118],"Tingsha":[35],"Juzu Bracelet":1,"Bag of Preparation":[16],"Art of War":[3],"Cursed Key":0,"obtain_stats":[{"The Specimen":27,"Astrolabe":0,"Velvet Choker":17,"Tingsha":14,"Juzu Bracelet":23,"Bag of Preparation":25,"Cursed Key":34,"Blood Vial":26,"Mummified Hand":9,"Bronze Scales":22,"Molten Egg 2":30,"WingedGreaves":7,"Art of War":36,"Ring of the Snake":0},{"The Specimen":13,"Astrolabe":0,"Velvet Choker":8,"Tingsha":7,"Juzu Bracelet":11,"Bag of Preparation":12,"Cursed Key":16,"Blood Vial":12,"Mummified Hand":4,"Bronze Scales":10,"Molten Egg 2":14,"WingedGreaves":4,"Art of War":17,"Ring of the Snake":0},{"The Specimen":54,"Astrolabe":0,"Velvet Choker":34,"Tingsha":26,"Juzu Bracelet":46,"Bag of Preparation":50,"Cursed Key":69,"Blood Vial":50,"Mummified Hand":13,"Bronze Scales":41,"Molten Egg 2":59,"WingedGreaves":13,"Art of War":72,"Ring of the Snake":0}]},"card_choices":[{"not_picked":["Slice","Leg Sweep"],"picked":"Deadly Poison","floor":1.0},{"not_picked":["Dodge and Roll","Cloak And Dagger"],"picked":"Accuracy","floor":2.0},{"not_picked":["Prepared","Bane"],"picked":"Dagger Spray","floor":4.0},{"not_picked":["Prepared","Bane"],"picked":"Footwork","floor":7.0},{"not_picked":["Poisoned Stab","Footwork"],"picked":"Noxious Fumes","floor":11.0},{"not_picked":["Slice","Cloak And Dagger"],"picked":"Catalyst","floor":13.0},{"not_picked":["Poisoned Stab","Dagger Throw"],"picked":"Venomology","floor":14.0},{"not_picked":["A Thousand Cuts","Phantasmal Killer"],"picked":"Die Die Die","floor":16.0},{"not_picked":["Noxious Fumes","Deflect","Setup"],"picked":"SKIP","floor":18.0},{"not_picked":["Sucker Punch","Flechettes","Calculated Gamble"],"picked":"SKIP","floor":20.0},{"not_picked":["Deflect","Tactician","Reflex"],"picked":"SKIP","floor":23.0},{"not_picked":["Outmaneuver","Poisoned Stab","Expertise"],"picked":"SKIP","floor":25.0},{"not_picked":["Cloak And Dagger","Reflex"],"picked":"Corpse Explosion","floor":27.0},{"not_picked":["Dodge and Roll","Caltrops"],"picked":"Acrobatics","floor":30.0},{"not_picked":["Blade Dance","Quick Slash+1","Noxious Fumes"],"picked":"SKIP","floor":31.0},{"not_picked":["Corpse Explosion","Envenom"],"picked":"Glass Knife+1","floor":33.0},{"not_picked":["Infinite Blades","Poisoned Stab+1","Caltrops"],"picked":"SKIP","floor":35.0},{"not_picked":["Deadly Poison","Dagger Throw+1"],"picked":"Well Laid Plans","floor":37},{"not_picked":["Deflect","Tactician"],"picked":"Deadly Poison+1","floor":39}],"player_experience":155135,"relics_obtained":[{"floor":7.0,"key":"WingedGreaves"},{"floor":9.0,"key":"Mummified Hand"},{"floor":14.0,"key":"Tingsha"},{"floor":22.0,"key":"Bronze Scales"},{"floor":23.0,"key":"Juzu Bracelet"},{"floor":25.0,"key":"Bag of Preparation"},{"floor":26.0,"key":"Blood Vial"},{"floor":27.0,"key":"The Specimen"},{"floor":30.0,"key":"Molten Egg 2"}],"event_choices":[{"damage_healed":0.0,"max_hp_gain":5.0,"max_hp_loss":0.0,"gold_gain":0.0,"event_name":"Big Fish","player_choice":"Donut","floor":3.0,"gold_loss":0.0,"damage_taken":0.0},{"damage_healed":0.0,"max_hp_gain":0.0,"max_hp_loss":0.0,"gold_gain":0.0,"event_name":"The Woman in Blue","player_choice":"Bought 2 Potions","floor":5.0,"gold_loss":0.0,"damage_taken":0.0},{"cards_removed":["Accuracy"],"damage_healed":0.0,"max_hp_gain":0.0,"max_hp_loss":0.0,"gold_gain":0.0,"event_name":"Purifier","player_choice":"Purged","floor":19.0,"gold_loss":0.0,"damage_taken":0.0},{"cards_removed":["Strike_G"],"damage_healed":0.0,"max_hp_gain":0.0,"max_hp_loss":0.0,"gold_gain":0.0,"event_name":"Beggar","player_choice":"Gave Gold","floor":28.0,"gold_loss":75.0,"damage_taken":0.0},{"damage_healed":0,"gold_gain":0,"player_choice":"0 cards matched","damage_taken":0,"max_hp_gain":0,"max_hp_loss":0,"event_name":"Match and Keep!","floor":38,"gold_loss":0,"cards_obtained":[]}],"is_beta":false,"boss_relics":[{"not_picked":["SlaversCollar","Fusion Hammer"],"picked":"Velvet Choker"},{"not_picked":["Runic Dome","Calling Bell"],"picked":"Cursed Key"}],"items_purged_floors":[8,21,36],"is_endless":false,"potions_floor_spawned":[4,7,11,20,30,31,33,37,39],"killed_by":"Giant Head","ascension_level":20}}