{"host":"jq8d8epkoknfq6em","time":1609814965,"event":{"mods":["AchievementEnabler","BaseMod","Colored Map","Colored Powertips","Highlight Path","Minty Spire (QoL Compilation)","Quick Restart","StSLib"],"gold_per_floor":[14,27,27,27,45,45,64,94,162,177,177,28,40,52,52,157,157,177,187,200,211,221,221,247,247,301,10,28,28,58,58,58,157,157,170,186,102,119,138,138,138],"floor_reached":40,"playtime":3706,"items_purged":[],"score":673,"play_id":"d63e8816-34b3-4dbe-b6b0-99853cb02b53","local_time":"20210105034925","is_ascension_mode":true,"campfire_choices":[{"data":"Sadistic Nature","floor":6,"key":"SMITH"},{"data":"True Grit","floor":15,"key":"SMITH"},{"floor":23,"key":"REST"},{"floor":25,"key":"REST"},{"floor":32,"key":"REST"}],"circlet_count":0,"master_deck":["AscendersBane","Strike_R","Strike_R","Strike_R","Strike_R","Strike_R","Defend_R","Defend_R","Defend_R","Defend_R","Bash","Sadistic Nature+1","Warcry","Headbutt","Thunderclap","Dropkick","Thunderclap","True Grit+1","Uppercut","Brutality","Battle Trance+1","Shockwave+1","Feel No Pain+1","Barricade","Shrug It Off","Limit Break","Iron Wave+1","Flame Barrier","Finesse","Iron Wave","Flame Barrier"],"relics":["Black Blood","Torii","MealTicket","Mercury Hourglass","Bag of Marbles","Fusion Hammer","Art of War","Omamori","Mummified Hand","Ornamental Fan"],"acts_visited":["Exordium","TheCity","TheBeyond"],"potions_floor_usage":[16,16,19,24,30,33,39],"damage_taken":[{"damage":1,"enemies":"Cultist","floor":1,"turns":3},{"damage":0,"enemies":"Small Slimes","floor":2,"turns":3},{"damage":7,"enemies":"Jaw Worm","floor":5,"turns":3},{"damage":21,"enemies":"Blue Slaver","floor":7,"turns":3},{"damage":41,"enemies":"3 Sentries","floor":8,"turns":6},{"damage":6,"enemies":"Exordium Thugs","floor":10,"turns":2},{"damage":2,"enemies":"2 Fungi Beasts","floor":13,"turns":3},{"damage":6,"enemies":"Looter","floor":14,"turns":3},{"damage":20,"enemies":"The Guardian","floor":16,"turns":12},{"damage":16,"enemies":"Shell Parasite","floor":18,"turns":5},{"damage":22,"enemies":"2 Thieves","floor":19,"turns":3},{"damage":2,"enemies":"Chosen and Byrds","floor":20,"turns":4},{"damage":29,"enemies":"Snecko","floor":21,"turns":5},{"damage":28,"enemies":"Snake Plant","floor":22,"turns":3},{"damage":4,"enemies":"Book of Stabbing","floor":24,"turns":3},{"damage":21,"enemies":"Sentry and Sphere","floor":28,"turns":5},{"damage":23,"enemies":"Gremlin Leader","floor":30,"turns":5},{"damage":64,"enemies":"Collector","floor":33,"turns":10},{"damage":19,"enemies":"3 Shapes","floor":35,"turns":6},{"damage":25,"enemies":"Orb Walker","floor":36,"turns":5},{"damage":40,"enemies":"Writhing Mass","floor":38,"turns":11},{"damage":5,"enemies":"Jaw Worm Horde","floor":39,"turns":5},{"damage":77,"enemies":"Giant Head","floor":40,"turns":9}],"seed_played":"5457588272596763845","potions_obtained":[{"floor":1,"key":"Swift Potion"},{"floor":8,"key":"Strength Potion"},{"floor":18,"key":"GamblersBrew"},{"floor":22,"key":"DuplicationPotion"},{"floor":24,"key":"LiquidBronze"},{"floor":33,"key":"EssenceOfSteel"},{"floor":38,"key":"BloodPotion"}],"is_trial":false,"path_per_floor":["M","M","$","?","M","R","M","E","T","M","?","$","M","M","R","B",null,"M","M","M","M","M","R","E","R","T","$","M","?","E","?","R","B",null,"M","M","$","M","M","E"],"character_chosen":"IRONCLAD","items_purchased":["Bag of Marbles","Mummified Hand","BloodPotion","Finesse"],"campfire_rested":3,"item_purchase_floors":[12,27,27,37],"current_hp_per_floor":[77,80,80,73,72,72,57,22,22,22,80,80,80,80,80,66,77,67,51,55,32,10,34,36,60,60,75,60,60,43,43,67,25,66,59,46,61,33,56,0,0],"gold":138,"neow_bonus":"RANDOM_COLORLESS_2","is_daily":false,"chose_seed":false,"campfire_upgraded":2,"win_rate":0.0,"timestamp":1609814965,"path_taken":["M","M","?","?","M","R","?","E","T","M","?","?","M","M","R","BOSS","M","M","M","M","M","R","E","R","T","$","M","?","E","?","R","BOSS","M","M","$","M","?","E"],"items_purchased_type":["Relic","Relic","Potion","Card"],"build_version":"2020-12-22","purchased_purges":0,"victory":false,"max_hp_per_floor":[80,80,80,80,80,80,80,80,80,80,80,80,80,80,80,80,80,80,80,80,80,80,80,80,80,80,80,80,80,80,80,80,80,80,80,80,80,80,80,80,80],"card_choices":[{"not_picked":["HandOfGreed","Master of Strategy"],"picked":"Sadistic Nature","floor":0},{"not_picked":["Anger","Searing Blow"],"picked":"Warcry","floor":1},{"not_picked":["Warcry","Cleave"],"picked":"Headbutt","floor":2},{"not_picked":["Metallicize","Headbutt"],"picked":"Thunderclap","floor":5},{"not_picked":["Havoc","Headbutt"],"picked":"Dropkick","floor":7},{"not_picked":["Headbutt","Iron Wave"],"picked":"Thunderclap","floor":8},{"not_picked":["Dark Embrace","Corruption","Cleave"],"picked":"SKIP","floor":10},{"not_picked":["Havoc","Sword Boomerang"],"picked":"True Grit","floor":13},{"not_picked":["Dual Wield","Rage"],"picked":"Uppercut","floor":14},{"not_picked":["Double Tap","Reaper"],"picked":"Brutality","floor":16},{"not_picked":["Sword Boomerang","Bloodletting+1"],"picked":"Battle Trance+1","floor":18},{"not_picked":["Battle Trance","Reckless Charge","Power Through"],"picked":"SKIP","floor":19},{"not_picked":["Sever Soul","Body Slam"],"picked":"Shockwave+1","floor":20},{"not_picked":["Body Slam+1","Entrench"],"picked":"Feel No Pain+1","floor":21},{"not_picked":["Inflame","Iron Wave","Blood for Blood"],"picked":"SKIP","floor":22},{"not_picked":["Whirlwind","Clash+1"],"picked":"Barricade","floor":24},{"not_picked":["Clothesline","Pommel Strike","Heavy Blade"],"picked":"SKIP","floor":28},{"not_picked":["Offering","Double Tap"],"picked":"Shrug It Off","floor":30},{"not_picked":["Reaper","Exhume"],"picked":"Limit Break","floor":33},{"not_picked":["Blood for Blood+1","True Grit+1"],"picked":"Iron Wave+1","floor":35},{"not_picked":["Searing Blow+1","Seeing Red+1"],"picked":"Flame Barrier","floor":36},{"not_picked":["Sword Boomerang+1","Rage"],"picked":"Iron Wave","floor":38},{"not_picked":["True Grit+1","Havoc+1"],"picked":"Flame Barrier","floor":39}],"player_experience":938338,"relics_obtained":[{"floor":8,"key":"MealTicket"},{"floor":9,"key":"Mercury Hourglass"},{"floor":24,"key":"Art of War"},{"floor":26,"key":"Omamori"},{"floor":30,"key":"Ornamental Fan"}],"event_choices":[{"damage_healed":0,"gold_gain":0,"player_choice":"Success","damage_taken":7,"relics_obtained":["Torii"],"max_hp_gain":0,"max_hp_loss":0,"event_name":"Scrap Ooze","floor":4,"gold_loss":0},{"damage_healed":58,"gold_gain":0,"player_choice":"Full Heal","damage_taken":0,"max_hp_gain":0,"max_hp_loss":0,"event_name":"Wheel of Change","floor":11,"gold_loss":0},{"damage_healed":0,"gold_gain":0,"player_choice":"Ignored","damage_taken":0,"max_hp_gain":0,"max_hp_loss":0,"event_name":"Ghosts","floor":29,"gold_loss":0},{"damage_healed":0,"gold_gain":0,"player_choice":"Ignored","damage_taken":0,"max_hp_gain":0,"max_hp_loss":0,"event_name":"NoteForYourself","floor":31,"gold_loss":0}],"is_beta":false,"boss_relics":[{"not_picked":["Runic Cube","Pandora\u0027s Box"],"picked":"Fusion Hammer"},{"not_picked":["Snecko Eye","Cursed Key"],"picked":"Black Blood"}],"items_purged_floors":[],"is_endless":false,"potions_floor_spawned":[1,8,10,18,22,24,28,33,38],"killed_by":"Giant Head","ascension_level":11}}