{"host":"o0q01dgb4z8zpo6o","time":1609859993,"event":{"mods":["BaseMod","GifTheSpireLib","Minty Spire (QoL Compilation)","Relic Stats","StSLib"],"gold_per_floor":[114,132,151,76,76,76,105,105,105,123,123,123],"floor_reached":11,"playtime":262,"items_purged":["Strike_B"],"score":139,"play_id":"96458b58-d083-43a3-90bd-f3ee60291f4a","local_time":"20210105071953","is_ascension_mode":true,"campfire_choices":[{"data":"Capacitor","floor":6.0,"key":"SMITH"}],"circlet_count":0,"master_deck":["AscendersBane","Strike_B","Strike_B","Strike_B","Defend_B","Defend_B","Defend_B","Defend_B","Zap","Dualcast","Ball Lightning","Capacitor+1","Sweeping Beam","Barrage","Loop"],"relics":["Cracked Core","NeowsBlessing","InkBottle","Dream Catcher"],"acts_visited":["Exordium"],"potions_floor_usage":[10,11],"damage_taken":[{"damage":0.0,"enemies":"Cultist","floor":1.0,"turns":1.0},{"damage":0.0,"enemies":"Jaw Worm","floor":2.0,"turns":1.0},{"damage":0.0,"enemies":"2 Louse","floor":3.0,"turns":1.0},{"damage":55.0,"enemies":"Gremlin Nob","floor":7.0,"turns":5.0},{"damage":7,"enemies":"Exordium Wildlife","floor":10,"turns":2},{"damage":21,"enemies":"Lagavulin","floor":11,"turns":5}],"seed_played":"1675290986706949111","potions_obtained":[{"floor":1.0,"key":"Swift Potion"},{"floor":7.0,"key":"SteroidPotion"},{"floor":10,"key":"ColorlessPotion"}],"is_trial":false,"path_per_floor":["M","M","M","$","?","R","E","?","T","M","E"],"character_chosen":"DEFECT","items_purchased":[],"campfire_rested":0,"item_purchase_floors":[],"current_hp_per_floor":[64,64,64,64,69,69,14,14,14,7,0,0],"gold":123,"neow_bonus":"THREE_ENEMY_KILL","is_daily":false,"chose_seed":false,"campfire_upgraded":1,"win_rate":0.0,"timestamp":1609859993,"path_taken":["M","M","M","$","?","R","E","?","T","M","E"],"items_purchased_type":[],"build_version":"2020-12-22","purchased_purges":1,"victory":false,"max_hp_per_floor":[71,71,71,71,76,76,76,76,76,76,76,76],"relic_stats":{"Dream Catcher":0,"counters":[6,15],"obtain_stats":[{"Dream Catcher":9,"NeowsBlessing":0,"Cracked Core":0,"InkBottle":7},{"Dream Catcher":4,"NeowsBlessing":0,"Cracked Core":0,"InkBottle":4},{"Dream Catcher":8,"NeowsBlessing":0,"Cracked Core":0,"InkBottle":8}],"InkBottle":[2]},"card_choices":[{"not_picked":["Static Discharge","Conserve Battery"],"picked":"Ball Lightning","floor":1.0},{"not_picked":["Loop","Beam Cell"],"picked":"Capacitor","floor":2.0},{"not_picked":["Conserve Battery","Leap"],"picked":"Sweeping Beam","floor":3.0},{"not_picked":["Ball Lightning","Multi-Cast"],"picked":"Barrage","floor":7.0},{"not_picked":["Steam","Rebound"],"picked":"Loop","floor":10}],"player_experience":1046311,"relics_obtained":[{"floor":7.0,"key":"InkBottle"},{"floor":9,"key":"Dream Catcher"}],"event_choices":[{"damage_healed":0.0,"max_hp_gain":5.0,"max_hp_loss":0.0,"gold_gain":0.0,"event_name":"Big Fish","player_choice":"Donut","floor":5.0,"gold_loss":0.0,"damage_taken":0.0},{"damage_healed":0,"gold_gain":0,"player_choice":"Fled","damage_taken":0,"max_hp_gain":0,"max_hp_loss":0,"event_name":"Scrap Ooze","floor":8,"gold_loss":0}],"is_beta":false,"boss_relics":[],"items_purged_floors":[4],"is_endless":false,"potions_floor_spawned":[1,7,10],"killed_by":"Lagavulin","ascension_level":18}}