{"host":"bbld1ic1uj90ldt9","time":1609864981,"event":{"mods":["2.2 Compatiblity","AchievementEnabler","Act Like it!","BaseMod","Better Third Choice","Conspire","Downfall","Emptier Cage","Gensokyo","Hallownest","Hermit","Highlight Path","Hubris","Marisa????????","Minty Spire (QoL Compilation)","Random Character Button","Replay The Spire","StSLib","The Animator","The Bug Knight","The Cursed","The Disciple","The Hierophant","The Jungle","The Runesmith","The Servant 0.9.4"],"gold_per_floor":[113,132,132,132,132,132,183,219,269,91,114,177,192,91,91,235,235,168,168,199,132,171,244,244,287,287,287,287,327,327,371,371,515,515,540,540,540,520,560,594,594,180,180,180,226,259,259,21,21,21],"floor_reached":51,"playtime":8055,"items_purged":["Strike_MRS","sneckomod:Bewildered"],"score":1154,"play_id":"14e0e514-23a2-48a9-a023-97b78eba0fae","local_time":"20210105174301","is_ascension_mode":true,"campfire_choices":[{"floor":6.0,"key":"REST"},{"floor":15.0,"key":"REST"},{"floor":24.0,"key":"REST"},{"floor":28.0,"key":"REST"},{"floor":30.0,"key":"REST"},{"data":"OortCloud","floor":32.0,"key":"SMITH"},{"floor":41.0,"key":"REST"},{"floor":44.0,"key":"REST"},{"data":"MillisecondPulsars","floor":47.0,"key":"SMITH"},{"data":"WitchOfGreed","floor":49.0,"key":"SMITH"}],"circlet_count":0,"master_deck":["ReplayTheSpireMod:Brewmster+1","Strike_MRS","Strike_MRS","Strike_MRS","Defend_MRS","Defend_MRS","Defend_MRS","Defend_MRS","MasterSpark","UpSweep","Orbital","WitchOfGreed+1","SprinkleStarSeal","OrrerysSun","IllusionStar","AsteroidBelt","IllusionStar","MysteriousBeam","OrrerysSun","ManaRampage","OpenUniverse+1","GalacticHalo+1","GalacticHalo","MysteriousBeam","MysteriousBeam+1","GasGiant","MysteriousBeam","AsteroidBelt+1","AsteroidBelt","Parasite","Parasite","OortCloud+1","MillisecondPulsars+1","animator:Curse_Greed","Writhe","Madness","Madness","PowerUp","UnstableBomb","MilkyWay+1","ReplayTheSpireMod:IOU","PulseMagic+1"],"relics":["MiniHakkero","hubris:Icosahedron","Golden Idol","Ring of Fangs","ReplayTheSpireMod:Ring of Sloth","conspire:TopHat","Anchor","Replay:Wax Seal","Dream Catcher","Strawberry","HandDrill","ReplayTheSpireMod:DimensionalGlitch","Nunchaku","Matryoshka","Akabeko","hubris:GlazedTorus","ShroomBag","Replay:Ancient Bell","Smiling Mask","Chameleon Ring","Turnip","HandmadeGrimoire","Mango","Strange Spoon","Pear","Bronze Scales","Omamori","hubris:SphereOfDissonance","Mummified Hand"],"acts_visited":["Exordium","TheCity","TheBeyond"],"potions_floor_usage":[50,50,50],"damage_taken":[{"damage":6.0,"enemies":"Cultist","floor":1.0,"turns":4.0},{"damage":1.0,"enemies":"conspire:RoseBush","floor":2.0,"turns":3.0},{"damage":37.0,"enemies":"3 Sentries","floor":7.0,"turns":9.0},{"damage":6.0,"enemies":"2 Louse","floor":8.0,"turns":4.0},{"damage":0.0,"enemies":"Looter","floor":11.0,"turns":2.0},{"damage":6.0,"enemies":"HollowMod:MossKnight","floor":12.0,"turns":11.0},{"damage":8.0,"enemies":"Lots of Slimes","floor":13.0,"turns":3.0},{"damage":17.0,"enemies":"Hexaghost","floor":16.0,"turns":11.0},{"damage":6.0,"enemies":"Chosen","floor":18.0,"turns":7.0},{"damage":17.0,"enemies":"Spheric Guardian","floor":20.0,"turns":4.0},{"damage":23.0,"enemies":"Centurion and Healer","floor":21.0,"turns":5.0},{"damage":20.0,"enemies":"Snake Plant","floor":22.0,"turns":3.0},{"damage":0.0,"enemies":"Book of Stabbing","floor":23.0,"turns":6.0},{"damage":28.0,"enemies":"3 Cultists","floor":25.0,"turns":7.0},{"damage":1.0,"enemies":"Chosen and Byrds","floor":29.0,"turns":6.0},{"damage":0.0,"enemies":"Replay:Snechameleon","floor":31.0,"turns":8.0},{"damage":27.0,"enemies":"hubris:MusketHawk","floor":33.0,"turns":8.0},{"damage":16.0,"enemies":"3 Shapes","floor":35.0,"turns":4.0},{"damage":28.0,"enemies":"3 Darklings","floor":39.0,"turns":7.0},{"damage":9.0,"enemies":"R_Hoarder","floor":40.0,"turns":8.0},{"damage":0.0,"enemies":"Giant Head","floor":46.0,"turns":7.0},{"damage":14,"enemies":"Replay:Hell Engine","floor":50,"turns":5}],"seed_played":"6592762746353345281","potions_obtained":[{"floor":2.0,"key":"Elixir"},{"floor":7.0,"key":"Strength Potion"},{"floor":8.0,"key":"FearPotion"},{"floor":11.0,"key":"Swift Potion"},{"floor":12.0,"key":"Dexterity Potion"},{"floor":16.0,"key":"SteroidPotion"},{"floor":16.0,"key":"champ:CounterPotion"},{"floor":18.0,"key":"Ancient Potion"},{"floor":20.0,"key":"Death Potion"},{"floor":21.0,"key":"SteroidPotion"},{"floor":22.0,"key":"BlessingOfTheForge"},{"floor":22.0,"key":"Block Potion"},{"floor":23.0,"key":"Milkshake"},{"floor":29.0,"key":"Swift Potion"},{"floor":29.0,"key":"Adrenaline Potion"},{"floor":33.0,"key":"Adrenaline Potion"},{"floor":38.0,"key":"champ:CounterPotion"},{"floor":46.0,"key":"BottledSpark"}],"is_trial":false,"path_per_floor":["M","M","?","?","?","R","E","M","T","$","M","E","M","$","R","B",null,"M","?","M","M","M","E","R","M","T","?","R","M","R","E","R","B",null,"M","?","?","?","M","E","R","$","T","R","T","E","R","$","R","B",null],"character_chosen":"MARISA","items_purchased":["Replay:Wax Seal","IllusionStar","Strawberry","HandDrill","Mango","Strange Spoon","Mummified Hand"],"campfire_rested":7,"item_purchase_floors":[10,10,14,14,42,42,48],"current_hp_per_floor":[69,68,68,48,48,72,50,44,44,44,44,38,30,37,63,46,78,72,72,55,32,12,12,38,10,10,39,65,64,89,89,89,63,83,68,57,57,57,30,23,49,63,73,106,106,106,106,106,106,92],"gold":21,"neow_bonus":"TEN_PERCENT_HP_BONUS","is_daily":false,"chose_seed":false,"campfire_upgraded":3,"win_rate":0.0,"timestamp":1609864981,"path_taken":["M","M","?","?","?","R","E","M","T","$","M","E","M","$","R","BOSS","M","?","M","M","?","E","R","?","T","?","R","M","R","E","R","BOSS","M","?","?","?","?","E","R","$","T","R","?","E","R","?","R","BOSS"],"items_purchased_type":["Relic","Card","Relic","Relic","Relic","Relic","Relic"],"build_version":"2020-12-22","purchased_purges":2,"victory":true,"max_hp_per_floor":[82,82,82,82,82,82,82,82,82,82,82,82,82,89,89,89,89,89,89,89,89,89,89,89,89,89,89,89,89,89,89,89,89,89,89,89,89,89,89,89,89,103,113,113,113,113,113,113,113,113],"card_choices":[{"not_picked":["EventHorizon","DC"],"picked":"Orbital","floor":1.0},{"not_picked":["DarkSpark","DC"],"picked":"WitchOfGreed","floor":2.0},{"not_picked":["JA","UnstableBomb"],"picked":"SprinkleStarSeal","floor":7.0},{"not_picked":["LuminesStrike","Acceleration"],"picked":"OrrerysSun","floor":8.0},{"not_picked":["CasketOfStar","Orbital"],"picked":"AsteroidBelt","floor":11.0},{"not_picked":["EscapeVelocity","WitchLeyline"],"picked":"IllusionStar","floor":12.0},{"not_picked":["SporeBomb","DragonMeteor"],"picked":"MysteriousBeam","floor":13.0},{"not_picked":["MysteriousBeam","GalacticHalo"],"picked":"OrrerysSun","floor":15.0},{"not_picked":["SuperNova","BlazingStar"],"picked":"ManaRampage","floor":16.0},{"not_picked":["Occultation","LuminesStrike"],"picked":"OpenUniverse+1","floor":18.0},{"not_picked":["6A+1","GrandCross"],"picked":"GalacticHalo+1","floor":20.0},{"not_picked":["Acceleration","SporeBomb"],"picked":"GalacticHalo","floor":21.0},{"not_picked":["PowerUp","AsteroidBelt"],"picked":"Singularity+1","floor":22.0},{"not_picked":["StarDustReverie","ShootingEcho"],"picked":"MysteriousBeam","floor":23.0},{"not_picked":["MeteoricShower","DoubleSpark"],"picked":"MysteriousBeam+1","floor":24.0},{"not_picked":["GrandCross+1","LuminesStrike+1"],"picked":"GasGiant","floor":25.0},{"not_picked":["DC","Acceleration+1"],"picked":"MysteriousBeam","floor":28.0},{"not_picked":["WitchLeyline","PowerUp"],"picked":"AsteroidBelt+1","floor":29.0},{"not_picked":["CollectingQuirk","DoubleSpark"],"picked":"AsteroidBelt","floor":30.0},{"not_picked":["NonDirectionalLaser","IllusionStar"],"picked":"OortCloud","floor":31.0},{"not_picked":["AbsoluteMagnitude","EscapeVelocity"],"picked":"MillisecondPulsars","floor":33.0},{"not_picked":["hubris:Sloth","Sickly"],"picked":"sneckomod:Bewildered","floor":34.0},{"not_picked":["conspire:NecroticWound","hubris:Disease"],"picked":"animator:Curse_Greed","floor":34.0},{"not_picked":["ReplayTheSpireMod:Splinters","hubris:Lust"],"picked":"Writhe","floor":34.0},{"not_picked":["LuminesStrike","MachineGunSpark+1","Acceleration"],"picked":"SKIP","floor":35.0},{"not_picked":["CollectingQuirk","NonDirectionalLaser+1"],"picked":"PowerUp","floor":39.0},{"not_picked":["DoubleSpark","AbsoluteMagnitude"],"picked":"UnstableBomb","floor":40.0},{"not_picked":["DarkMatter+1","AsteroidBelt+1"],"picked":"MilkyWay+1","floor":41.0},{"not_picked":["EnergyFlow","GalacticHalo"],"picked":"PulseMagic+1","floor":46.0}],"player_experience":2190096,"relics_obtained":[{"floor":5.0,"key":"Ring of Fangs"},{"floor":5.0,"key":"ReplayTheSpireMod:Ring of Sloth"},{"floor":7.0,"key":"conspire:TopHat"},{"floor":9.0,"key":"Anchor"},{"floor":12.0,"key":"Dream Catcher"},{"floor":23.0,"key":"Matryoshka"},{"floor":26.0,"key":"Akabeko"},{"floor":26.0,"key":"hubris:GlazedTorus"},{"floor":31.0,"key":"ShroomBag"},{"floor":40.0,"key":"HandmadeGrimoire"},{"floor":43.0,"key":"Pear"},{"floor":43.0,"key":"Bronze Scales"},{"floor":45.0,"key":"Omamori"},{"floor":46.0,"key":"hubris:SphereOfDissonance"}],"event_choices":[{"damage_healed":0.0,"max_hp_gain":0.0,"max_hp_loss":0.0,"gold_gain":0.0,"event_name":"Golden Idol","player_choice":"Take Damage","floor":4.0,"gold_loss":0.0,"damage_taken":20.0,"relics_obtained":["Golden Idol"]},{"damage_healed":0.0,"max_hp_gain":0.0,"max_hp_loss":0.0,"gold_gain":0.0,"event_name":"WeMeetAgain","player_choice":"Gave Potion","floor":19.0,"gold_loss":0.0,"damage_taken":0.0,"relics_obtained":["Nunchaku"]},{"damage_healed":29.0,"max_hp_gain":0.0,"max_hp_loss":0.0,"gold_gain":0.0,"event_name":"The Library","player_choice":"Heal","floor":27.0,"gold_loss":0.0,"damage_taken":0.0},{"damage_healed":0.0,"max_hp_gain":0.0,"max_hp_loss":0.0,"gold_gain":0.0,"event_name":"Winding Halls","player_choice":"Embrace Madness","floor":36.0,"gold_loss":0.0,"damage_taken":11.0,"cards_obtained":["Madness","Madness"]},{"cards_removed":["Singularity"],"damage_healed":0.0,"max_hp_gain":0.0,"max_hp_loss":0.0,"gold_gain":0.0,"event_name":"Falling","player_choice":"Removed Power","floor":37.0,"gold_loss":0.0,"damage_taken":0.0},{"damage_healed":0.0,"max_hp_gain":0.0,"max_hp_loss":0.0,"gold_gain":0.0,"event_name":"The Woman in Blue","player_choice":"Bought 1 Potion","floor":38.0,"gold_loss":0.0,"damage_taken":0.0}],"is_beta":false,"boss_relics":[{"not_picked":["Sozu","hubris:TerracottaHorce"],"picked":"ReplayTheSpireMod:DimensionalGlitch"},{"not_picked":["Pandora\u0027s Box","Replay:Grab Bag"],"picked":"Replay:Ancient Bell"},{"not_picked":["PreservedInsect","Blue Doll"],"picked":"Smiling Mask"},{"not_picked":["Pantograph","hubris:DisguiseKit"],"picked":"Chameleon Ring"},{"not_picked":["hubris:BundleOfHerbs","HollowMod:QueensCombRelic"],"picked":"Turnip"}],"items_purged_floors":[10,42],"is_endless":false,"potions_floor_spawned":[2,11,12,16,22,23,29,33,46],"ascension_level":7}}