{"host":"nhtxiazhoopau36o","time":1609855063,"event":{"mods":["2.2 Compatiblity","BaseMod","Better Note","BetterRewards","GifTheSpireLib","Minty Spire (QoL Compilation)","Rare Cards Sparkle","Robot Space Explorer","Shop Mod","StSLib"],"gold_per_floor":[115,132,54,64,64,64,76,104,104,104,124,141,26,53,53,129,129,109,109,109,38,67,67,99,99,99,99,111,129,140,140,140],"floor_reached":31,"playtime":1388,"items_purged":["Strike_G"],"score":476,"play_id":"3d8b9162-c4ad-4aa6-bd1f-e315d9cd594c","local_time":"20210105215743","is_ascension_mode":true,"campfire_choices":[{"data":"Neutralize","floor":6.0,"key":"SMITH"},{"data":"Crippling Poison","floor":10.0,"key":"SMITH"},{"data":"Footwork","floor":15.0,"key":"SMITH"},{"data":"Venomology","floor":23.0,"key":"SMITH"},{"data":"Malaise","floor":27.0,"key":"SMITH"}],"circlet_count":0,"master_deck":["AscendersBane","Strike_G","Strike_G","Strike_G","Defend_G","Defend_G","Defend_G","Defend_G","Survivor","Neutralize+1","Crippling Poison+1","Bane","Footwork+1","Venomology+1","Regret","Deadly Poison","PiercingWail","Quick Slash","Infinite Blades","Backflip","A Thousand Cuts","Bouncing Flask+1","Poisoned Stab+1","Malaise+1","Predator+1","Backstab+1","Acrobatics","Backflip","Blur"],"relics":["Ring of the Snake","Pantograph","Eternal Feather","Ornamental Fan","Molten Egg 2","Coffee Dripper","Red Mask","Mango","FaceOfCleric","Meat on the Bone"],"acts_visited":[],"potions_floor_usage":[],"damage_taken":[{"damage":0.0,"enemies":"Cultist","floor":1.0,"turns":4.0},{"damage":0.0,"enemies":"Jaw Worm","floor":2.0,"turns":4.0},{"damage":0.0,"enemies":"Small Slimes","floor":4.0,"turns":5.0},{"damage":0.0,"enemies":"2 Fungi Beasts","floor":7.0,"turns":5.0},{"damage":14.0,"enemies":"Lagavulin","floor":8.0,"turns":6.0},{"damage":3.0,"enemies":"Large Slime","floor":11.0,"turns":10.0},{"damage":3.0,"enemies":"Red Slaver","floor":12.0,"turns":4.0},{"damage":8.0,"enemies":"3 Sentries","floor":14.0,"turns":7.0},{"damage":30.0,"enemies":"Hexaghost","floor":16.0,"turns":10.0},{"damage":3.0,"enemies":"2 Thieves","floor":18.0,"turns":5.0},{"damage":33.0,"enemies":"Masked Bandits","floor":22.0,"turns":7.0},{"damage":15.0,"enemies":"Book of Stabbing","floor":24.0,"turns":6.0},{"damage":5.0,"enemies":"Spheric Guardian","floor":28.0,"turns":3.0},{"damage":31.0,"enemies":"Snecko","floor":29.0,"turns":4.0},{"damage":15.0,"enemies":"Chosen and Byrds","floor":30.0,"turns":5.0},{"damage":12,"enemies":"Sentry and Sphere","floor":31,"turns":5}],"seed_played":"7928642777106483890","potions_obtained":[{"floor":1.0,"key":"GamblersBrew"},{"floor":4.0,"key":"Weak Potion"},{"floor":22.0,"key":"Poison Potion"},{"floor":24.0,"key":"Strength Potion"}],"is_trial":false,"path_per_floor":["M","M","$","M","?","R","M","E","T","R","M","M","$","E","R","B",null,"M","?","?","$","?","R","E","?","T","R","M","M","M","M"],"character_chosen":"THE_SILENT","items_purchased":["Venomology","Infinite Blades","Predator+1"],"campfire_rested":0,"item_purchase_floors":[3,13,21],"current_hp_per_floor":[59,59,59,59,59,59,59,45,45,57,54,51,51,43,55,36,59,56,44,44,44,11,26,25,25,25,40,48,30,28,16,16],"gold":140,"neow_bonus":"THREE_CARDS","is_daily":false,"chose_seed":false,"campfire_upgraded":5,"win_rate":0.0,"timestamp":1609855063,"path_taken":["M","M","$","?","?","R","M","E","T","R","M","M","$","E","R","BOSS","M","?","?","$","?","R","E","?","T","R","M","?","M","M"],"items_purchased_type":["Card","Card","Card"],"build_version":"2020-12-22","purchased_purges":1,"victory":false,"max_hp_per_floor":[66,66,66,66,66,66,66,66,66,66,66,66,66,66,66,66,66,66,71,71,71,71,71,85,85,85,85,86,87,88,88,88],"card_choices":[{"not_picked":["Outmaneuver","Blade Dance"],"picked":"Crippling Poison","floor":0.0},{"not_picked":["Blur","Sucker Punch"],"picked":"Bane","floor":1.0},{"not_picked":["Dagger Spray","Bane"],"picked":"Footwork","floor":2.0},{"not_picked":["Skewer","Masterful Stab","Slice"],"picked":"SKIP","floor":4.0},{"not_picked":["Concentrate","Backflip"],"picked":"Deadly Poison","floor":7.0},{"not_picked":["Skewer","Setup"],"picked":"PiercingWail","floor":8.0},{"not_picked":["Bane","Poisoned Stab","Outmaneuver"],"picked":"SKIP","floor":11.0},{"not_picked":["Riddle With Holes","Slice","Quick Slash"],"picked":"SKIP","floor":12.0},{"not_picked":["Riddle With Holes","Slice"],"picked":"Quick Slash","floor":12.0},{"not_picked":["Night Terror","Crippling Poison"],"picked":"Backflip","floor":14.0},{"not_picked":["Phantasmal Killer","Malaise"],"picked":"A Thousand Cuts","floor":16.0},{"not_picked":["Concentrate","Calculated Gamble"],"picked":"Bouncing Flask+1","floor":18.0},{"not_picked":["Prepared","Dagger Spray+1"],"picked":"Backstab+1","floor":22.0},{"not_picked":["Die Die Die+1","Sucker Punch+1"],"picked":"Acrobatics","floor":24.0},{"not_picked":["Quick Slash+1","Deadly Poison","Slice+1"],"picked":"SKIP","floor":28.0},{"not_picked":["Sucker Punch+1","Poisoned Stab+1"],"picked":"Backflip","floor":29.0},{"not_picked":["Unload+1","Underhanded Strike+1"],"picked":"Blur","floor":30.0}],"player_experience":475619,"relics_obtained":[{"floor":8.0,"key":"Eternal Feather"},{"floor":9.0,"key":"Ornamental Fan"},{"floor":14.0,"key":"Molten Egg 2"},{"floor":22.0,"key":"Red Mask"},{"floor":24.0,"key":"Mango"},{"floor":26.0,"key":"Meat on the Bone"}],"event_choices":[{"damage_healed":0.0,"max_hp_gain":0.0,"max_hp_loss":0.0,"gold_gain":0.0,"event_name":"Big Fish","player_choice":"Box","floor":5.0,"gold_loss":0.0,"damage_taken":0.0,"relics_obtained":["Pantograph"],"cards_obtained":["Regret"]},{"damage_healed":0.0,"max_hp_gain":5.0,"max_hp_loss":0.0,"gold_gain":0.0,"event_name":"Forgotten Altar","player_choice":"Shed Blood","floor":19.0,"gold_loss":0.0,"damage_taken":17.0},{"damage_healed":0.0,"max_hp_gain":0.0,"max_hp_loss":0.0,"gold_gain":0.0,"cards_transformed":["Strike_G","Defend_G"],"event_name":"Drug Dealer","player_choice":"Became Test Subject","floor":20.0,"gold_loss":0.0,"damage_taken":0.0,"cards_obtained":["Poisoned Stab","Malaise"]},{"damage_healed":0.0,"max_hp_gain":0.0,"max_hp_loss":0.0,"gold_gain":0.0,"event_name":"Masked Bandits","player_choice":"Fought Bandits","floor":22.0,"gold_loss":0.0,"damage_taken":0.0},{"damage_healed":0.0,"max_hp_gain":0.0,"max_hp_loss":0.0,"gold_gain":0.0,"event_name":"FaceTrader","player_choice":"Trade","floor":25.0,"gold_loss":0.0,"damage_taken":0.0,"relics_obtained":["FaceOfCleric"]}],"is_beta":false,"boss_relics":[{"not_picked":["Cursed Key","Sozu"],"picked":"Coffee Dripper"}],"items_purged_floors":[13],"is_endless":false,"potions_floor_spawned":[1,4,7,16,22,24,28,30],"killed_by":"Sentry and Sphere","ascension_level":14}}