{"host":"kig4ty9d1aubg29s","time":1609851493,"event":{"mods":["BaseMod","Minty Spire (QoL Compilation)","READ ME - Guardian Mod","READ ME - Snecko Mod","StSLib","The Cursed","The Gatherer","The Hierophant","The Runesmith"],"gold_per_floor":[111,111,130,130,130,168,168,193,193,214,214,252,275,299,299,390,390,373,402,434,634,22,22,22,22],"floor_reached":24,"playtime":600,"items_purged":[],"score":490,"play_id":"ab81db59-9052-47b7-adb1-ee7d7c29da58","local_time":"20210105215813","is_ascension_mode":true,"campfire_choices":[{"data":"Defragment","floor":7,"key":"SMITH"},{"data":"Zap","floor":11,"key":"SMITH"},{"floor":15,"key":"REST"},{"floor":23,"key":"REST"}],"circlet_count":0,"master_deck":["AscendersBane","Strike_B","Strike_B","Strike_B","Strike_B","Defend_B","Defend_B","Defend_B","Defend_B","Zap+1","Dualcast","Defragment+1","Go for the Eyes","Ball Lightning","Coolheaded","Doom and Gloom","Cold Snap","Cold Snap","Electrodynamics","CurseOfTheBell","Cold Snap","Loop","Cold Snap"],"relics":["Cracked Core","NeowsBlessing","Golden Idol","Spirit Poop","Bird Faced Urn","Pantograph","Tiny Chest","Calling Bell","CeramicFish","Eternal Feather","CaptainsWheel","StoneCalendar","Toxic Egg 2"],"acts_visited":["Exordium","TheCity"],"potions_floor_usage":[10,12,16,20,20,24],"damage_taken":[{"damage":0,"enemies":"Jaw Worm","floor":1,"turns":1},{"damage":0,"enemies":"Small Slimes","floor":3,"turns":1},{"damage":0,"enemies":"3 Sentries","floor":6,"turns":1},{"damage":6,"enemies":"Cultist","floor":8,"turns":3},{"damage":9,"enemies":"Exordium Wildlife","floor":10,"turns":3},{"damage":11,"enemies":"Gremlin Nob","floor":12,"turns":3},{"damage":21,"enemies":"Exordium Thugs","floor":13,"turns":3},{"damage":1,"enemies":"2 Fungi Beasts","floor":14,"turns":2},{"damage":48,"enemies":"Hexaghost","floor":16,"turns":10},{"damage":42,"enemies":"2 Thieves","floor":18,"turns":4},{"damage":12,"enemies":"Spheric Guardian","floor":19,"turns":4},{"damage":5,"enemies":"Snake Plant","floor":20,"turns":4},{"damage":58,"enemies":"Book of Stabbing","floor":24,"turns":6}],"seed_played":"-6061865366464150021","potions_obtained":[{"floor":1,"key":"Energy Potion"},{"floor":3,"key":"AttackPotion"},{"floor":13,"key":"Ancient Potion"},{"floor":14,"key":"LiquidBronze"},{"floor":19,"key":"Fire Potion"},{"floor":20,"key":"BlessingOfTheForge"}],"is_trial":false,"path_per_floor":["M","?","M","?","$","E","R","M","T","M","R","E","M","M","R","B",null,"M","M","M","?","$","R","E"],"character_chosen":"DEFECT","items_purchased":["StoneCalendar","Toxic Egg 2"],"campfire_rested":2,"item_purchase_floors":[22,22],"current_hp_per_floor":[64,64,64,64,64,64,64,60,60,53,53,44,25,26,47,23,59,21,13,14,14,14,47,0,0],"gold":22,"neow_bonus":"THREE_ENEMY_KILL","is_daily":false,"chose_seed":false,"campfire_upgraded":2,"win_rate":0.0,"timestamp":1609851493,"path_taken":["M","?","M","?","$","E","R","M","T","M","R","E","M","?","R","BOSS","M","M","M","?","?","R","E"],"items_purchased_type":["Relic","Relic"],"build_version":"2020-12-22","purchased_purges":0,"victory":false,"max_hp_per_floor":[71,71,71,71,71,71,71,71,71,71,71,71,71,71,71,71,71,71,71,71,71,71,71,71,71],"card_choices":[{"not_picked":["Turbo","FTL"],"picked":"Defragment","floor":1},{"not_picked":["Rebound","Coolheaded"],"picked":"Go for the Eyes","floor":3},{"not_picked":["Darkness","Sweeping Beam"],"picked":"Ball Lightning","floor":6},{"not_picked":["Hologram","Hyperbeam"],"picked":"Coolheaded","floor":8},{"not_picked":["Streamline","Compile Driver","Hologram"],"picked":"SKIP","floor":10},{"not_picked":["Streamline","Leap"],"picked":"Doom and Gloom","floor":12},{"not_picked":["Force Field","Sweeping Beam"],"picked":"Cold Snap","floor":13},{"not_picked":["Rip and Tear","Steam"],"picked":"Cold Snap","floor":14},{"not_picked":["Thunder Strike","Amplify"],"picked":"Electrodynamics","floor":16},{"not_picked":["Fusion","Consume"],"picked":"Cold Snap","floor":18},{"not_picked":["Sweeping Beam","Steam+1"],"picked":"Loop","floor":19},{"not_picked":["Rebound","Conserve Battery"],"picked":"Cold Snap","floor":20}],"player_experience":1914161,"relics_obtained":[{"floor":6,"key":"Bird Faced Urn"},{"floor":9,"key":"Pantograph"},{"floor":12,"key":"Tiny Chest"},{"floor":17,"key":"CeramicFish"},{"floor":17,"key":"Eternal Feather"},{"floor":17,"key":"CaptainsWheel"}],"event_choices":[{"damage_healed":0,"gold_gain":0,"player_choice":"Take Wound","damage_taken":0,"relics_obtained":["Golden Idol"],"max_hp_gain":0,"max_hp_loss":0,"event_name":"Golden Idol","floor":2,"gold_loss":0,"cards_obtained":["Injury"]},{"cards_removed":["Injury"],"damage_healed":0,"gold_gain":0,"player_choice":"Offered Curse","damage_taken":0,"relics_obtained":["Spirit Poop"],"max_hp_gain":0,"max_hp_loss":0,"event_name":"Bonfire Elementals","floor":4,"gold_loss":0},{"damage_healed":0,"gold_gain":250,"player_choice":"Bet on Owner","damage_taken":0,"max_hp_gain":0,"max_hp_loss":0,"event_name":"The Joust","floor":21,"gold_loss":50}],"is_beta":false,"boss_relics":[{"not_picked":["Empty Cage","Velvet Choker"],"picked":"Calling Bell"}],"items_purged_floors":[],"is_endless":false,"potions_floor_spawned":[1,3,13,14,19,20],"killed_by":"Book of Stabbing","ascension_level":20}}