{"host":"19tvufa8xx4wr4o1","time":1609806752,"event":{"mods":["AchievementEnabler","BaseMod","Better Sensory Stone","Better Third Choice","Highlight Path","Minty Spire (QoL Compilation)","Relic Stats","StSLib"],"gold_per_floor":[109,124,124,142,155,155,188,188,212,224,242,253,281,281,281,281,281],"floor_reached":16,"playtime":659,"items_purged":[],"score":200,"play_id":"02dfda8b-54f1-4a01-be63-a3cbaf19d072","local_time":"20210104183232","is_ascension_mode":true,"campfire_choices":[{"floor":6.0,"key":"REST"},{"data":"Poisoned Stab","floor":8.0,"key":"SMITH"},{"floor":15,"key":"REST"}],"circlet_count":0,"master_deck":["AscendersBane","Strike_G","Strike_G","Strike_G","Strike_G","Strike_G","Defend_G","Defend_G","Defend_G","Defend_G","Defend_G","Survivor","Neutralize+1","CurseOfTheBell","Dagger Spray","Blade Dance","Poisoned Stab+1","All Out Attack","Deadly Poison","Terror","Noxious Fumes"],"relics":["Calling Bell","MealTicket","Question Card","Ice Cream","CultistMask","Snake Skull","Art of War","Dream Catcher"],"acts_visited":["Exordium"],"potions_floor_usage":[13,13],"damage_taken":[{"damage":6.0,"enemies":"Jaw Worm","floor":1.0,"turns":7.0},{"damage":2.0,"enemies":"Cultist","floor":2.0,"turns":4.0},{"damage":10.0,"enemies":"Small Slimes","floor":4.0,"turns":3.0},{"damage":6.0,"enemies":"Looter","floor":5.0,"turns":4.0},{"damage":7.0,"enemies":"Lagavulin","floor":7.0,"turns":6.0},{"damage":15,"enemies":"Large Slime","floor":10,"turns":9},{"damage":0,"enemies":"Exordium Wildlife","floor":11,"turns":3},{"damage":4,"enemies":"Blue Slaver","floor":12,"turns":3},{"damage":19,"enemies":"3 Sentries","floor":13,"turns":7},{"damage":29,"enemies":"Slime Boss","floor":16,"turns":8}],"seed_played":"-4286961870611507714","potions_obtained":[{"floor":1.0,"key":"Strength Potion"},{"floor":5.0,"key":"SteroidPotion"},{"floor":11,"key":"ColorlessPotion"},{"floor":12,"key":"SpeedPotion"}],"is_trial":false,"path_per_floor":["M","M","?","M","M","R","E","R","T","M","M","M","E","?","R","B"],"character_chosen":"THE_SILENT","items_purchased":[],"campfire_rested":2,"item_purchase_floors":[],"current_hp_per_floor":[53,51,51,41,35,54,47,47,47,32,32,28,9,9,28,0,0],"gold":281,"neow_bonus":"BOSS_RELIC","is_daily":false,"chose_seed":false,"campfire_upgraded":1,"win_rate":0.0,"timestamp":1609806752,"path_taken":["M","M","?","M","M","R","E","R","T","M","M","?","E","?","R","BOSS"],"items_purchased_type":[],"build_version":"2020-12-22","purchased_purges":0,"victory":false,"max_hp_per_floor":[66,66,66,66,66,66,66,66,66,66,66,66,66,66,66,66,66],"relic_stats":{"Dream Catcher":1,"counters":[10,54],"MealTicket":0,"Snake Skull":[18],"Art of War":[1],"Question Card":10,"obtain_stats":[{"Calling Bell":0,"Ice Cream":0,"Dream Catcher":13,"MealTicket":0,"CultistMask":3,"Snake Skull":7,"Art of War":9,"Question Card":0,"Ring of the Snake":0},{"Calling Bell":0,"Ice Cream":0,"Dream Catcher":9,"MealTicket":0,"CultistMask":2,"Snake Skull":5,"Art of War":5,"Question Card":0,"Ring of the Snake":0},{"Calling Bell":0,"Ice Cream":0,"Dream Catcher":46,"MealTicket":0,"CultistMask":11,"Snake Skull":24,"Art of War":24,"Question Card":0,"Ring of the Snake":0}]},"card_choices":[{"not_picked":["Backflip","Quick Slash","Night Terror"],"picked":"Dagger Spray","floor":1.0},{"not_picked":["Deflect","Heel Hook","Outmaneuver","PiercingWail"],"picked":"SKIP","floor":2.0},{"not_picked":["Distraction","Setup","Flechettes"],"picked":"Blade Dance","floor":4.0},{"not_picked":["Underhanded Strike","Dagger Throw","Quick Slash","Doppelganger"],"picked":"SKIP","floor":5.0},{"not_picked":["Dodge and Roll","Dagger Throw","Escape Plan"],"picked":"Poisoned Stab","floor":7.0},{"not_picked":["Dagger Throw","Flying Knee","Riddle With Holes"],"picked":"All Out Attack","floor":10},{"not_picked":["Dagger Spray","Calculated Gamble","Eviscerate"],"picked":"Deadly Poison","floor":11},{"not_picked":["Flying Knee","Quick Slash","Well Laid Plans"],"picked":"Terror","floor":12},{"not_picked":["Caltrops","Infinite Blades","Catalyst","Outmaneuver"],"picked":"SKIP","floor":13},{"not_picked":["Dagger Throw","Backflip","Finisher"],"picked":"Noxious Fumes","floor":15}],"player_experience":551189,"relics_obtained":[{"floor":0.0,"key":"MealTicket"},{"floor":0.0,"key":"Question Card"},{"floor":0.0,"key":"Ice Cream"},{"floor":7.0,"key":"Snake Skull"},{"floor":9.0,"key":"Art of War"},{"floor":13,"key":"Dream Catcher"}],"event_choices":[{"damage_healed":0.0,"max_hp_gain":0.0,"max_hp_loss":0.0,"gold_gain":0.0,"event_name":"FaceTrader","player_choice":"Trade","floor":3.0,"gold_loss":0.0,"damage_taken":0.0,"relics_obtained":["CultistMask"]},{"damage_healed":0,"gold_gain":0,"player_choice":"Grow","damage_taken":0,"max_hp_gain":0,"max_hp_loss":0,"event_name":"Living Wall","floor":14,"gold_loss":0,"cards_upgraded":["Neutralize"]}],"is_beta":false,"boss_relics":[],"items_purged_floors":[],"is_endless":false,"potions_floor_spawned":[1,5,11,12],"killed_by":"Slime Boss","ascension_level":15}}