{"host":"l84l8xigz5v5foa2","time":1609840127,"event":{"mods":["2.2 Compatiblity","AchievementEnabler","BaseMod","Better Note","Better Vampires","Card Filter","Colored Map","DeckTracker","Downfall","Gremlin Skip","Highlight Path","Keyboard Shortcuts","Minty Spire (QoL Compilation)","Permanent Neow","Quick Restart","Relic Filter","Relic Stats","StSLib","SuperFastMode","Transform Curses","Unknown Chances"],"gold_per_floor":[99,99,116,132,132,132,185,185,205,236,255,255,271,271,283,357,357,357,372,390,400,400,400,425,452,467,493,80,80,80,96,112,189,189,189,200,220,240,292,292,319,331,363,138,268,287,287,12,24,24,24,50,50,50,50],"floor_reached":56,"playtime":4180,"items_purged":["hexamod:Strike+1"],"score":3077,"play_id":"c0b3b27a-307e-433a-ae46-2d77350d1a32","local_time":"20210105184847","is_ascension_mode":true,"campfire_choices":[{"data":"hexamod:Float","floor":1.0,"key":"SMITH"},{"data":"hexamod:GhostOfSpireFuture","floor":6.0,"key":"SMITH"},{"data":"hexamod:InspiringFlames","floor":8.0,"key":"SMITH"},{"data":"hexamod:AdvancingGuard","floor":12.0,"key":"SMITH"},{"data":"hexamod:GhostOfSpireFuture","floor":18.0,"key":"SMITH"},{"data":"hexamod:GhostOfSpirePast","floor":30.0,"key":"SMITH"},{"floor":35.0,"key":"RECALL"},{"floor":44.0,"key":"REST"},{"floor":54,"key":"REST"}],"circlet_count":0,"master_deck":["AscendersBane","hexamod:Strike+1","hexamod:Strike+1","hexamod:Strike+1","hexamod:Defend+1","hexamod:Defend+1","hexamod:Defend+1","hexamod:Sear+1","hexamod:Float+1","Finesse+1","hexamod:InspiringFlames+1","hexamod:GhostOfSpireFuture+1","hexamod:SixthSeal","hexamod:AdvancingGuard+1","hexamod:GhostOfSpireFuture+1","hexamod:TimeOfNeed+1","hexamod:RainOfEmbers+1","hexamod:ThermalTransfer+1","hexamod:GhostOfSpirePast+1","hexamod:CatchUp+1","hexamod:Incineration+1","hexamod:FourthSeal","hexamod:PowerFromBeyond+1","hexamod:SearingWound+1","hexamod:HauntingEcho+1","hexamod:Rewind+1","hexamod:PhantomFireball+1","hexamod:Hexaguard+1","hexamod:FirstSeal","Sadistic Nature+1"],"relics":["hexamod:SpiritBrand","downfall:ShatteredFragment","Potion Belt","hexamod:SoulConsumer","Omamori","Runic Pyramid","Enchiridion","Peace Pipe","Akabeko","MealTicket","Kunai","Philosopher\u0027s Stone","FossilizedHelix","Regal Pillow","Art of War","downfall:HeartBlessingBlue","downfall:HeartBlessingRed","downfall:HeartBlessingGreen","Shuriken","champ:DuelingGlove"],"acts_visited":["Exordium","TheCity","TheBeyond","TheEnding"],"potions_floor_usage":[55],"damage_taken":[{"damage":0.0,"enemies":"2 Louse","floor":3.0,"turns":2.0},{"damage":0.0,"enemies":"Jaw Worm","floor":4.0,"turns":3.0},{"damage":0.0,"enemies":"Small Slimes","floor":9.0,"turns":4.0},{"damage":0.0,"enemies":"Lagavulin","floor":10.0,"turns":7.0},{"damage":6.0,"enemies":"3 Louse","floor":11.0,"turns":3.0},{"damage":0.0,"enemies":"Exordium Wildlife","floor":13.0,"turns":5.0},{"damage":3.0,"enemies":"Exordium Thugs","floor":15.0,"turns":5.0},{"damage":0.0,"enemies":"downfall:Watcher","floor":16.0,"turns":11.0},{"damage":0.0,"enemies":"Chosen","floor":19.0,"turns":7.0},{"damage":0.0,"enemies":"Spheric Guardian","floor":20.0,"turns":6.0},{"damage":0.0,"enemies":"Snecko","floor":21.0,"turns":6.0},{"damage":0.0,"enemies":"Slavers","floor":25.0,"turns":6.0},{"damage":1.0,"enemies":"Shelled Parasite and Fungi","floor":26.0,"turns":6.0},{"damage":0.0,"enemies":"downfall:FleeingMerchant","floor":28.0,"turns":4.0},{"damage":0.0,"enemies":"Snake Plant","floor":31.0,"turns":3.0},{"damage":0.0,"enemies":"Chosen and Byrds","floor":32.0,"turns":5.0},{"damage":1.0,"enemies":"downfall:Ironclad","floor":33.0,"turns":7.0},{"damage":0.0,"enemies":"Orb Walker","floor":36.0,"turns":4.0},{"damage":8.0,"enemies":"3 Shapes","floor":37.0,"turns":4.0},{"damage":2.0,"enemies":"Transient","floor":38.0,"turns":6.0},{"damage":27.0,"enemies":"2 Orb Walkers","floor":39.0,"turns":4.0},{"damage":0.0,"enemies":"4 Shapes","floor":42.0,"turns":5.0},{"damage":12.0,"enemies":"Giant Head","floor":43.0,"turns":8.0},{"damage":0.0,"enemies":"downfall:FleeingMerchant","floor":45.0,"turns":4.0},{"damage":0.0,"enemies":"Spire Growth","floor":46.0,"turns":3.0},{"damage":0.0,"enemies":"Transient","floor":49.0,"turns":6.0},{"damage":0.0,"enemies":"downfall:Silent","floor":50.0,"turns":8.0},{"damage":65,"enemies":"downfall:CharBossMerchant","floor":52,"turns":8},{"damage":0,"enemies":"downfall:NeowBoss","floor":55,"turns":20}],"seed_played":"7700918742662150208","potions_obtained":[{"floor":4.0,"key":"Explosive Potion"},{"floor":11.0,"key":"LiquidMemories"},{"floor":15.0,"key":"Energy Potion"},{"floor":20.0,"key":"FearPotion"},{"floor":21.0,"key":"Fire Potion"},{"floor":26.0,"key":"SkillPotion"},{"floor":31.0,"key":"Explosive Potion"},{"floor":32.0,"key":"FearPotion"},{"floor":33.0,"key":"PowerPotion"},{"floor":33.0,"key":"Dexterity Potion"},{"floor":36.0,"key":"DuplicationPotion"},{"floor":37.0,"key":"BlessingOfTheForge"},{"floor":38.0,"key":"Ancient Potion"},{"floor":38.0,"key":"Swift Potion"},{"floor":39.0,"key":"Guardian:BlockOnCardUsePotion"},{"floor":42.0,"key":"GamblersBrew"},{"floor":43.0,"key":"sneckomod:MuddlingPotion"},{"floor":45.0,"key":"Fruit Juice"},{"floor":49.0,"key":"Fire Potion"},{"floor":52,"key":"Fire Potion"}],"is_trial":false,"path_per_floor":["R","?","M","M","?","R","T","R","M","E","M","R","M","?","M","B",null,"R","M","M","M","?","?","T","E","M","T","$","?","R","M","M","B",null,"R","M","M","M","?","?","T","M","E","R","$","M","?","$","M","B",null,"E","$","R","B",null],"character_chosen":"THE_SPIRIT","items_purchased":["Kunai","hexamod:Incineration","Sadistic Nature","Shuriken"],"campfire_rested":2,"item_purchase_floors":[28,28,45,48],"current_hp_per_floor":[57,36,36,36,36,36,36,36,36,36,30,30,30,19,16,16,51,51,51,51,51,30,30,30,30,29,29,44,44,44,44,44,43,58,58,58,50,48,21,21,21,21,16,62,78,78,78,78,78,78,78,20,35,73,78],"gold":50,"neow_bonus":"RANDOM_COLORLESS","is_daily":false,"chose_seed":false,"campfire_upgraded":6,"win_rate":0.0,"timestamp":1609840127,"path_taken":["R","?","M","M","?","R","T","R","M","E","M","R","?","?","M","BOSS","R","M","M","M","?","?","T","E","?","?","$","?","R","M","M","BOSS","R","M","M","M","?","?","T","M","E","R","$","M","?","?","M","BOSS","E","$","R","BOSS"],"items_purchased_type":["Relic","Card","Card","Relic"],"build_version":"2020-12-22","purchased_purges":1,"victory":true,"max_hp_per_floor":[63,63,63,63,63,63,63,63,63,63,63,63,63,63,63,63,63,63,63,63,63,63,63,63,63,63,63,63,63,63,63,63,63,63,63,63,63,63,63,63,63,63,63,73,78,78,78,78,78,78,78,78,78,78,78],"relic_stats":{"Peace Pipe":0,"Regal Pillow":30,"counters":[29,170],"Shuriken":[25],"MealTicket":41,"Art of War":[0],"Kunai":[45],"obtain_stats":[{"Potion Belt":7,"champ:DuelingGlove":52,"Regal Pillow":41,"downfall:ShatteredFragment":2,"downfall:HeartBlessingRed":44,"Enchiridion":22,"downfall:HeartBlessingGreen":44,"Omamori":14,"Akabeko":25,"Peace Pipe":23,"downfall:HeartBlessingBlue":44,"Shuriken":48,"MealTicket":27,"Philosopher\u0027s Stone":34,"Art of War":43,"hexamod:SoulConsumer":10,"Kunai":28,"hexamod:SpiritBrand":0,"FossilizedHelix":39,"Runic Pyramid":17},{"Potion Belt":2,"champ:DuelingGlove":28,"Regal Pillow":21,"downfall:ShatteredFragment":0,"downfall:HeartBlessingRed":23,"Enchiridion":11,"downfall:HeartBlessingGreen":23,"Omamori":6,"Akabeko":12,"Peace Pipe":11,"downfall:HeartBlessingBlue":23,"Shuriken":25,"MealTicket":13,"Philosopher\u0027s Stone":17,"Art of War":23,"hexamod:SoulConsumer":4,"Kunai":14,"hexamod:SpiritBrand":0,"FossilizedHelix":21,"Runic Pyramid":8},{"Potion Belt":5,"champ:DuelingGlove":150,"Regal Pillow":108,"downfall:ShatteredFragment":0,"downfall:HeartBlessingRed":121,"Enchiridion":59,"downfall:HeartBlessingGreen":121,"Omamori":24,"Akabeko":65,"Peace Pipe":59,"downfall:HeartBlessingBlue":121,"Shuriken":128,"MealTicket":71,"Philosopher\u0027s Stone":90,"Art of War":121,"hexamod:SoulConsumer":16,"Kunai":75,"hexamod:SpiritBrand":0,"FossilizedHelix":108,"Runic Pyramid":40}]},"card_choices":[{"not_picked":["expansioncontent:PrepareCrush","Good Instincts"],"picked":"Finesse","floor":0.0},{"not_picked":["hexamod:GhostflameBarrier","hexamod:ShieldOfDarkness"],"picked":"hexamod:InspiringFlames","floor":3.0},{"not_picked":["hexamod:RainOfEmbers","hexamod:InspiringFlames"],"picked":"hexamod:GhostOfSpireFuture","floor":4.0},{"not_picked":["hexamod:HeatMetal","hexamod:NightmareStrike"],"picked":"hexamod:SixthSeal","floor":9.0},{"not_picked":["hexamod:Haunt","hexamod:SoulSteal","hexamod:NightmareGuise"],"picked":"SKIP","floor":10.0},{"not_picked":["hexamod:DynamicBlow","hexamod:HeatCrush"],"picked":"hexamod:AdvancingGuard","floor":11.0},{"not_picked":["hexamod:EtherealExpedition","hexamod:EmpoweredFlame","hexamod:SecondSeal"],"picked":"SKIP","floor":13.0},{"not_picked":["hexamod:EtherealExpedition","hexamod:AdvancingGuard"],"picked":"hexamod:GhostOfSpireFuture","floor":15.0},{"not_picked":["hexamod:FifthSeal","hexamod:VolcanoVisage"],"picked":"hexamod:TimeOfNeed","floor":16.0},{"not_picked":["hexamod:Firestarter","hexamod:GhostLash"],"picked":"hexamod:RainOfEmbers","floor":19.0},{"not_picked":["hexamod:GhostLash","hexamod:BacktrackSmack"],"picked":"hexamod:ThermalTransfer","floor":20.0},{"not_picked":["hexamod:Hexaguard","hexamod:AdvancingGuard"],"picked":"hexamod:GhostOfSpirePast","floor":21.0},{"not_picked":["hexamod:InspiringFlames","hexamod:SecondSeal","hexamod:ExtraCrispy"],"picked":"SKIP","floor":25.0},{"not_picked":["hexamod:DynamicBlow","hexamod:ShieldOfDarkness"],"picked":"hexamod:CatchUp","floor":26.0},{"not_picked":["hexamod:SuperheatedStrike","hexamod:Haunt","hexamod:RainOfEmbers"],"picked":"SKIP","floor":28.0},{"not_picked":["hexamod:ThirdSeal","hexamod:RecurringNightmare","hexamod:SuperheatedStrike"],"picked":"SKIP","floor":31.0},{"not_picked":["hexamod:ThermalTransfer","hexamod:SwordOfDarkness"],"picked":"hexamod:PowerFromBeyond","floor":32.0},{"not_picked":["hexamod:Toasty","hexamod:EmpoweringStance"],"picked":"hexamod:SearingWound","floor":33.0},{"not_picked":["hexamod:Firestarter","hexamod:SwordOfDarkness"],"picked":"hexamod:HauntingEcho","floor":36.0},{"not_picked":["hexamod:GhostLash","hexamod:Again+1"],"picked":"hexamod:Rewind","floor":37.0},{"not_picked":["hexamod:PowerFromBeyond","hexamod:Incineration+1"],"picked":"hexamod:PhantomFireball","floor":38.0},{"not_picked":["hexamod:NightmareGuise","hexamod:SecondSeal"],"picked":"hexamod:Hexaguard","floor":39.0},{"not_picked":["hexamod:ThermalTransfer","hexamod:GhostShield"],"picked":"hexamod:FirstSeal","floor":42.0},{"not_picked":["hexamod:GhostShield","hexamod:CatchUp","hexamod:SuperheatedStrike"],"picked":"SKIP","floor":43.0},{"not_picked":["hexamod:SwordOfDarkness+1","hexamod:DynamicBlow","hexamod:CrushingStance"],"picked":"SKIP","floor":45.0},{"not_picked":["hexamod:SwordOfDarkness+1","hexamod:HauntingEcho","hexamod:BurningTouch"],"picked":"SKIP","floor":46.0},{"not_picked":["hexamod:GhostLash","hexamod:HeatCrush","hexamod:RainOfEmbers+1"],"picked":"SKIP","floor":49.0},{"not_picked":["hexamod:InspiringFlames+1","hexamod:DynamicBlow","hexamod:HauntingEcho"],"picked":"SKIP","floor":52}],"player_experience":2874066,"relics_obtained":[{"floor":7.0,"key":"Potion Belt"},{"floor":10.0,"key":"hexamod:SoulConsumer"},{"floor":22.0,"key":"Enchiridion"},{"floor":25.0,"key":"Akabeko"},{"floor":27.0,"key":"MealTicket"},{"floor":39.0,"key":"FossilizedHelix"},{"floor":41.0,"key":"Regal Pillow"},{"floor":43.0,"key":"Art of War"},{"floor":52,"key":"champ:DuelingGlove"}],"event_choices":[{"cards_removed":["hexamod:Defend"],"damage_healed":0.0,"max_hp_gain":0.0,"max_hp_loss":0.0,"gold_gain":0.0,"event_name":"The Cleric","player_choice":"Card Removal","floor":5.0,"gold_loss":0.0,"damage_taken":0.0},{"damage_healed":0.0,"max_hp_gain":0.0,"max_hp_loss":0.0,"gold_gain":0.0,"event_name":"Scrap Ooze","player_choice":"Success","floor":14.0,"gold_loss":0.0,"damage_taken":11.0,"relics_obtained":["Omamori"]},{"damage_healed":0.0,"max_hp_gain":0.0,"max_hp_loss":0.0,"gold_gain":0.0,"event_name":"Mysterious Sphere","player_choice":"Fight","floor":39.0,"gold_loss":0.0,"damage_taken":0.0}],"is_beta":false,"boss_relics":[{"not_picked":["Astrolabe","Ectoplasm"],"picked":"Runic Pyramid"},{"not_picked":["SacredBark","Coffee Dripper"],"picked":"Philosopher\u0027s Stone"}],"items_purged_floors":[28],"is_endless":false,"potions_floor_spawned":[4,11,15,20,21,26,31,33,38,42,49],"ascension_level":20}}