{"host":"5wznv0010959mrmz","time":1609863674,"event":{"mods":["BaseMod","Highlight Path","Minty Spire (QoL Compilation)","Relic Stats"],"gold_per_floor":[112,126,126,201,201,227,227,260,286,286,303,303,52,86,86,163,163,113,127,127,127],"floor_reached":20,"playtime":814,"items_purged":["Strike_G"],"score":480,"play_id":"9107eec9-a77c-40aa-961d-39da7298fae5","local_time":"20210105102114","is_ascension_mode":true,"campfire_choices":[{"floor":7,"key":"REST"},{"data":"Sucker Punch","floor":10,"key":"SMITH"},{"floor":15,"key":"REST"}],"circlet_count":0,"master_deck":["AscendersBane","Strike_G+1","Strike_G","Strike_G","Strike_G","Defend_G","Defend_G+1","Defend_G","Defend_G","Defend_G","Survivor","Neutralize","Blade Dance","Crippling Poison","Sucker Punch+1","Cloak And Dagger","Well Laid Plans","Dash","Accuracy","Night Terror","Leg Sweep","Poisoned Stab+1"],"relics":["Ring of the Snake","NeowsBlessing","Juzu Bracelet","Pantograph","Bottled Flame","Orichalcum","Boot","Black Star"],"acts_visited":["Exordium","TheCity"],"potions_floor_usage":[8,14,14,16,20],"damage_taken":[{"damage":0,"enemies":"2 Louse","floor":1,"turns":1},{"damage":0,"enemies":"Small Slimes","floor":2,"turns":1},{"damage":0,"enemies":"Lagavulin","floor":6,"turns":1},{"damage":18,"enemies":"3 Sentries","floor":8,"turns":12},{"damage":2,"enemies":"Jaw Worm","floor":11,"turns":4},{"damage":0,"enemies":"Lagavulin","floor":14,"turns":7},{"damage":33,"enemies":"Slime Boss","floor":16,"turns":10},{"damage":14,"enemies":"2 Thieves","floor":18,"turns":5},{"damage":15,"enemies":"Shell Parasite","floor":19,"turns":10},{"damage":30,"enemies":"Snecko","floor":20,"turns":7}],"seed_played":"-2339006463198949534","potions_obtained":[{"floor":1,"key":"CunningPotion"},{"floor":2,"key":"Fire Potion"},{"floor":14,"key":"Fire Potion"},{"floor":19,"key":"SkillPotion"}],"is_trial":false,"path_per_floor":["M","M","$","?","?","E","R","E","T","R","M","?","$","E","R","B",null,"M","M","M"],"character_chosen":"THE_SILENT","items_purchased":["Poison Potion","Dash","Accuracy"],"campfire_rested":2,"item_purchase_floors":[13,13,13],"current_hp_per_floor":[59,59,59,48,22,22,41,23,23,23,21,1,1,1,20,12,53,39,24,0,0],"gold":127,"neow_bonus":"THREE_ENEMY_KILL","is_daily":false,"chose_seed":false,"campfire_upgraded":1,"win_rate":0.0,"timestamp":1609863674,"path_taken":["M","M","$","?","?","E","R","E","T","R","M","?","$","E","R","BOSS","M","M","M"],"items_purchased_type":["Potion","Card","Card"],"build_version":"2020-12-22","purchased_purges":1,"victory":false,"max_hp_per_floor":[66,66,66,66,66,66,66,66,66,66,66,66,66,66,66,66,66,66,66,66,66],"relic_stats":{"counters":[10,58],"Pantograph":25,"Juzu Bracelet":0,"Black Star":0,"Orichalcum":[66],"Boot":[23],"obtain_stats":[{"Bottled Flame":8,"NeowsBlessing":0,"Pantograph":6,"Juzu Bracelet":5,"Black Star":17,"Orichalcum":9,"Boot":14,"Ring of the Snake":0},{"Bottled Flame":4,"NeowsBlessing":0,"Pantograph":3,"Juzu Bracelet":2,"Black Star":7,"Orichalcum":4,"Boot":6,"Ring of the Snake":0},{"Bottled Flame":15,"NeowsBlessing":0,"Pantograph":3,"Juzu Bracelet":2,"Black Star":36,"Orichalcum":15,"Boot":26,"Ring of the Snake":0}],"Ring of the Snake":[20]},"card_choices":[{"not_picked":["Poisoned Stab","PiercingWail"],"picked":"Blade Dance","floor":1},{"not_picked":["Masterful Stab","Dodge and Roll"],"picked":"Crippling Poison","floor":2},{"not_picked":["Slice","Backflip"],"picked":"Sucker Punch","floor":6},{"not_picked":["Dodge and Roll","Escape Plan"],"picked":"Cloak And Dagger","floor":8},{"not_picked":["PiercingWail","Outmaneuver"],"picked":"Well Laid Plans","floor":11},{"not_picked":["Deflect","Sucker Punch","Flying Knee"],"picked":"SKIP","floor":14},{"not_picked":["Tools of the Trade","Grand Finale"],"picked":"Night Terror","floor":16},{"not_picked":["Backstab","Backflip"],"picked":"Leg Sweep","floor":18},{"not_picked":["Well Laid Plans","Distraction"],"picked":"Poisoned Stab+1","floor":19}],"player_experience":408887,"relics_obtained":[{"floor":6,"key":"Pantograph"},{"floor":8,"key":"Bottled Flame"},{"floor":9,"key":"Orichalcum"},{"floor":14,"key":"Boot"}],"event_choices":[{"damage_healed":0,"gold_gain":75,"player_choice":"Gather Gold","damage_taken":11,"max_hp_gain":0,"max_hp_loss":0,"event_name":"World of Goop","floor":4,"gold_loss":0},{"damage_healed":0,"gold_gain":0,"player_choice":"Success","damage_taken":26,"relics_obtained":["Juzu Bracelet"],"max_hp_gain":0,"max_hp_loss":0,"event_name":"Scrap Ooze","floor":5,"gold_loss":0},{"damage_healed":0,"gold_gain":0,"player_choice":"Entered Light","damage_taken":20,"max_hp_gain":0,"max_hp_loss":0,"event_name":"Shining Light","floor":12,"gold_loss":0,"cards_upgraded":["Defend_G","Strike_G"]}],"is_beta":false,"boss_relics":[{"not_picked":["Velvet Choker","Runic Pyramid"],"picked":"Black Star"}],"items_purged_floors":[13],"is_endless":false,"potions_floor_spawned":[1,2,14,19],"killed_by":"Snecko","ascension_level":20}}