{"host":"vsdszi3rnxsdp24p","time":1609877836,"event":{"mods":["AchievementEnabler","BaseMod","Bestiary","Colored Map","Colored Powertips","Curses Come First","DeckTracker","Hermit","Highlight Path","Ironclad Rager","Minty Spire (QoL Compilation)","Quick Restart","Relic Sorter","Relic Stats","StSLib","SuperFastMode","Synergy Search","The Cursed","The Mystic"],"gold_per_floor":[12,12,27,39,39,51,89,101,139,326,352,329,352,382,394,503,515,538,550,532,561,672,684,696,721,809,821,833,858,870,882,894,906,906],"floor_reached":33,"playtime":826,"items_purged":[],"score":245,"play_id":"14bccfa6-0fea-4ca8-8f0b-c8d55b040f9f","local_time":"20210105211716","is_ascension_mode":false,"campfire_choices":[{"data":"Flex","floor":6,"key":"SMITH"},{"data":"Combust","floor":8,"key":"SMITH"},{"data":"Flex","floor":15,"key":"SMITH"},{"data":"Rage","floor":23,"key":"SMITH"},{"data":"Body Slam","floor":27,"key":"SMITH"},{"data":"Feel No Pain","floor":32,"key":"SMITH"}],"circlet_count":0,"master_deck":["Bash","Shame","Twin Strike+1","Twin Strike+1","Twin Strike+1","Twin Strike+1","Twin Strike+1","Iron Wave+1","Iron Wave+1","Iron Wave+1","Iron Wave+1","Cleave","Flex+1","Clash","Combust+1","Doubt","Body Slam+1","Rage+1","Flex+1","Brutality","Wild Strike+1","Reckless Charge","Impervious","Blood for Blood","Feel No Pain+1"],"relics":["Burning Blood","MawBank","Mummified Hand","MealTicket","Sozu","Darkstone Periapt","MutagenicStrength","Bottled Tornado"],"acts_visited":["Exordium","TheCity"],"potions_floor_usage":[11,16,16,25],"damage_taken":[{"damage":2,"enemies":"Jaw Worm","floor":1,"turns":3},{"damage":3,"enemies":"Small Slimes","floor":3,"turns":2},{"damage":0,"enemies":"2 Louse","floor":4,"turns":2},{"damage":4,"enemies":"Gremlin Nob","floor":7,"turns":3},{"damage":7,"enemies":"Blue Slaver","floor":11,"turns":3},{"damage":15,"enemies":"Lots of Slimes","floor":13,"turns":2},{"damage":5,"enemies":"Looter","floor":14,"turns":2},{"damage":44,"enemies":"Hexaghost","floor":16,"turns":7},{"damage":12,"enemies":"Shell Parasite","floor":18,"turns":3},{"damage":0,"enemies":"Spheric Guardian","floor":21,"turns":1},{"damage":8,"enemies":"Cultist and Chosen","floor":25,"turns":3},{"damage":14,"enemies":"3 Cultists","floor":29,"turns":4},{"damage":80,"enemies":"Champ","floor":33,"turns":6}],"seed_played":"-4894034844326382794","potions_obtained":[{"floor":3,"key":"Block Potion"},{"floor":11,"key":"Regen Potion"},{"floor":13,"key":"Swift Potion"},{"floor":14,"key":"Energy Potion"}],"is_trial":false,"path_per_floor":["M","$","M","M","?","R","E","R","T","?","M","?","M","M","R","B",null,"M","$","?","M","?","R","?","M","T","R","?","M","?","T","R","B"],"character_chosen":"IRONCLAD","items_purchased":[],"campfire_rested":0,"item_purchase_floors":[],"current_hp_per_floor":[55,55,58,64,61,61,63,63,63,63,62,72,63,64,64,26,72,66,72,72,72,72,72,72,72,72,72,72,64,64,64,64,0,0],"gold":906,"neow_bonus":"IRONCLAD_BERSERKER","is_daily":false,"chose_seed":false,"campfire_upgraded":6,"win_rate":0.0,"timestamp":1609877836,"path_taken":["M","$","M","M","?","R","E","R","T","?","M","?","M","M","R","BOSS","M","$","?","?","?","R","?","M","T","R","?","M","?","?","R","BOSS"],"items_purchased_type":[],"build_version":"2020-12-22","purchased_purges":0,"victory":false,"max_hp_per_floor":[72,72,72,72,72,72,72,72,72,72,72,72,72,72,72,72,72,72,72,72,72,72,72,72,72,72,72,72,72,72,72,72,72,72],"relic_stats":{"Sozu":4,"Darkstone Periapt":0,"counters":[13,41],"Mummified Hand":[12],"MealTicket":6,"MawBank":336,"obtain_stats":[{"Sozu":17,"Darkstone Periapt":26,"Mummified Hand":7,"MutagenicStrength":30,"MealTicket":9,"Bottled Tornado":31,"MawBank":5,"Burning Blood":0},{"Sozu":8,"Darkstone Periapt":11,"Mummified Hand":4,"MutagenicStrength":12,"MealTicket":4,"Bottled Tornado":12,"MawBank":3,"Burning Blood":0},{"Sozu":24,"Darkstone Periapt":31,"Mummified Hand":10,"MutagenicStrength":35,"MealTicket":10,"Bottled Tornado":35,"MawBank":7,"Burning Blood":0}],"Burning Blood":61},"card_choices":[{"not_picked":["Pommel Strike","Sword Boomerang"],"picked":"Cleave","floor":1},{"not_picked":["Thunderclap","Cleave"],"picked":"Flex","floor":3},{"not_picked":["True Grit","Cleave"],"picked":"Clash","floor":4},{"not_picked":["Entrench","Exhume"],"picked":"Combust","floor":7},{"not_picked":["Combust","True Grit"],"picked":"Body Slam","floor":11},{"not_picked":["Battle Trance","Combust"],"picked":"Rage","floor":13},{"not_picked":["Dropkick","Headbutt"],"picked":"Flex","floor":14},{"not_picked":["Limit Break","Juggernaut"],"picked":"Brutality","floor":16},{"not_picked":["Iron Wave","Twin Strike"],"picked":"Wild Strike+1","floor":18},{"not_picked":["Clothesline","Thunderclap+1"],"picked":"Reckless Charge","floor":21},{"not_picked":["Perfected Strike","Rampage"],"picked":"Impervious","floor":25},{"not_picked":["Pommel Strike","Warcry"],"picked":"Feel No Pain","floor":29}],"player_experience":144150,"relics_obtained":[{"floor":7,"key":"Mummified Hand"},{"floor":9,"key":"MealTicket"},{"floor":26,"key":"Darkstone Periapt"},{"floor":31,"key":"Bottled Tornado"}],"event_choices":[{"damage_healed":0,"gold_gain":0,"player_choice":"Success","damage_taken":3,"relics_obtained":["MawBank"],"max_hp_gain":0,"max_hp_loss":0,"event_name":"Scrap Ooze","floor":5,"gold_loss":0},{"damage_healed":0,"gold_gain":175,"player_choice":"AGREE","damage_taken":0,"max_hp_gain":0,"max_hp_loss":0,"event_name":"Liars Game","floor":10,"gold_loss":0,"cards_obtained":["Doubt"]},{"damage_healed":18,"gold_gain":0,"player_choice":"Healed","damage_taken":0,"max_hp_gain":0,"max_hp_loss":0,"event_name":"The Cleric","floor":12,"gold_loss":35},{"damage_healed":0,"gold_gain":0,"player_choice":"Bought 2 Potions","damage_taken":0,"max_hp_gain":0,"max_hp_loss":0,"event_name":"The Woman in Blue","floor":20,"gold_loss":0},{"damage_healed":0,"gold_gain":99,"player_choice":"Stole From Cult","damage_taken":0,"max_hp_gain":0,"max_hp_loss":0,"event_name":"Nest","floor":22,"gold_loss":0},{"damage_healed":0,"gold_gain":0,"player_choice":"Simplicity","damage_taken":0,"max_hp_gain":0,"max_hp_loss":0,"event_name":"Back to Basics","floor":24,"gold_loss":0,"cards_upgraded":["Twin Strike","Twin Strike","Twin Strike","Twin Strike","Twin Strike","Iron Wave","Iron Wave","Iron Wave","Iron Wave"]},{"damage_healed":0,"gold_gain":0,"player_choice":"Read","damage_taken":0,"max_hp_gain":0,"max_hp_loss":0,"event_name":"The Library","floor":28,"gold_loss":0,"cards_obtained":["Blood for Blood"]},{"damage_healed":0,"gold_gain":0,"player_choice":"Inject Mutagens","damage_taken":0,"relics_obtained":["MutagenicStrength"],"max_hp_gain":0,"max_hp_loss":0,"event_name":"Drug Dealer","floor":30,"gold_loss":0}],"is_beta":false,"boss_relics":[{"not_picked":["SlaversCollar","Cursed Key"],"picked":"Sozu"}],"items_purged_floors":[],"is_endless":false,"potions_floor_spawned":[3,11,13,14,25,29],"killed_by":"Champ","ascension_level":0}}