{"host":"mi0eibewekhugwl1","time":1609830258,"event":{"mods":["AchievementEnabler","BaseMod","Colored Map","Colored Powertips","DeckTracker","Keyboard Shortcuts","Minty Spire (QoL Compilation)","Quick Restart","Rare Cards Sparkle","Relic Stats","StSLib","SuperFastMode","everything is the same but u backflip on backflip"],"gold_per_floor":[116,129,139,139,159,159,194,209,259,259,259,259,259,275,275,348,348,365,341,391,408,59,59,72,72,72,172,87,116,116,129,129,205,205,218,218,218,268,281,281,295,295,295,306,322,242,274,7,7,7,7,7],"floor_reached":51,"playtime":1402,"items_purged":["Strike_R","Strike_R"],"score":1444,"play_id":"ef46ac6f-2332-4a28-9116-5e392019a666","local_time":"20210105160418","is_ascension_mode":true,"campfire_choices":[{"data":"Bash","floor":6.0,"key":"SMITH"},{"data":"Entrench","floor":11,"key":"SMITH"},{"floor":13,"key":"REST"},{"data":"Spot Weakness","floor":15,"key":"SMITH"},{"data":"Flame Barrier","floor":23,"key":"SMITH"},{"data":"Body Slam","floor":25,"key":"SMITH"},{"floor":30,"key":"REST"},{"data":"Pommel Strike","floor":32,"key":"SMITH"},{"data":"Impervious","floor":40,"key":"SMITH"},{"floor":42,"key":"RECALL"},{"data":"Immolate","floor":49,"key":"SMITH"}],"circlet_count":0,"master_deck":["AscendersBane","Strike_R","Defend_R","Defend_R","Defend_R","Bash+1","Flame Barrier+1","Twin Strike","Disarm+1","Shrug It Off+1","Wild Strike","Entrench+1","Spot Weakness+1","Impervious+1","Anger+1","Sentinel+1","Sword Boomerang+1","Pommel Strike+1","Cleave+1","Body Slam+1","Pommel Strike+1","Corruption+1","Rage","Power Through+1","Immolate+1","Fire Breathing+1","Disarm+1"],"relics":["Burning Blood","NeowsBlessing","HornCleat","Red Skull","Astrolabe","Eternal Feather","Frozen Egg 2","Champion Belt","The Courier","Gremlin Horn","Nunchaku","Runic Pyramid","White Beast Statue","Pantograph","Gambling Chip"],"acts_visited":["Exordium","TheCity","TheBeyond"],"potions_floor_usage":[16,19,27,33,50,51],"damage_taken":[{"damage":0.0,"enemies":"Cultist","floor":1.0,"turns":1.0},{"damage":0.0,"enemies":"Jaw Worm","floor":2.0,"turns":1.0},{"damage":0.0,"enemies":"2 Louse","floor":3.0,"turns":1.0},{"damage":7.0,"enemies":"Red Slaver","floor":5.0,"turns":6.0},{"damage":50.0,"enemies":"Lagavulin","floor":7.0,"turns":11.0},{"damage":0.0,"enemies":"3 Louse","floor":8.0,"turns":4.0},{"damage":6,"enemies":"2 Fungi Beasts","floor":14,"turns":5},{"damage":0,"enemies":"Hexaghost","floor":16,"turns":14},{"damage":26,"enemies":"Chosen","floor":18,"turns":9},{"damage":0,"enemies":"2 Thieves","floor":19,"turns":4},{"damage":15,"enemies":"Centurion and Healer","floor":21,"turns":7},{"damage":12,"enemies":"Snake Plant","floor":24,"turns":5},{"damage":7,"enemies":"Colosseum Slavers","floor":27,"turns":6},{"damage":5,"enemies":"Colosseum Nobs","floor":27,"turns":5},{"damage":34,"enemies":"Book of Stabbing","floor":29,"turns":7},{"damage":23,"enemies":"Sentry and Sphere","floor":31,"turns":5},{"damage":69,"enemies":"Automaton","floor":33,"turns":9},{"damage":21,"enemies":"3 Darklings","floor":35,"turns":6},{"damage":0,"enemies":"3 Shapes","floor":39,"turns":4},{"damage":40,"enemies":"Spire Growth","floor":41,"turns":8},{"damage":0,"enemies":"Maw","floor":44,"turns":7},{"damage":0,"enemies":"4 Shapes","floor":45,"turns":3},{"damage":2,"enemies":"Reptomancer","floor":47,"turns":4},{"damage":59,"enemies":"Awakened One","floor":50,"turns":14},{"damage":51,"enemies":"Donu and Deca","floor":51,"turns":7}],"seed_played":"-7559624512046885611","potions_obtained":[{"floor":1.0,"key":"FearPotion"},{"floor":2.0,"key":"SpeedPotion"},{"floor":7.0,"key":"Block Potion"},{"floor":14,"key":"PowerPotion"},{"floor":21,"key":"SneckoOil"},{"floor":27,"key":"Strength Potion"},{"floor":33,"key":"BlessingOfTheForge"},{"floor":35,"key":"DistilledChaos"},{"floor":41,"key":"ElixirPotion"}],"is_trial":false,"path_per_floor":["M","M","M","?","M","R","E","M","T","?","R","?","R","M","R","B",null,"M","M","?","M","$","R","M","R","T","?","?","E","R","M","R","B",null,"M","?","?","T","M","R","M","R","T","M","M","$","E","$","R","B","B"],"character_chosen":"IRONCLAD","items_purchased":["Eternal Feather","Gambling Chip"],"campfire_rested":2,"item_purchase_floors":[22,48],"current_hp_per_floor":[74,75,75,80,79,79,35,41,41,17,17,17,41,41,41,47,72,52,58,58,49,49,61,55,67,67,67,67,39,75,58,70,7,62,47,47,47,47,53,68,34,49,49,55,61,61,65,65,76,23,0,0],"gold":7,"neow_bonus":"THREE_ENEMY_KILL","is_daily":false,"chose_seed":false,"campfire_upgraded":8,"win_rate":0.0,"timestamp":1609830258,"path_taken":["M","M","?","?","M","R","E","M","T","?","R","?","R","M","R","BOSS","M","M","?","M","$","R","M","R","T","?","?","E","R","M","R","BOSS","M","?","?","?","M","R","M","R","T","M","?","$","E","$","R","BOSS","BOSS"],"items_purchased_type":["Relic","Relic"],"build_version":"2020-12-22","purchased_purges":2,"victory":false,"max_hp_per_floor":[75,75,75,80,80,80,80,80,80,80,80,80,80,80,80,80,80,80,80,80,80,80,80,80,80,80,80,80,80,80,80,80,80,80,80,76,76,76,76,76,76,76,76,76,76,76,76,76,76,76,76,76],"relic_stats":{"Nunchaku":[14],"Gremlin Horn":[20,20],"counters":[25,153],"Astrolabe":["Anger","Sentinel","Sword Boomerang"],"Pantograph":25,"Gambling Chip":[7],"Eternal Feather":89,"Champion Belt":[8],"obtain_stats":[{"NeowsBlessing":0,"Gremlin Horn":28,"Astrolabe":17,"Eternal Feather":22,"The Courier":27,"Frozen Egg 2":26,"Burning Blood":0,"White Beast Statue":43,"Nunchaku":29,"HornCleat":7,"Pantograph":47,"Gambling Chip":48,"Champion Belt":27,"Red Skull":9,"Runic Pyramid":34},{"NeowsBlessing":0,"Gremlin Horn":14,"Astrolabe":8,"Eternal Feather":11,"The Courier":14,"Frozen Egg 2":12,"Burning Blood":0,"White Beast Statue":20,"Nunchaku":15,"HornCleat":5,"Pantograph":23,"Gambling Chip":23,"Champion Belt":14,"Red Skull":6,"Runic Pyramid":17},{"NeowsBlessing":0,"Gremlin Horn":79,"Astrolabe":43,"Eternal Feather":63,"The Courier":79,"Frozen Egg 2":68,"Burning Blood":0,"White Beast Statue":118,"Nunchaku":86,"HornCleat":20,"Pantograph":132,"Gambling Chip":132,"Champion Belt":79,"Red Skull":24,"Runic Pyramid":100}],"Burning Blood":133},"card_choices":[{"not_picked":["Infernal Blade","Iron Wave"],"picked":"Flame Barrier","floor":1.0},{"not_picked":["Battle Trance","Thunderclap"],"picked":"Twin Strike","floor":2.0},{"not_picked":["Pommel Strike","Blood for Blood"],"picked":"Disarm","floor":3.0},{"not_picked":["Perfected Strike","Warcry"],"picked":"Shrug It Off","floor":5.0},{"not_picked":["Havoc","Feel No Pain"],"picked":"Wild Strike","floor":7.0},{"not_picked":["Iron Wave","Clothesline"],"picked":"Entrench","floor":8},{"not_picked":["Heavy Blade","Bloodletting"],"picked":"Spot Weakness","floor":14},{"not_picked":["Demon Form","Double Tap"],"picked":"Impervious","floor":16},{"not_picked":["Dropkick","Armaments+1"],"picked":"Pommel Strike+1","floor":18},{"not_picked":["Armaments","Havoc"],"picked":"Cleave+1","floor":19},{"not_picked":["Sever Soul","Bloodletting","Perfected Strike"],"picked":"SKIP","floor":21},{"not_picked":["Infernal Blade","True Grit"],"picked":"Body Slam","floor":24},{"not_picked":["Flame Barrier","Sentinel"],"picked":"Pommel Strike","floor":29},{"not_picked":["Clash","Perfected Strike"],"picked":"Corruption+1","floor":31},{"not_picked":["Wild Strike","Reckless Charge+1"],"picked":"Rage","floor":35},{"not_picked":["Warcry+1","Metallicize+1"],"picked":"Power Through+1","floor":39},{"not_picked":["Headbutt+1","Pommel Strike","Infernal Blade+1"],"picked":"SKIP","floor":41},{"not_picked":["Headbutt","Heavy Blade"],"picked":"Immolate","floor":44},{"not_picked":["Clothesline","Searing Blow"],"picked":"Fire Breathing+1","floor":45},{"not_picked":["Twin Strike","Rupture+1"],"picked":"Disarm+1","floor":47}],"player_experience":1728666,"relics_obtained":[{"floor":7.0,"key":"HornCleat"},{"floor":9,"key":"Red Skull"},{"floor":26,"key":"Frozen Egg 2"},{"floor":27,"key":"Champion Belt"},{"floor":27,"key":"The Courier"},{"floor":29,"key":"Nunchaku"},{"floor":43,"key":"White Beast Statue"},{"floor":47,"key":"Pantograph"}],"event_choices":[{"damage_healed":0.0,"max_hp_gain":5.0,"max_hp_loss":0.0,"gold_gain":0.0,"event_name":"Big Fish","player_choice":"Donut","floor":4.0,"gold_loss":0.0,"damage_taken":0.0},{"damage_healed":0,"gold_gain":0,"player_choice":"Entered Light","damage_taken":24,"max_hp_gain":0,"max_hp_loss":0,"event_name":"Shining Light","floor":10,"gold_loss":0,"cards_upgraded":["Shrug It Off","Disarm"]},{"damage_healed":0,"gold_gain":0,"player_choice":"0 cards matched","damage_taken":0,"max_hp_gain":0,"max_hp_loss":0,"event_name":"Match and Keep!","floor":12,"gold_loss":0,"cards_obtained":[]},{"damage_healed":0,"gold_gain":50,"player_choice":"Stole From Cult","damage_taken":0,"max_hp_gain":0,"max_hp_loss":0,"event_name":"Nest","floor":20,"gold_loss":0},{"damage_healed":0,"gold_gain":0,"player_choice":"Fight","damage_taken":0,"max_hp_gain":0,"max_hp_loss":0,"event_name":"Colosseum","floor":27,"gold_loss":0},{"damage_healed":0,"gold_gain":0,"player_choice":"Fought Nobs","damage_taken":0,"max_hp_gain":0,"max_hp_loss":0,"event_name":"Colosseum","floor":27,"gold_loss":0},{"damage_healed":0,"gold_gain":0,"player_choice":"Obtained Relic","damage_taken":0,"relics_obtained":["Gremlin Horn"],"max_hp_gain":0,"max_hp_loss":0,"event_name":"Addict","floor":28,"gold_loss":85},{"damage_healed":0,"gold_gain":0,"player_choice":"Max HP","damage_taken":0,"max_hp_gain":0,"max_hp_loss":4,"event_name":"Winding Halls","floor":36,"gold_loss":0},{"damage_healed":0,"gold_gain":0,"player_choice":"Ignored","damage_taken":0,"max_hp_gain":0,"max_hp_loss":0,"event_name":"Tomb of Lord Red Mask","floor":37,"gold_loss":0}],"is_beta":false,"boss_relics":[{"not_picked":["SacredBark","Philosopher\u0027s Stone"],"picked":"Astrolabe"},{"not_picked":["Busted Crown","Black Star"],"picked":"Runic Pyramid"}],"items_purged_floors":[22,46],"is_endless":false,"potions_floor_spawned":[1,2,3,7,14,21,27,27,33,35,41,44,45,47],"killed_by":"Donu and Deca","ascension_level":20}}