{"host":"6gnv7me3tk2udb7q","time":1609877331,"event":{"mods":["BaseMod","Bestiary","Colored Map","Minty Spire (QoL Compilation)"],"gold_per_floor":[112,125,400,4,24,24,86,113,113,113,123,23,23,39,39,144,144,156,167,167,167,185,185,195,226,250,263,263,263,127,147,147,242,242,262,277,289,289,63,95,95,124,124,143,170,181,181,181,181,181,181],"floor_reached":50,"playtime":7660,"items_purged":["Regret","Capacitor"],"score":921,"play_id":"043e8408-9301-46b2-a68f-021ce390689c","local_time":"20210105150851","is_ascension_mode":true,"campfire_choices":[{"data":"Hologram","floor":6,"key":"SMITH"},{"data":"Gash","floor":13,"key":"SMITH"},{"floor":15,"key":"REST"},{"data":"RitualDagger","floor":23,"key":"SMITH"},{"data":"Ghostly","floor":32,"key":"SMITH"},{"data":"Scrape","floor":41,"key":"SMITH"},{"floor":47,"key":"RECALL"},{"floor":49,"key":"REST"}],"circlet_count":0,"master_deck":["Strike_B","Strike_B","Strike_B","Defend_B","Defend_B","Defend_B+1","Defend_B","Zap","Dualcast+1","Ball Lightning","Hologram+1","Compile Driver","Coolheaded","Streamline","Gash+1","BootSequence","CurseOfTheBell","Blizzard","Barrage","RitualDagger+1","Ghostly+1","Ghostly","Ghostly","Ghostly","Ghostly","Rebound","Conserve Battery+1","Gash","Beam Cell","Dark Shackles","Go for the Eyes","Reboot","Chill+1","Beam Cell+1","Rebound+1","Scrape+1","Gash","Fission","Scrape","Gash","White Noise+1"],"relics":["Cracked Core","NeowsBlessing","War Paint","Kunai","Shuriken","White Beast Statue","Calling Bell","Bronze Scales","Matryoshka","Lizard Tail","Pen Nib","Happy Flower","Nuclear Battery","HandDrill","PreservedInsect","Omamori","Potion Belt","Darkstone Periapt","Ginger","Mummified Hand"],"acts_visited":["Exordium","TheCity","TheBeyond"],"potions_floor_usage":[4,16,16,22,22,28,33,40,40,40,45,46,50,50,50],"damage_taken":[{"damage":0,"enemies":"Jaw Worm","floor":1,"turns":1},{"damage":0,"enemies":"Cultist","floor":2,"turns":1},{"damage":0,"enemies":"Small Slimes","floor":5,"turns":1},{"damage":27,"enemies":"3 Sentries","floor":7,"turns":7},{"damage":36,"enemies":"Lagavulin","floor":8,"turns":6},{"damage":6,"enemies":"Looter","floor":11,"turns":2},{"damage":13,"enemies":"Blue Slaver","floor":14,"turns":3},{"damage":1,"enemies":"Slime Boss","floor":16,"turns":5},{"damage":11,"enemies":"Spheric Guardian","floor":18,"turns":3},{"damage":33,"enemies":"Shell Parasite","floor":19,"turns":6},{"damage":1,"enemies":"Shelled Parasite and Fungi","floor":22,"turns":6},{"damage":10,"enemies":"Sentry and Sphere","floor":24,"turns":7},{"damage":5,"enemies":"Gremlin Leader","floor":25,"turns":10},{"damage":0,"enemies":"Cultist and Chosen","floor":27,"turns":6},{"damage":0,"enemies":"Snake Plant","floor":28,"turns":1},{"damage":0,"enemies":"Centurion and Healer","floor":31,"turns":6},{"damage":59,"enemies":"Champ","floor":33,"turns":12},{"damage":3,"enemies":"3 Darklings","floor":35,"turns":5},{"damage":0,"enemies":"3 Shapes","floor":36,"turns":4},{"damage":6,"enemies":"Jaw Worm Horde","floor":37,"turns":6},{"damage":1,"enemies":"Giant Head","floor":40,"turns":8},{"damage":26,"enemies":"Nemesis","floor":42,"turns":7},{"damage":0,"enemies":"Spire Growth","floor":44,"turns":5},{"damage":0,"enemies":"Reptomancer","floor":45,"turns":5},{"damage":4,"enemies":"Transient","floor":46,"turns":5},{"damage":61,"enemies":"Time Eater","floor":50,"turns":5}],"seed_played":"-751084197470252144","potions_obtained":[{"floor":5,"key":"SmokeBomb"},{"floor":11,"key":"Strength Potion"},{"floor":14,"key":"Strength Potion"},{"floor":16,"key":"Regen Potion"},{"floor":18,"key":"EssenceOfSteel"},{"floor":19,"key":"AttackPotion"},{"floor":22,"key":"Weak Potion"},{"floor":24,"key":"BlessingOfTheForge"},{"floor":31,"key":"LiquidMemories"},{"floor":33,"key":"FearPotion"},{"floor":35,"key":"EntropicBrew"},{"floor":40,"key":"FearPotion"},{"floor":42,"key":"CultistPotion"},{"floor":44,"key":"Fire Potion"},{"floor":45,"key":"EssenceOfSteel"},{"floor":46,"key":"Block Potion"}],"is_trial":false,"path_per_floor":["M","M","?","$","M","R","?","E","T","?","M","$","R","M","R","B",null,"M","M","?","?","M","R","M","E","T","M","M","?","$","M","R","B",null,"M","M","M","?","$","E","R","E","T","M","E","M","R","T","R","B"],"character_chosen":"DEFECT","items_purchased":["Fruit Juice","War Paint","Capacitor","Beam Cell","Dark Shackles","HandDrill","Scrape"],"campfire_rested":2,"item_purchase_floors":[4,4,4,30,30,39,39],"current_hp_per_floor":[68,68,68,73,73,73,46,10,10,36,30,30,30,17,41,40,70,59,26,20,20,34,34,24,19,19,19,19,50,50,50,50,25,44,41,41,35,35,35,34,34,8,8,8,8,4,4,4,19,0,0],"gold":181,"neow_bonus":"THREE_ENEMY_KILL","is_daily":false,"chose_seed":false,"campfire_upgraded":5,"win_rate":0.0,"timestamp":1609877331,"path_taken":["M","M","?","?","M","R","?","E","T","?","M","$","R","M","R","BOSS","M","M","?","?","?","R","M","E","T","M","M","?","$","M","R","BOSS","M","M","?","?","$","E","R","E","T","M","E","M","R","?","R","BOSS"],"items_purchased_type":["Potion","Relic","Card","Card","Card","Relic","Card"],"build_version":"2020-12-22","purchased_purges":2,"victory":false,"max_hp_per_floor":[75,75,75,80,80,80,80,80,80,80,80,80,80,80,80,80,80,80,80,80,40,40,40,40,40,40,40,40,50,50,50,50,50,50,50,50,50,50,50,50,50,50,50,50,50,50,50,50,50,50,50],"card_choices":[{"not_picked":["Barrage","Cold Snap"],"picked":"Ball Lightning","floor":1},{"not_picked":["Recycle","Consume"],"picked":"Hologram","floor":2},{"not_picked":["Steam","Steam Power"],"picked":"Compile Driver","floor":5},{"not_picked":["Cold Snap","Sweeping Beam"],"picked":"Coolheaded","floor":7},{"not_picked":["Redo","Doom and Gloom"],"picked":"Streamline","floor":8},{"not_picked":["Barrage","Lockon"],"picked":"Gash","floor":11},{"not_picked":["Biased Cognition","Coolheaded"],"picked":"BootSequence","floor":14},{"not_picked":["Meteor Strike","Multi-Cast"],"picked":"Buffer","floor":16},{"not_picked":["Hello World","Barrage"],"picked":"Blizzard","floor":18},{"not_picked":["Leap","Conserve Battery"],"picked":"Barrage","floor":19},{"not_picked":["Leap","Ball Lightning"],"picked":"Rebound","floor":22},{"not_picked":["Hyperbeam","Cold Snap"],"picked":"Conserve Battery+1","floor":24},{"not_picked":["Ball Lightning","Blizzard","Hello World"],"picked":"SKIP","floor":25},{"not_picked":["Aggregate","BootSequence"],"picked":"Gash","floor":27},{"not_picked":["Melter","Hello World"],"picked":"Go for the Eyes","floor":31},{"not_picked":["Biased Cognition","Hyperbeam"],"picked":"Reboot","floor":33},{"not_picked":["Sweeping Beam+1","Rip and Tear+1"],"picked":"Chill+1","floor":35},{"not_picked":["Steam","Redo"],"picked":"Beam Cell+1","floor":36},{"not_picked":["Cold Snap+1","Conserve Battery+1"],"picked":"Rebound+1","floor":37},{"not_picked":["Steam+1","Barrage+1"],"picked":"Gash","floor":40},{"not_picked":["Streamline+1","Reprogram+1"],"picked":"Fission","floor":42},{"not_picked":["Reprogram+1","Lockon+1"],"picked":"Scrape","floor":44},{"not_picked":["Consume","Thunder Strike"],"picked":"Gash","floor":45},{"not_picked":["Go for the Eyes+1","Conserve Battery"],"picked":"White Noise+1","floor":46}],"player_experience":601529,"relics_obtained":[{"floor":7,"key":"Kunai"},{"floor":8,"key":"Shuriken"},{"floor":9,"key":"White Beast Statue"},{"floor":17,"key":"Bronze Scales"},{"floor":17,"key":"Matryoshka"},{"floor":17,"key":"Lizard Tail"},{"floor":25,"key":"Pen Nib"},{"floor":26,"key":"Happy Flower"},{"floor":40,"key":"PreservedInsect"},{"floor":42,"key":"Omamori"},{"floor":43,"key":"Potion Belt"},{"floor":43,"key":"Darkstone Periapt"},{"floor":45,"key":"Ginger"},{"floor":48,"key":"Mummified Hand"}],"event_choices":[{"damage_healed":0,"gold_gain":275,"player_choice":"Desecrate","damage_taken":0,"max_hp_gain":0,"max_hp_loss":0,"event_name":"Golden Shrine","floor":3,"gold_loss":0,"cards_obtained":["Regret"]},{"damage_healed":0,"gold_gain":0,"player_choice":"Searched \u00271\u0027 times","damage_taken":0,"max_hp_gain":0,"max_hp_loss":0,"event_name":"Dead Adventurer","floor":7,"gold_loss":0},{"damage_healed":26,"gold_gain":0,"player_choice":"Banana","damage_taken":0,"max_hp_gain":0,"max_hp_loss":0,"event_name":"Big Fish","floor":10,"gold_loss":0},{"damage_healed":0,"gold_gain":0,"player_choice":"Joined the Cult","damage_taken":6,"max_hp_gain":0,"max_hp_loss":0,"event_name":"Nest","floor":20,"gold_loss":0,"cards_obtained":["RitualDagger"]},{"damage_healed":0,"gold_gain":0,"player_choice":"Became a Ghost","damage_taken":0,"max_hp_gain":0,"max_hp_loss":40,"event_name":"Ghosts","floor":21,"gold_loss":0,"cards_obtained":["Ghostly","Ghostly","Ghostly","Ghostly","Ghostly"]},{"cards_removed":["Buffer"],"damage_healed":21,"gold_gain":0,"player_choice":"Offered Rare","damage_taken":0,"max_hp_gain":10,"max_hp_loss":0,"event_name":"Bonfire Elementals","floor":29,"gold_loss":0},{"cards_removed":["Strike_B"],"damage_healed":0,"gold_gain":0,"player_choice":"Removed Attack","damage_taken":0,"max_hp_gain":0,"max_hp_loss":0,"event_name":"Falling","floor":38,"gold_loss":0}],"is_beta":false,"boss_relics":[{"not_picked":["Fusion Hammer","SlaversCollar"],"picked":"Calling Bell"},{"not_picked":["Sozu","Runic Dome"],"picked":"Nuclear Battery"}],"items_purged_floors":[4,12],"is_endless":false,"potions_floor_spawned":[5,11,14,16,18,19,22,24,25,27,28,31,33,35,36,37,40,42,44,45,46],"killed_by":"Time Eater","ascension_level":8}}