{"host":"icrrc9b69c1a6188","time":1609838064,"event":{"mods":["Act Like it!","BaseMod","Bestiary","Better Altar","Better Match","Better Note","Better Sensory Stone","Better Skull","Better Third Choice","Block Reminder","Colored Map","Colored Powertips","Curses Come First","Displayed Cursed Tome","Faster Ascension Climbing","HexUI Lib","Jorbs\u0027s Wanderer Trilogy","Minty Spire (QoL Compilation)","Quick Restart","RNG Fix","Random Character Mod","Rare Cards Sparkle","Spicy Shops","StSLib","Unceasing Turn Reminder"],"gold_per_floor":[114,132,144,144,158,158,186,27,27,68,68,68,94,94,94,172,172,185,185,225,236,236,236,247,285,308,342,356,371,371,29,29,101,101,111,136,156,0,14,40,52,52,52,52,82,82,17,29,29,29,29,29],"floor_reached":51,"playtime":6408,"items_purged":[],"score":1605,"play_id":"33537bd8-eba8-42a4-8b4e-449de9a6267e","local_time":"20210105031424","is_ascension_mode":true,"campfire_choices":[{"data":"stsjorbsmod:FranticSearch","floor":6,"key":"SMITH"},{"data":"stsjorbsmod:RayOfFrost","floor":12,"key":"SMITH"},{"data":"stsjorbsmod:ArcaneWeapon","floor":15,"key":"SMITH"},{"data":"stsjorbsmod:DoubleCheck","floor":23,"key":"SMITH"},{"data":"stsjorbsmod:CorrodingBarrier","floor":30,"key":"SMITH"},{"data":"stsjorbsmod:Aid","floor":32,"key":"SMITH"},{"data":"stsjorbsmod:HoldMonster","floor":42,"key":"SMITH"},{"data":"stsjorbsmod:HoldMonster","floor":44,"key":"SMITH"},{"data":"stsjorbsmod:SiphonEnergy","floor":46,"key":"SMITH"},{"floor":49,"key":"RECALL"}],"circlet_count":0,"master_deck":["AscendersBane","stsjorbsmod:ForbiddenGrimoire+1","stsjorbsmod:FreshAdventure+1","stsjorbsmod:EyeOfTheStorm","stsjorbsmod:Materialize","stsjorbsmod:Hurt","stsjorbsmod:RayOfFrost+1","stsjorbsmod:FranticSearch+1","stsjorbsmod:ArcaneWeapon+1","stsjorbsmod:FaerieFire","stsjorbsmod:ThirstingSword+1","Dramatic Entrance+1","stsjorbsmod:CorrodingBarrier+1","stsjorbsmod:DoubleCheck+1","stsjorbsmod:ChainLightning+1","stsjorbsmod:DeathThroes+1","stsjorbsmod:SchoolsOfMagic","stsjorbsmod:BlackTentacles+1","stsjorbsmod:MagicMissiles+1","stsjorbsmod:LoseGrip+1","stsjorbsmod:Message","stsjorbsmod:Patron","stsjorbsmod:Channel+1","stsjorbsmod:Aid+1","stsjorbsmod:Mania+1","stsjorbsmod:HoldMonster+1","stsjorbsmod:FlameWard","stsjorbsmod:Entangle","stsjorbsmod:FlameWard","stsjorbsmod:HoldMonster+1","stsjorbsmod:SiphonEnergy+1"],"relics":["SlaversCollar","Vajra","MawBank","Lee\u0027s Waffle","Gremlin Horn","Molten Egg 2","Pandora\u0027s Box","Nloth\u0027s Gift","Singing Bowl","Tiny Chest","The Courier","stsjorbsmod:MindPalaceRelic","Philosopher\u0027s Stone","Prayer Wheel","stsjorbsmod:BottledMemoryRelic","Kunai","Toy Ornithopter","Frozen Eye"],"acts_visited":["Exordium","TheCity","TheBeyond"],"potions_floor_usage":[16,16,16,20,24,33,35,40,45,51],"damage_taken":[{"damage":5,"enemies":"2 Louse","floor":1,"turns":8},{"damage":0,"enemies":"Cultist","floor":2,"turns":3},{"damage":0,"enemies":"Jaw Worm","floor":3,"turns":7},{"damage":23,"enemies":"Exordium Thugs","floor":5,"turns":6},{"damage":7,"enemies":"3 Sentries","floor":7,"turns":5},{"damage":25,"enemies":"Gremlin Nob","floor":10,"turns":4},{"damage":10,"enemies":"Lagavulin","floor":13,"turns":6},{"damage":14,"enemies":"Hexaghost","floor":16,"turns":7},{"damage":4,"enemies":"Spheric Guardian","floor":18,"turns":3},{"damage":4,"enemies":"3 Byrds","floor":20,"turns":7},{"damage":6,"enemies":"Centurion and Healer","floor":21,"turns":6},{"damage":18,"enemies":"Snake Plant","floor":24,"turns":3},{"damage":7,"enemies":"Book of Stabbing","floor":25,"turns":7},{"damage":4,"enemies":"Gremlin Leader","floor":27,"turns":5},{"damage":6,"enemies":"Shelled Parasite and Fungi","floor":28,"turns":3},{"damage":3,"enemies":"Cultist and Chosen","floor":29,"turns":6},{"damage":0,"enemies":"Automaton","floor":33,"turns":6},{"damage":0,"enemies":"3 Darklings","floor":35,"turns":5},{"damage":3,"enemies":"Mind Bloom Boss Battle","floor":36,"turns":7},{"damage":11,"enemies":"Orb Walker","floor":37,"turns":3},{"damage":17,"enemies":"Writhing Mass","floor":39,"turns":7},{"damage":2,"enemies":"Nemesis","floor":40,"turns":3},{"damage":21,"enemies":"Jaw Worm Horde","floor":41,"turns":6},{"damage":9,"enemies":"Reptomancer","floor":45,"turns":3},{"damage":0,"enemies":"3 Darklings","floor":48,"turns":5},{"damage":13,"enemies":"Time Eater","floor":50,"turns":7},{"damage":66,"enemies":"Donu and Deca","floor":51,"turns":6}],"seed_played":"3248215675076518977","potions_obtained":[{"floor":2,"key":"BlessingOfTheForge"},{"floor":3,"key":"stsjorbsmod:LiquidClarity"},{"floor":10,"key":"EntropicBrew"},{"floor":18,"key":"stsjorbsmod:LiquidVirtue"},{"floor":24,"key":"Dexterity Potion"},{"floor":29,"key":"Block Potion"},{"floor":35,"key":"AttackPotion"},{"floor":37,"key":"SmokeBomb"},{"floor":41,"key":"Energy Potion"},{"floor":48,"key":"Dexterity Potion"}],"is_trial":false,"path_per_floor":["M","M","M","?","M","R","E","$","T","E","?","R","E","?","R","B",null,"M","?","M","M","?","R","M","E","T","E","M","M","R","$","R","B",null,"M","?","M","$","M","E","M","R","T","R","E","R","$","M","R","B","B"],"character_chosen":"WANDERER","items_purchased":["Lee\u0027s Waffle","stsjorbsmod:MindPalaceRelic","stsjorbsmod:Mania+1","stsjorbsmod:BottledMemoryRelic","stsjorbsmod:FlameWard","Frozen Eye"],"campfire_rested":0,"item_purchase_floors":[8,31,31,38,38,47],"current_hp_per_floor":[53,53,53,53,30,30,23,71,71,46,51,51,41,41,41,43,66,62,62,58,52,52,52,44,39,39,37,33,32,32,32,32,54,72,78,78,67,67,78,78,61,61,61,61,52,52,52,68,68,55,0,0],"gold":29,"neow_bonus":"BOSS_RELIC","is_daily":false,"chose_seed":false,"campfire_upgraded":9,"win_rate":0.0,"timestamp":1609838064,"path_taken":["M","M","M","?","M","R","E","$","T","E","?","R","E","?","R","BOSS","M","?","M","?","?","R","M","E","T","E","M","M","R","$","R","BOSS","M","?","M","$","M","E","M","R","T","R","E","R","?","M","R","BOSS","BOSS"],"items_purchased_type":["Relic","Relic","Card","Relic","Card","Relic"],"build_version":"2020-12-22","purchased_purges":0,"victory":false,"max_hp_per_floor":[64,64,64,64,64,64,64,71,71,71,76,76,76,76,76,74,74,74,74,74,74,74,74,72,74,74,76,78,80,80,80,80,78,78,78,78,78,78,78,80,84,84,84,84,84,84,84,86,86,86,86,86],"card_choices":[{"not_picked":["stsjorbsmod:Firebolt","stsjorbsmod:MagicMirror"],"picked":"stsjorbsmod:Materialize","floor":1},{"not_picked":["stsjorbsmod:Prepare","stsjorbsmod:ChainLightning"],"picked":"stsjorbsmod:Hurt","floor":2},{"not_picked":["stsjorbsmod:Stalwart","stsjorbsmod:SmithingStrike"],"picked":"stsjorbsmod:RayOfFrost","floor":3},{"not_picked":["stsjorbsmod:ChatteringStrike","stsjorbsmod:ColorSpray"],"picked":"stsjorbsmod:FranticSearch","floor":5},{"not_picked":["stsjorbsmod:MistyStep","stsjorbsmod:MagicMirror"],"picked":"stsjorbsmod:ArcaneWeapon","floor":7},{"not_picked":["stsjorbsmod:Index","stsjorbsmod:ColorSpray"],"picked":"stsjorbsmod:FaerieFire","floor":10},{"not_picked":["stsjorbsmod:ChainLightning+1","stsjorbsmod:Inferno"],"picked":"stsjorbsmod:ThirstingSword+1","floor":13},{"not_picked":["Impatience","Jack Of All Trades"],"picked":"Dramatic Entrance+1","floor":14},{"not_picked":["stsjorbsmod:Fear","stsjorbsmod:Banish"],"picked":"stsjorbsmod:CorrodingBarrier","floor":16},{"not_picked":["stsjorbsmod:TrueStrike+1","stsjorbsmod:ChatteringStrike+1"],"picked":"stsjorbsmod:Message","floor":18},{"not_picked":["stsjorbsmod:DoubleCheck+1","stsjorbsmod:OldPocket"],"picked":"stsjorbsmod:Patron+1","floor":20},{"not_picked":["stsjorbsmod:ColorSpray+1","stsjorbsmod:ChatteringStrike+1"],"picked":"stsjorbsmod:Channel+1","floor":21},{"not_picked":["stsjorbsmod:Rest","stsjorbsmod:FracturedMind+1"],"picked":"stsjorbsmod:Aid","floor":24},{"not_picked":["stsjorbsmod:DeathThroes+1","stsjorbsmod:Message","stsjorbsmod:AnimateObjects"],"picked":"Singing Bowl","floor":25},{"not_picked":["stsjorbsmod:Introspection","stsjorbsmod:Feast","stsjorbsmod:TrueStrike+1"],"picked":"Singing Bowl","floor":27},{"not_picked":["stsjorbsmod:Channel","stsjorbsmod:Aid","stsjorbsmod:FaerieFire"],"picked":"Singing Bowl","floor":28},{"not_picked":["stsjorbsmod:TrueStrike+1","stsjorbsmod:BurningFlask","stsjorbsmod:OldPocket"],"picked":"Singing Bowl","floor":29},{"not_picked":["stsjorbsmod:DeathThroes+1","stsjorbsmod:Determination"],"picked":"stsjorbsmod:HoldMonster","floor":33},{"not_picked":["stsjorbsmod:BurningFlask","stsjorbsmod:Mindworm+1","stsjorbsmod:DisguiseSelf"],"picked":"Singing Bowl","floor":35},{"not_picked":["stsjorbsmod:BlackTentacles+1","stsjorbsmod:ChainLightning+1","stsjorbsmod:TrueStrike+1"],"picked":"Singing Bowl","floor":36},{"not_picked":["stsjorbsmod:UnseenServant+1","stsjorbsmod:Index"],"picked":"stsjorbsmod:FlameWard","floor":37},{"not_picked":["stsjorbsmod:WanderingMind+1","stsjorbsmod:Index+1"],"picked":"stsjorbsmod:Entangle","floor":37},{"not_picked":["stsjorbsmod:ColorSpray+1","stsjorbsmod:LocateObject"],"picked":"stsjorbsmod:HoldMonster","floor":39},{"not_picked":["stsjorbsmod:WanderingMind","stsjorbsmod:ColorSpray+1","stsjorbsmod:FindFamiliar"],"picked":"Singing Bowl","floor":39},{"not_picked":["stsjorbsmod:GatherPower","stsjorbsmod:SchoolsOfMagic","stsjorbsmod:FindFamiliar"],"picked":"Singing Bowl","floor":40},{"not_picked":["stsjorbsmod:WanderingMind","stsjorbsmod:FlameWard+1","stsjorbsmod:OldPocket"],"picked":"Singing Bowl","floor":41},{"not_picked":["stsjorbsmod:TollTheDead+1","stsjorbsmod:Message","stsjorbsmod:Rest"],"picked":"Singing Bowl","floor":41},{"not_picked":["stsjorbsmod:HoldMonster","stsjorbsmod:Entangle"],"picked":"stsjorbsmod:SiphonEnergy","floor":45},{"not_picked":["stsjorbsmod:Prestidigitation+1","stsjorbsmod:Channel+1","stsjorbsmod:Thorns+1"],"picked":"Singing Bowl","floor":48},{"not_picked":["stsjorbsmod:Hibernate+1","stsjorbsmod:Channel","stsjorbsmod:LocateObject"],"picked":"Singing Bowl","floor":48}],"player_experience":731948,"relics_obtained":[{"floor":7,"key":"MawBank"},{"floor":9,"key":"Gremlin Horn"},{"floor":10,"key":"Sundial"},{"floor":13,"key":"Molten Egg 2"},{"floor":25,"key":"Singing Bowl"},{"floor":26,"key":"Tiny Chest"},{"floor":27,"key":"The Courier"},{"floor":36,"key":"Prayer Wheel"},{"floor":40,"key":"Kunai"},{"floor":45,"key":"Toy Ornithopter"}],"event_choices":[{"damage_healed":0,"gold_gain":0,"player_choice":"Gave Potion","damage_taken":0,"relics_obtained":["Vajra"],"max_hp_gain":0,"max_hp_loss":0,"event_name":"WeMeetAgain","floor":4,"gold_loss":0},{"damage_healed":0,"gold_gain":0,"player_choice":"Donut","damage_taken":0,"max_hp_gain":5,"max_hp_loss":0,"event_name":"Big Fish","floor":11,"gold_loss":0},{"damage_healed":0,"gold_gain":1,"player_choice":"1","damage_taken":0,"max_hp_gain":0,"max_hp_loss":0,"event_name":"betterStone:BetterStone","floor":14,"gold_loss":0},{"damage_healed":0,"gold_gain":0,"player_choice":"Traded Relic","damage_taken":0,"relics_obtained":["Nloth\u0027s Gift"],"max_hp_gain":0,"max_hp_loss":0,"event_name":"N\u0027loth","floor":19,"relics_lost":["Sundial"],"gold_loss":0},{"cards_removed":["stsjorbsmod:Introspection"],"damage_healed":0,"gold_gain":0,"player_choice":"Purged","damage_taken":0,"max_hp_gain":0,"max_hp_loss":0,"event_name":"Purifier","floor":22,"gold_loss":0},{"damage_healed":0,"gold_gain":0,"player_choice":"Fight","damage_taken":0,"max_hp_gain":0,"max_hp_loss":0,"event_name":"MindBloom","floor":36,"gold_loss":0}],"is_beta":false,"boss_relics":[{"not_picked":["Runic Dome","Black Star"],"picked":"Pandora\u0027s Box"},{"not_picked":["SacredBark","Calling Bell"],"picked":"Philosopher\u0027s Stone"}],"items_purged_floors":[],"is_endless":false,"potions_floor_spawned":[2,3,10,18,24,29,35,37,41,48],"killed_by":"Donu and Deca","ascension_level":20}}