{"host":"0mk07bycsqo1qk03","time":1609868628,"event":{"mods":["BaseMod","Bestiary","Downfall","Hermit","Hubris","Minty Spire (QoL Compilation)","Replay The Spire","StSLib","The Cursed","The Servant 0.9.4"],"gold_per_floor":[110,129,148,148,167,167,181,106,129,146,146,162,176,191,191,291,291,307,28,28,46,46,46,59,59,59,59,76,1,17,52,52,182,182,204,204],"floor_reached":35,"playtime":1671,"items_purged":["Pain"],"score":733,"play_id":"2065a78a-b16c-4ea8-b36e-109d010f8675","local_time":"20210105184348","is_ascension_mode":true,"campfire_choices":[{"data":"ReplayTheSpireMod:Shiv Toss","floor":6,"key":"SMITH"},{"floor":11,"key":"REST"},{"floor":15,"key":"DIG"},{"data":"Expertise","floor":23,"key":"SMITH"},{"floor":25,"key":"REST"},{"floor":32,"key":"REST"}],"circlet_count":0,"master_deck":["AscendersBane","Strike_G","Strike_G","Strike_G","Strike_G","Strike_G","Defend_G","Defend_G","Defend_G","Defend_G","Defend_G","Survivor","Neutralize","Flying Knee","Blade Dance","ReplayTheSpireMod:Shiv Toss+1","hubris:Counter","Sucker Punch","Blade Dance","Hidden Blade","Expertise+1","Doppelganger","ReplayTheSpireMod:Scrap Shanks","ReplayTheSpireMod:Scrap Shanks","hubris:SlightOfHand+1","Accuracy+1","Abandon","ReplayTheSpireMod:Speed Training","Footwork","Unload"],"relics":["Ring of the Snake","WarpedTongs","MealTicket","Nunchaku","hubris:VirtuousBlindfold","OrangePellets","Girya","Replay:Bandana","SacredBark"],"acts_visited":["Exordium","TheCity","TheBeyond"],"potions_floor_usage":[5,16,16,24,28,30,31,31],"damage_taken":[{"damage":6,"enemies":"Cultist","floor":1,"turns":5},{"damage":3,"enemies":"Jaw Worm","floor":2,"turns":5},{"damage":0,"enemies":"2 Louse","floor":3,"turns":3},{"damage":5,"enemies":"Gremlin Gang","floor":5,"turns":6},{"damage":7,"enemies":"Red Slaver","floor":7,"turns":4},{"damage":7,"enemies":"Exordium Wildlife","floor":10,"turns":4},{"damage":1,"enemies":"2 Fungi Beasts","floor":12,"turns":3},{"damage":0,"enemies":"Red Slaver","floor":13,"turns":4},{"damage":5,"enemies":"Blue Slaver","floor":14,"turns":4},{"damage":0,"enemies":"Slime Boss","floor":16,"turns":7},{"damage":19,"enemies":"Shell Parasite","floor":18,"turns":7},{"damage":8,"enemies":"3 Byrds","floor":21,"turns":6},{"damage":32,"enemies":"Snake Plant","floor":24,"turns":6},{"damage":9,"enemies":"Centurion and Healer","floor":28,"turns":4},{"damage":30,"enemies":"Snecko","floor":30,"turns":6},{"damage":0,"enemies":"Gremlin Leader","floor":31,"turns":6},{"damage":32,"enemies":"Collector","floor":33,"turns":8},{"damage":61,"enemies":"3 Darklings","floor":35,"turns":3}],"seed_played":"-4951530381667026558","potions_obtained":[{"floor":2,"key":"GhostInAJar"},{"floor":7,"key":"CultistPotion"},{"floor":10,"key":"SkillPotion"},{"floor":18,"key":"Toxic Potion"},{"floor":24,"key":"sneckomod:MuddlingPotion"},{"floor":30,"key":"Explosive Potion"},{"floor":33,"key":"Fire Potion"}],"is_trial":false,"path_per_floor":["M","M","M","?","M","R","M","$","T","M","R","M","M","M","R","B",null,"M","$","?","M","?","R","M","R","T","?","M","$","M","E","R","B",null,"M"],"character_chosen":"THE_SILENT","items_purchased":["ReplayTheSpireMod:Scrap Shanks","OrangePellets","LiquidMemories","Guardian:BlockOnCardUsePotion"],"campfire_rested":3,"item_purchase_floors":[19,19,19,29],"current_hp_per_floor":[57,54,54,54,49,49,42,42,42,35,56,55,55,50,50,50,65,46,61,61,53,53,53,21,42,42,42,33,48,18,18,39,7,54,0,0],"gold":204,"neow_bonus":"THREE_CARDS","is_daily":false,"chose_seed":false,"campfire_upgraded":2,"win_rate":0.0,"timestamp":1609868628,"path_taken":["M","M","?","?","M","R","?","$","T","M","R","M","M","M","R","BOSS","M","$","?","M","?","R","M","R","T","?","?","?","M","E","R","BOSS","M"],"items_purchased_type":["Card","Relic","Potion","Potion"],"build_version":"2020-12-22","purchased_purges":1,"victory":false,"max_hp_per_floor":[70,70,70,70,70,70,70,70,70,70,70,70,70,70,70,70,70,70,70,70,70,70,70,70,70,70,70,70,70,70,70,70,70,70,70,70],"card_choices":[{"not_picked":["Fluid Movement","Underhanded Strike"],"picked":"Flying Knee","floor":0},{"not_picked":["Bane","Prepared"],"picked":"Blade Dance","floor":1},{"not_picked":["ReplayTheSpireMod:Exploit Weakness","Blade Dance"],"picked":"ReplayTheSpireMod:Shiv Toss","floor":2},{"not_picked":["Dodge and Roll","Draining Mist"],"picked":"hubris:Counter","floor":3},{"not_picked":["Backstab","Crippling Poison"],"picked":"Sucker Punch","floor":5},{"not_picked":["PiercingWail","Dagger Throw"],"picked":"Blade Dance","floor":7},{"not_picked":["Bane","Cloak And Dagger"],"picked":"Hidden Blade","floor":10},{"not_picked":["Prepared","Masterful Stab","hubris:Counter"],"picked":"SKIP","floor":12},{"not_picked":["Dagger Spray","Riddle With Holes"],"picked":"Expertise","floor":13},{"not_picked":["Leg Sweep","Expertise","hubris:Counter"],"picked":"SKIP","floor":14},{"not_picked":["ReplayTheSpireMod:Necrosis","Malaise"],"picked":"Doppelganger","floor":16},{"not_picked":["Dodge and Roll","Dash+1","Sucker Punch"],"picked":"SKIP","floor":18},{"not_picked":["Acrobatics+1","Backflip+1"],"picked":"hubris:SlightOfHand+1","floor":21},{"not_picked":["Backstab","PiercingWail"],"picked":"Accuracy+1","floor":24},{"not_picked":["Sucker Punch","Hidden Blade"],"picked":"ReplayTheSpireMod:Speed Training","floor":28},{"not_picked":["Crippling Poison","Blade Dance","All Out Attack"],"picked":"SKIP","floor":30},{"not_picked":["Outmaneuver+1","Blade Dance"],"picked":"Footwork","floor":31},{"not_picked":["Wraith Form v2","ReplayTheSpireMod:From All Sides"],"picked":"Unload","floor":33}],"player_experience":845231,"relics_obtained":[{"floor":9,"key":"MealTicket"},{"floor":15,"key":"Nunchaku"},{"floor":26,"key":"Girya"},{"floor":31,"key":"Replay:Bandana"}],"event_choices":[{"damage_healed":0,"gold_gain":0,"player_choice":"Rummage","damage_taken":0,"relics_obtained":["WarpedTongs"],"max_hp_gain":0,"max_hp_loss":0,"event_name":"Accursed Blacksmith","floor":4,"gold_loss":0,"cards_obtained":["Pain"]},{"damage_healed":0,"gold_gain":0,"player_choice":"Ignored","damage_taken":0,"max_hp_gain":0,"max_hp_loss":0,"event_name":"Vampires","floor":20,"gold_loss":0},{"damage_healed":0,"gold_gain":0,"player_choice":"Read","damage_taken":0,"max_hp_gain":0,"max_hp_loss":0,"event_name":"The Library","floor":27,"gold_loss":0,"cards_obtained":["Abandon"]}],"is_beta":false,"boss_relics":[{"not_picked":["Painkiller Herb","Snecko Eye"],"picked":"hubris:VirtuousBlindfold"},{"not_picked":["Runic Dome","Busted Crown"],"picked":"SacredBark"}],"items_purged_floors":[8],"is_endless":false,"potions_floor_spawned":[2,7,10,13,18,24,30,33],"killed_by":"3 Darklings","ascension_level":11}}