{"host":"da4a6z8aof69aasy","time":1609889203,"event":{"mods":["AchievementEnabler","BaseMod","Block Reminder","Colored Powertips","DeckTracker","Highlight Path","Minty Spire (QoL Compilation)","Permanent Neow","Relic Stats","StSLib"],"gold_per_floor":[111,125,144,154,168,203,215,262,274,286,298,310,356,386,398,487,499,525,537,439,70,90,118,118,149,149,166,52,52,52,78,78,157,157,176,176,186,196,211,242,242,276,327,327,337,349,365,6,6,6,6,6,6,35,35],"floor_reached":56,"playtime":26852,"items_purged":["Strike_G"],"score":2177,"play_id":"09ab453e-cdcf-4662-a546-8655dba79e89","local_time":"20210106012643","is_ascension_mode":true,"campfire_choices":[{"data":"Cloak And Dagger","floor":7.0,"key":"SMITH"},{"data":"Sucker Punch","floor":10.0,"key":"SMITH"},{"floor":15,"key":"REST"},{"data":"Wraith Form v2","floor":24,"key":"SMITH"},{"data":"Catalyst","floor":30,"key":"SMITH"},{"data":"Malaise","floor":32,"key":"SMITH"},{"data":"Well Laid Plans","floor":41,"key":"SMITH"},{"floor":44,"key":"RECALL"},{"data":"Wraith Form v2","floor":49,"key":"SMITH"},{"data":"Catalyst","floor":52,"key":"SMITH"}],"circlet_count":0,"master_deck":["AscendersBane","Strike_G","Strike_G","Defend_G","Defend_G","Defend_G","Defend_G","Defend_G","Survivor","Neutralize","Blade Dance","Sucker Punch+1","Escape Plan","Infinite Blades","Cloak And Dagger+1","Dodge and Roll+1","Deadly Poison","Wraith Form v2+1","Leg Sweep","Noxious Fumes","Catalyst+1","Malaise+1","PiercingWail+1","Catalyst+1","Well Laid Plans+1","Wraith Form v2+1","Catalyst+1"],"relics":["Busted Crown","MawBank","Bag of Preparation","Eternal Feather","Pen Nib","Paper Crane","SlaversCollar","TwistedFunnel","Omamori","Vajra","Thread and Needle","War Paint","Singing Bowl","Coffee Dripper","Art of War","PreservedInsect","OrangePellets","Tingsha"],"acts_visited":["Exordium","TheCity","TheBeyond","TheEnding"],"potions_floor_usage":[23,55,55],"damage_taken":[{"damage":0.0,"enemies":"2 Louse","floor":1.0,"turns":4.0},{"damage":3.0,"enemies":"Jaw Worm","floor":2.0,"turns":4.0},{"damage":0.0,"enemies":"Cultist","floor":3.0,"turns":4.0},{"damage":0.0,"enemies":"3 Louse","floor":4.0,"turns":4.0},{"damage":8.0,"enemies":"Looter","floor":5.0,"turns":3.0},{"damage":5.0,"enemies":"3 Sentries","floor":6.0,"turns":8.0},{"damage":15.0,"enemies":"Lagavulin","floor":8.0,"turns":7.0},{"damage":20,"enemies":"3 Sentries","floor":13,"turns":7},{"damage":7,"enemies":"Lots of Slimes","floor":14,"turns":5},{"damage":11,"enemies":"The Guardian","floor":16,"turns":14},{"damage":2,"enemies":"Shell Parasite","floor":18,"turns":5},{"damage":1,"enemies":"2 Thieves","floor":22,"turns":4},{"damage":8,"enemies":"Gremlin Leader","floor":23,"turns":10},{"damage":4,"enemies":"Slavers","floor":25,"turns":6},{"damage":0,"enemies":"Snake Plant","floor":27,"turns":4},{"damage":2,"enemies":"Book of Stabbing","floor":31,"turns":4},{"damage":0,"enemies":"Champ","floor":33,"turns":13},{"damage":0,"enemies":"Orb Walker","floor":35,"turns":3},{"damage":0,"enemies":"3 Shapes","floor":37,"turns":5},{"damage":0,"enemies":"Transient","floor":38,"turns":5},{"damage":0,"enemies":"4 Shapes","floor":39,"turns":5},{"damage":2,"enemies":"Reptomancer","floor":40,"turns":7},{"damage":0,"enemies":"Giant Head","floor":42,"turns":9},{"damage":0,"enemies":"Maw","floor":45,"turns":6},{"damage":0,"enemies":"Jaw Worm Horde","floor":46,"turns":5},{"damage":0,"enemies":"4 Shapes","floor":47,"turns":4},{"damage":7,"enemies":"Donu and Deca","floor":50,"turns":14},{"damage":0,"enemies":"Shield and Spear","floor":54,"turns":9},{"damage":21,"enemies":"The Heart","floor":55,"turns":10}],"seed_played":"6645256001152928913","potions_obtained":[{"floor":2.0,"key":"SkillPotion"},{"floor":4.0,"key":"Dexterity Potion"},{"floor":6.0,"key":"AttackPotion"},{"floor":14,"key":"GamblersBrew"},{"floor":16,"key":"Ancient Potion"},{"floor":22,"key":"Block Potion"},{"floor":25,"key":"SkillPotion"},{"floor":31,"key":"CultistPotion"}],"is_trial":false,"path_per_floor":["M","M","M","M","M","E","R","E","T","R","?","?","E","M","R","B",null,"M","$","?","$","M","E","R","E","T","M","$","?","R","E","R","B",null,"M","?","M","M","M","E","R","E","T","R","M","M","M","$","R","B",null,"R","$","E","B",null],"character_chosen":"THE_SILENT","items_purchased":["Noxious Fumes","Catalyst","Malaise","TwistedFunnel","Well Laid Plans","OrangePellets","Wraith Form v2","Catalyst"],"campfire_rested":1,"item_purchase_floors":[21,21,21,21,28,48,48,48],"current_hp_per_floor":[59,56,56,56,48,43,43,28,28,37,32,32,12,5,33,22,55,53,53,53,53,52,44,59,55,55,55,55,55,66,66,68,70,70,72,68,70,72,74,74,80,82,82,82,84,86,88,88,88,81,86,88,88,90,69],"gold":35,"neow_bonus":"BOSS_RELIC","is_daily":false,"chose_seed":false,"campfire_upgraded":8,"win_rate":0.0,"timestamp":1609889203,"path_taken":["M","M","M","M","M","E","R","E","T","R","?","?","E","M","R","BOSS","M","$","?","?","M","E","R","E","T","M","$","?","R","E","R","BOSS","M","?","?","M","M","E","R","E","T","R","M","M","M","$","R","BOSS","R","$","E","BOSS"],"items_purchased_type":["Card","Card","Card","Relic","Card","Relic","Card","Card"],"build_version":"2020-12-22","purchased_purges":1,"victory":true,"max_hp_per_floor":[66,66,66,66,66,66,66,66,66,66,66,66,66,66,66,66,66,66,66,66,66,66,66,66,66,66,66,66,66,66,68,68,70,70,72,72,74,76,78,80,80,82,82,82,84,86,88,88,88,88,88,88,88,90,90],"relic_stats":{"Singing Bowl":24,"counters":[29,188],"Eternal Feather":54,"Tingsha":[0],"Pen Nib":[33],"PreservedInsect":77,"Bag of Preparation":[44],"War Paint":["PiercingWail","Catalyst"],"MawBank":180,"OrangePellets":[7],"Busted Crown":54,"Art of War":[11],"obtain_stats":[{"TwistedFunnel":21,"Singing Bowl":31,"Vajra":25,"Eternal Feather":9,"Thread and Needle":26,"Tingsha":54,"Pen Nib":11,"PreservedInsect":42,"Bag of Preparation":8,"Omamori":23,"Paper Crane":13,"War Paint":29,"MawBank":6,"SlaversCollar":17,"OrangePellets":48,"Busted Crown":0,"Coffee Dripper":34,"Art of War":40,"Ring of the Snake":0},{"TwistedFunnel":11,"Singing Bowl":16,"Vajra":14,"Eternal Feather":7,"Thread and Needle":14,"Tingsha":28,"Pen Nib":7,"PreservedInsect":23,"Bag of Preparation":7,"Omamori":13,"Paper Crane":8,"War Paint":15,"MawBank":6,"SlaversCollar":10,"OrangePellets":26,"Busted Crown":0,"Coffee Dripper":17,"Art of War":22,"Ring of the Snake":0},{"TwistedFunnel":65,"Singing Bowl":93,"Vajra":85,"Eternal Feather":34,"Thread and Needle":85,"Tingsha":178,"Pen Nib":34,"PreservedInsect":140,"Bag of Preparation":34,"Omamori":79,"Paper Crane":41,"War Paint":89,"MawBank":27,"SlaversCollar":60,"OrangePellets":155,"Busted Crown":0,"Coffee Dripper":106,"Art of War":131,"Ring of the Snake":0}]},"card_choices":[{"not_picked":[],"picked":"Blade Dance","floor":1.0},{"not_picked":[],"picked":"Sucker Punch","floor":2.0},{"not_picked":[],"picked":"Escape Plan","floor":3.0},{"not_picked":[],"picked":"Infinite Blades","floor":4.0},{"not_picked":[],"picked":"Cloak And Dagger","floor":5.0},{"not_picked":["Flying Knee"],"picked":"SKIP","floor":6.0},{"not_picked":["Sucker Punch"],"picked":"SKIP","floor":8.0},{"not_picked":[],"picked":"Dodge and Roll","floor":13},{"not_picked":[],"picked":"Deadly Poison","floor":14},{"not_picked":[],"picked":"Wraith Form v2","floor":16},{"not_picked":[],"picked":"Leg Sweep","floor":18},{"not_picked":[],"picked":"PiercingWail","floor":22},{"not_picked":[],"picked":"Catalyst","floor":23},{"not_picked":["Deflect"],"picked":"SKIP","floor":25},{"not_picked":["Dagger Throw"],"picked":"SKIP","floor":27},{"not_picked":["Prepared"],"picked":"Singing Bowl","floor":31},{"not_picked":["Bullet Time"],"picked":"Singing Bowl","floor":33},{"not_picked":["Skewer"],"picked":"Singing Bowl","floor":35},{"not_picked":["Outmaneuver"],"picked":"Singing Bowl","floor":37},{"not_picked":["Slice"],"picked":"Singing Bowl","floor":38},{"not_picked":["Cloak And Dagger"],"picked":"Singing Bowl","floor":39},{"not_picked":["Deadly Poison"],"picked":"Singing Bowl","floor":40},{"not_picked":["Terror+1"],"picked":"Singing Bowl","floor":42},{"not_picked":["Poisoned Stab"],"picked":"Singing Bowl","floor":45},{"not_picked":["Underhanded Strike"],"picked":"Singing Bowl","floor":46},{"not_picked":["Dagger Throw"],"picked":"Singing Bowl","floor":47},{"not_picked":["Bane"],"picked":"Singing Bowl","floor":54}],"player_experience":1988807,"relics_obtained":[{"floor":6.0,"key":"MawBank"},{"floor":8.0,"key":"Bag of Preparation"},{"floor":9.0,"key":"Eternal Feather"},{"floor":13,"key":"Paper Crane"},{"floor":23,"key":"Omamori"},{"floor":25,"key":"Vajra"},{"floor":26,"key":"Thread and Needle"},{"floor":31,"key":"Singing Bowl"},{"floor":40,"key":"Art of War"},{"floor":42,"key":"PreservedInsect"},{"floor":54,"key":"Tingsha"}],"event_choices":[{"damage_healed":0.0,"max_hp_gain":0.0,"max_hp_loss":0.0,"gold_gain":0.0,"event_name":"Scrap Ooze","player_choice":"Success","floor":11.0,"gold_loss":0.0,"damage_taken":5.0,"relics_obtained":["Pen Nib"]},{"cards_removed":["Strike_G"],"damage_healed":0.0,"max_hp_gain":0.0,"max_hp_loss":0.0,"gold_gain":0.0,"event_name":"Living Wall","player_choice":"Forget","floor":12.0,"gold_loss":0.0,"damage_taken":0.0},{"cards_removed":["Strike_G"],"damage_healed":0,"gold_gain":0,"player_choice":"Upgrade and Remove","damage_taken":0,"max_hp_gain":0,"max_hp_loss":0,"event_name":"Designer","floor":20,"gold_loss":110,"cards_upgraded":["Dodge and Roll"]},{"damage_healed":0,"gold_gain":0,"player_choice":"Stole Relic","damage_taken":0,"relics_obtained":["War Paint"],"max_hp_gain":0,"max_hp_loss":0,"event_name":"Addict","floor":29,"gold_loss":0,"cards_obtained":["Shame"]},{"damage_healed":0,"gold_gain":0,"player_choice":"Bought 0 Potions","damage_taken":0,"max_hp_gain":0,"max_hp_loss":0,"event_name":"The Woman in Blue","floor":36,"gold_loss":0}],"is_beta":false,"boss_relics":[{"not_picked":["Calling Bell","HoveringKite"],"picked":"SlaversCollar"},{"not_picked":["Philosopher\u0027s Stone","SacredBark"],"picked":"Coffee Dripper"}],"items_purged_floors":[28],"is_endless":false,"potions_floor_spawned":[2,4,6,14,16,22,25,31,33,37,38,40,47,54],"ascension_level":15}}