{"host":"pr6x8hyknev46vut","time":1609812845,"event":{"mods":["Aspiration","BaseMod","CCEM","Colored Map","Colored Powertips","Downfall","Googly Eyes","Hermit","Highlight Path","Hubris","Minty Spire (QoL Compilation)","Permanent Neow","Replay The Spire","Shop Mod","Spicy Shops","StSLib","The Bug Knight","The Construct","The Cursed","The Disciple","The Necromancer","The Runesmith","The Servant 0.9.4"],"gold_per_floor":[349,349,349,349,359,79,104,115,145,145,20,36,36,21,37,140,140,15,35,35,46,46,46,46,59,22,37,57,89,39,50,61,157,157,107,126,138,138,157,175,254,354,364,314,314,108,127,161,171,171],"floor_reached":51,"playtime":2976,"items_purged":["Clumsy"],"score":751,"play_id":"01034cf5-5454-43eb-bfb3-9730e7d363f3","local_time":"20210105031405","is_ascension_mode":false,"campfire_choices":[{"floor":1.0,"key":"RECALL"},{"floor":11.0,"key":"REST"},{"data":"Slimebound:OozeBath","floor":18.0,"key":"SMITH"},{"data":"Slimebound:PrepareCrush","floor":23.0,"key":"SMITH"},{"data":"Pot Of Greed","floor":30.0,"key":"SMITH"},{"data":"Pot Of Greed","floor":35.0,"key":"SMITH"},{"data":"Pot Of Greed","floor":44.0,"key":"SMITH"}],"circlet_count":0,"master_deck":["Slimebound:Strike_Slimebound+1","Slimebound:Strike_Slimebound","Slimebound:Strike_Slimebound","Slimebound:Tackle","Slimebound:Defend_Slimebound","Slimebound:Defend_Slimebound","Slimebound:Defend_Slimebound","Slimebound:Defend_Slimebound","Slimebound:Split+1","Slimebound:CorrosiveSpit","Slimebound:GrowthPunch","Slimebound:SplitBruiser","Pot Of Greed","Pot Of Greed+1","Slimebound:ViciousTackle+1","Slimebound:SamplingLick","Slimebound:OozeBath+1","Slimebound:LivingWall","Slimebound:PrepareCrush+1","Slimebound:Nibble","Slimebound:SlimeSpikes","Slimebound:RallyTheTroops","Slimebound:GrowthPunch+1","Slimebound:Repurpose","Slimebound:MegaLick","Pot Of Greed+1","Slimebound:Equalize","Slimebound:LeechEnergy","Slimebound:SamplingLick","Slimebound:SpikyOuterGoop","Slimebound:LeechEnergy","Slimebound:Schlurp+1","Slimebound:SplitBruiser","Slimebound:SplitMire+1","Slimebound:TagTeam","Slimebound:Prepare+1","Slimebound:DisruptingSlam+1","Slimebound:GrowthPunch","Pot Of Greed+1","Slimebound:SlimeSpikes+1"],"relics":["Slimebound:AbsorbEndCombat","Slimebound:GreedOozeRelic","Grinning Jar","aspiration:ChemicalBlood","downfall:HeartBlessingRed","aspiration:FutureDiary","downfall:HeartBlessingBlue","Torii","hubris:Metronome","aspiration:SecretTechniqueScroll","Ring of Peace","Letter Opener","hubris:CrystalStatue","Oddly Smooth Stone","Runesmith:AutoHammer","ReplayTheSpireMod:Shallot","CCEMRelics:OldTooth"],"acts_visited":["Exordium","TheCity","TheBeyond"],"potions_floor_usage":[49,50,50],"damage_taken":[{"damage":11.0,"enemies":"2 Louse","floor":5.0,"turns":3.0},{"damage":12.0,"enemies":"downfall:FleeingMerchant","floor":6.0,"turns":4.0},{"damage":21.0,"enemies":"Jaw Worm","floor":8.0,"turns":2.0},{"damage":28.0,"enemies":"3 Sentries","floor":9.0,"turns":5.0},{"damage":11.0,"enemies":"Small Slimes","floor":12.0,"turns":2.0},{"damage":25.0,"enemies":"downfall:FleeingMerchant","floor":14.0,"turns":4.0},{"damage":11.0,"enemies":"3 Louse","floor":15.0,"turns":2.0},{"damage":39.0,"enemies":"downfall:Silent","floor":16.0,"turns":7.0},{"damage":16.0,"enemies":"Shell Parasite","floor":19.0,"turns":3.0},{"damage":20.0,"enemies":"3 Cultists","floor":21.0,"turns":4.0},{"damage":35.0,"enemies":"Sentry and Sphere","floor":25.0,"turns":6.0},{"damage":16.0,"enemies":"downfall:FleeingMerchant","floor":26.0,"turns":4.0},{"damage":20.0,"enemies":"Chosen and Byrds","floor":27.0,"turns":5.0},{"damage":13.0,"enemies":"Snecko","floor":28.0,"turns":3.0},{"damage":16.0,"enemies":"HollowMod:Nosk","floor":29.0,"turns":5.0},{"damage":35.0,"enemies":"Centurion and Healer","floor":31.0,"turns":3.0},{"damage":26.0,"enemies":"Shelled Parasite and Fungi","floor":32.0,"turns":4.0},{"damage":58.0,"enemies":"downfall:Watcher","floor":33.0,"turns":6.0},{"damage":33.0,"enemies":"3 Darklings","floor":36.0,"turns":4.0},{"damage":18.0,"enemies":"3 Shapes","floor":37.0,"turns":3.0},{"damage":27.0,"enemies":"Writhing Mass","floor":39.0,"turns":4.0},{"damage":20.0,"enemies":"3 Darklings","floor":40.0,"turns":3.0},{"damage":16.0,"enemies":"Maw","floor":43.0,"turns":6.0},{"damage":0.0,"enemies":"downfall:FleeingMerchant","floor":46.0,"turns":2.0},{"damage":0,"enemies":"Sphere and 2 Shapes","floor":47,"turns":3},{"damage":24,"enemies":"Reptomancer","floor":48,"turns":4},{"damage":23,"enemies":"Spire Growth","floor":49,"turns":4},{"damage":29,"enemies":"downfall:Defect","floor":50,"turns":6}],"seed_played":"6651775892161932782","potions_obtained":[{"floor":5.0,"key":"SpeedPotion"},{"floor":9.0,"key":"Guardian:BlockOnCardUsePotion"},{"floor":15.0,"key":"Adrenaline Potion"},{"floor":16.0,"key":"construct:ShiftPotion"},{"floor":16.0,"key":"SkillPotion"},{"floor":16.0,"key":"LifebloodPotion"},{"floor":21.0,"key":"Guardian:BlockOnCardUsePotion"},{"floor":29.0,"key":"Swift Potion"},{"floor":31.0,"key":"Slimebound:SlimedPotion"},{"floor":32.0,"key":"AttackPotion"},{"floor":32.0,"key":"Slimebound:ThreeZeroPotion"},{"floor":33.0,"key":"BlessingOfTheForge"},{"floor":36.0,"key":"Doom Potion"},{"floor":36.0,"key":"SteroidPotion"},{"floor":39.0,"key":"Weak Potion"},{"floor":49,"key":"LiquidBronze"},{"floor":50,"key":"SteroidPotion"},{"floor":50,"key":"ColorlessPotion"}],"is_trial":false,"path_per_floor":["R","?","?","?","M","$","T","M","E","T","R","M","?","$","M","B",null,"R","M","$","M","?","R","T","M","$","M","M","E","R","M","M","B",null,"R","M","M","?","M","M","T","?","M","R","T","$","M","E","M","B",null],"character_chosen":"SLIMEBOUND","items_purchased":["Grinning Jar","Slimebound:ViciousTackle+1","Slimebound:SamplingLick","Oddly Smooth Stone","Runesmith:AutoHammer","ReplayTheSpireMod:Shallot"],"campfire_rested":1,"item_purchase_floors":[6,6,26,46,46,46],"current_hp_per_floor":[60,60,60,60,60,60,60,55,43,43,60,57,57,51,48,41,60,70,70,70,70,70,70,70,49,63,69,70,70,70,59,61,47,70,70,70,65,65,64,70,70,70,70,70,70,70,70,66,64,69],"gold":171,"neow_bonus":"TWO_FIFTY_GOLD","is_daily":false,"chose_seed":false,"campfire_upgraded":5,"win_rate":0.0,"timestamp":1609812845,"path_taken":["R","?","?","?","M","$","T","M","E","?","R","M","?","$","M","BOSS","R","M","?","M","?","R","T","?","$","M","M","E","R","?","M","BOSS","R","M","M","?","M","M","T","?","?","R","?","$","M","E","M","BOSS"],"items_purchased_type":["Relic","Card","Card","Relic","Relic","Relic"],"build_version":"2020-12-22","purchased_purges":1,"victory":true,"max_hp_per_floor":[60,60,60,60,60,60,60,60,60,60,60,60,60,60,60,60,60,70,70,70,70,70,70,70,70,70,70,70,70,70,70,70,70,70,70,70,70,70,70,70,70,70,70,70,70,70,70,70,70,70],"card_choices":[{"not_picked":["Slimebound:ComboTackle","Slimebound:SlimeSpikes"],"picked":"Slimebound:GrowthPunch","floor":5.0},{"not_picked":["Slimebound:Teamwork","Slimebound:Dissolve"],"picked":"Slimebound:SplitBruiser","floor":6.0},{"not_picked":["Slimebound:SpikyOuterGoop","Slimebound:FirmFortitude"],"picked":"Slimebound:SamplingLick","floor":8.0},{"not_picked":["Slimebound:DouseInSlime","Slimebound:GoopSpray"],"picked":"Slimebound:OozeBath","floor":9.0},{"not_picked":["Slimebound:SplitAcid","Slimebound:ServeAndProtect"],"picked":"Slimebound:LivingWall","floor":12.0},{"not_picked":["Slimebound:DivideAndConquer","Slimebound:SplitBruiser"],"picked":"Slimebound:Nibble","floor":14.0},{"not_picked":["Slimebound:DivideAndConquer","Slimebound:ServeAndProtect"],"picked":"Slimebound:SlimeSpikes","floor":15.0},{"not_picked":["Slimebound:OozeBath","Slimebound:Overexert"],"picked":"Slimebound:RallyTheTroops","floor":16.0},{"not_picked":["Slimebound:SplitBruiser","Slimebound:FlameTackle"],"picked":"Slimebound:GrowthPunch+1","floor":19.0},{"not_picked":["Slimebound:SlimeTap","Slimebound:ServeAndProtect"],"picked":"Slimebound:Repurpose","floor":21.0},{"not_picked":["Slimebound:GrowthPunch","Slimebound:SplitBruiser"],"picked":"Slimebound:Equalize","floor":25.0},{"not_picked":["Slimebound:SpikyOuterGoop+1","Slimebound:SplitBruiser"],"picked":"Slimebound:LeechEnergy","floor":26.0},{"not_picked":["Slimebound:RollThrough","Slimebound:ComboTackle+1"],"picked":"Slimebound:SpikyOuterGoop","floor":27.0},{"not_picked":["Slimebound:DisruptingSlam","Slimebound:DivideAndConquer"],"picked":"Slimebound:LeechEnergy","floor":28.0},{"not_picked":["Slimebound:GrowthPunch","Slimebound:CheckThePlaybook"],"picked":"Slimebound:Schlurp+1","floor":29.0},{"not_picked":["Slimebound:ForwardTackle","Slimebound:Grow"],"picked":"Slimebound:SplitBruiser","floor":31.0},{"not_picked":["Slimebound:Gluttony","Slimebound:LeechingTouch"],"picked":"Slimebound:SplitMire+1","floor":32.0},{"not_picked":["Slimebound:SlimeSlap","Slimebound:PrepareCrush"],"picked":"Slimebound:TagTeam","floor":33.0},{"not_picked":["Slimebound:GrowthPunch+1","Slimebound:Dissolve+1"],"picked":"Slimebound:Prepare+1","floor":36.0},{"not_picked":["Slimebound:GoopTackle+1","Slimebound:SplitMire+1"],"picked":"Slimebound:DisruptingSlam+1","floor":37.0},{"not_picked":["Slimebound:GoopSpray","Slimebound:ComboTackle"],"picked":"Slimebound:GrowthPunch","floor":39.0},{"not_picked":["Slimebound:Prepare+1","Slimebound:LeechEnergy"],"picked":"Slimebound:SlimeSpikes+1","floor":40.0},{"not_picked":["Slimebound:SpikyOuterGoop","Slimebound:GrowthPunch","Slimebound:RollThrough+1"],"picked":"SKIP","floor":43.0},{"not_picked":["Slimebound:FormOfPuddle+1","Slimebound:GoopSpray+1","Slimebound:LevelUp"],"picked":"SKIP","floor":47},{"not_picked":["Slimebound:SplitLeeching","Slimebound:Teamwork","Slimebound:LeadByExample"],"picked":"SKIP","floor":48},{"not_picked":["Slimebound:LeechEnergy+1","Slimebound:SplitMire+1","Slimebound:FinishingTackle+1"],"picked":"SKIP","floor":49}],"player_experience":77906,"relics_obtained":[{"floor":9.0,"key":"aspiration:ChemicalBlood"},{"floor":10.0,"key":"Bottled Flame"},{"floor":24.0,"key":"Torii"},{"floor":29.0,"key":"hubris:Metronome"},{"floor":38.0,"key":"Ring of Peace"},{"floor":41.0,"key":"Letter Opener"},{"floor":45.0,"key":"hubris:CrystalStatue"},{"floor":48,"key":"CCEMRelics:OldTooth"}],"event_choices":[],"is_beta":false,"boss_relics":[{"not_picked":["aspiration:IroncladSkillbook","ChewingGum"],"picked":"aspiration:FutureDiary"},{"not_picked":["hubris:VirtuousBlindfold","Philosopher\u0027s Stone"],"picked":"aspiration:SecretTechniqueScroll"}],"items_purged_floors":[6],"is_endless":false,"potions_floor_spawned":[5,9,16,25,27,29,32,33,36,39,43],"ascension_level":0}}