{"host":"tq7pufgtqftqw8yr","time":1609832255,"event":{"mods":["BaseMod","Downfall","Minty Spire (QoL Compilation)","StSLib"],"gold_per_floor":[99,111,121,132,50,50,50,67,167,179,195,213,138,138,148,148,148],"floor_reached":16,"playtime":1026,"items_purged":[],"score":96,"play_id":"d1c884aa-64bc-4a6f-8551-7ebbbf7ffeb2","local_time":"20210105153735","is_ascension_mode":false,"campfire_choices":[{"floor":1.0,"key":"RECALL"},{"data":"sneckomod:CheapStock","floor":6.0,"key":"SMITH"},{"floor":13.0,"key":"REST"}],"circlet_count":0,"master_deck":["sneckomod:Strike","sneckomod:Strike+1","sneckomod:Strike+1","sneckomod:Defend","sneckomod:Defend","sneckomod:Defend","sneckomod:TailWhip","sneckomod:SnekBite+1","sneckomod:Unknown","sneckomod:Unknown","sneckomod:UnknownClassGREEN","sneckomod:UnknownBlock+2","sneckomod:UnknownStrength","sneckomod:DiceBlock","sneckomod:UnknownStrength+2","sneckomod:CheapStock+1","sneckomod:UnknownRarePower","hexamod:SixthSeal","sneckomod:UnknownExhaust","sneckomod:QuickMove"],"relics":["sneckomod:SneckoSoul","Blue Candle","Potion Belt","downfall:HeartBlessingRed"],"acts_visited":["Exordium"],"potions_floor_usage":[16,16],"damage_taken":[{"damage":0.0,"enemies":"Cultist","floor":2.0,"turns":2.0},{"damage":6.0,"enemies":"Jaw Worm","floor":3.0,"turns":2.0},{"damage":0.0,"enemies":"2 Louse","floor":4.0,"turns":2.0},{"damage":0.0,"enemies":"downfall:FleeingMerchant","floor":5.0,"turns":4.0},{"damage":8.0,"enemies":"Red Slaver","floor":8.0,"turns":4.0},{"damage":31.0,"enemies":"downfall:LadyInBlue","floor":9.0,"turns":9.0},{"damage":19.0,"enemies":"Exordium Thugs","floor":10.0,"turns":6.0},{"damage":2.0,"enemies":"Exordium Wildlife","floor":11.0,"turns":5.0},{"damage":2.0,"enemies":"Blue Slaver","floor":12.0,"turns":5.0},{"damage":11.0,"enemies":"3 Louse","floor":15.0,"turns":4.0},{"damage":47,"enemies":"downfall:Defect","floor":16,"turns":5}],"seed_played":"-1433788047213874768","potions_obtained":[{"floor":2.0,"key":"Fire Potion"},{"floor":8.0,"key":"Fire Potion"},{"floor":9.0,"key":"Ancient Potion"},{"floor":9.0,"key":"SpeedPotion"},{"floor":9.0,"key":"Strength Potion"},{"floor":11.0,"key":"BlessingOfTheForge"},{"floor":12.0,"key":"Fire Potion"},{"floor":15.0,"key":"Strength Potion"}],"is_trial":false,"path_per_floor":["R","M","M","M","$","R","T","M","?","M","M","M","R","?","M","B"],"character_chosen":"THE_SNECKO","items_purchased":["sneckomod:CheapStock"],"campfire_rested":1,"item_purchase_floors":[5],"current_hp_per_floor":[91,92,87,87,88,88,88,80,50,31,30,28,56,56,45,0,0],"gold":148,"neow_bonus":"THREE_CARDS","is_daily":false,"chose_seed":false,"campfire_upgraded":1,"win_rate":0.0,"timestamp":1609832255,"path_taken":["R","M","M","M","?","R","T","M","?","M","M","?","R","?","M","BOSS"],"items_purchased_type":["Card"],"build_version":"2020-12-22","purchased_purges":0,"victory":false,"max_hp_per_floor":[91,92,93,93,94,94,94,94,95,95,96,96,96,96,96,96,96],"card_choices":[{"not_picked":["sneckomod:UnknownClassGUARDIAN","sneckomod:SoulDraw"],"picked":"sneckomod:UnknownClassGREEN","floor":0.0},{"not_picked":["sneckomod:UnknownClassGUARDIAN","sneckomod:SoulDraw"],"picked":"sneckomod:UnknownBlock","floor":2.0},{"not_picked":["sneckomod:IronFang","sneckomod:DiceCrush"],"picked":"sneckomod:UnknownStrength","floor":3.0},{"not_picked":["sneckomod:QuickMove","sneckomod:UnknownWeak"],"picked":"sneckomod:DiceBlock","floor":4.0},{"not_picked":["sneckomod:UnknownClassRED","sneckomod:SoulRoll"],"picked":"sneckomod:UnknownStrength","floor":5.0},{"not_picked":["sneckomod:RainOfDice","sneckomod:UnknownCommonSkill","sneckomod:MasterEye"],"picked":"SKIP","floor":8.0},{"not_picked":["sneckomod:UnknownStrike","sneckomod:IronFang"],"picked":"sneckomod:UnknownRarePower","floor":9.0},{"not_picked":["hexamod:FourthSeal","hexamod:FirstSeal"],"picked":"hexamod:SixthSeal","floor":10.0},{"not_picked":["sneckomod:TrashToTreasure","sneckomod:QuickBite","sneckomod:Nope"],"picked":"SKIP","floor":10.0},{"not_picked":["sneckomod:SoulDraw","sneckomod:UnknownVulnerable"],"picked":"sneckomod:UnknownExhaust","floor":11.0},{"not_picked":["sneckomod:UnknownWeak","sneckomod:UnknownBlock","sneckomod:UnknownX"],"picked":"SKIP","floor":12.0},{"not_picked":["sneckomod:UnknownCommonAttack","sneckomod:UnknownDexterity"],"picked":"sneckomod:QuickMove","floor":15.0}],"player_experience":786299,"relics_obtained":[{"floor":7.0,"key":"Blue Candle"},{"floor":9.0,"key":"Potion Belt"}],"event_choices":[{"damage_healed":0.0,"max_hp_gain":0.0,"max_hp_loss":0.0,"gold_gain":0.0,"event_name":"Accursed Blacksmith","player_choice":"Forge","floor":14.0,"gold_loss":0.0,"damage_taken":0.0,"cards_upgraded":["sneckomod:SnekBite"]}],"is_beta":false,"boss_relics":[],"items_purged_floors":[],"is_endless":false,"potions_floor_spawned":[2,8,11,12,15],"killed_by":"downfall:Defect","ascension_level":0}}