{"host":"w2kjv12xyhtt0cv2","time":1609867280,"event":{"mods":["Act Like it!","BaseMod","Colored Map","Friendly Minions","Gensokyo","Highlight Path","Hubris","Kiyohime（清姬）","Marisa（F雨　魔理沙）","Minty Spire (QoL Compilation)","Quick Restart","Reimu（博丽灵梦）","Relic Stats","Replay The Spire","RumiaBox-露米娅的神秘盒子","Shop Mod","Spicy Shops","StSLib","The Cursed","The Servant 0.9.4","UnlockEverythingMod","Waifu the Spire","[功能]功能增强和修复MOD","vexMod","【功能Mod】Neow奖励","【遗物卡牌】REMEMod","没有小屋子和绿帽子啦"],"gold_per_floor":[117,117,117,49,68,103,103,136,162,162,176,209,230,255,255,378,478,492,452,121,121,3,86,86,86,86,120,179,179,179,214,214,379,379,443,1442,362,427,427,515,618,618,618,704,704,773,854,957,957,957,957,957,423,459,459],"floor_reached":56,"playtime":3991,"items_purged":["Pain","Normality","Normality"],"score":2125,"play_id":"686bd8df-b0bf-4867-8cb6-27b11e380005","local_time":"20210106012120","is_ascension_mode":true,"campfire_choices":[{"floor":15.0,"key":"DIG"},{"data":"Jack Of All Trades","floor":25.0,"key":"SMITH"},{"data":"SignatureMove","floor":30.0,"key":"SMITH"},{"data":"KiyohimeMod:Servant_TamamoNoMae","floor":32.0,"key":"SMITH"},{"floor":42.0,"key":"DIG"},{"floor":49,"key":"RECALL"},{"floor":52,"key":"DIG"}],"circlet_count":0,"master_deck":["KiyohimeMod:Strike","KiyohimeMod:Strike","KiyohimeMod:Strike+1","KiyohimeMod:Strike","KiyohimeMod:Defend+1","KiyohimeMod:Defend+1","KiyohimeMod:Defend+1","KiyohimeMod:Track+1","KiyohimeMod:FlameKiss+1","KiyohimeMod:Shapeshift+1","SignatureMove+1","KiyohimeMod:ExSpicyMapoTofu+1","hubris:Insight","Jack Of All Trades+1","hubris:EnhanceAbility+1","Replay:BasicMightCard+1","Replay:Bootleg Shield Generator","KiyohimeMod:Servant_TamamoNoMae+1","REME_MawOfCthun+1","KiyohimeMod:EatSoul+1","KiyohimeMod:FacelessMoon+1","KiyohimeMod:CelestialInvertedMoon+1","KiyohimeMod:Preemptive+1","Trip+1","KiyohimeMod:MagicCrystal+1","KiyohimeMod:ImaginaryNumberMagecraft+1","KiyohimeMod:AgainstMagic+1","KiyohimeMod:AgainstMagic+1","KiyohimeMod:Projection+1","Chrysalis+1","KiyohimeMod:Grimoire+1"],"relics":["REME_ComplimentaryCards","REME_LowDesire","Nunchaku","Ancient Tea Set","Golden Idol","Replay:Mystery Machine","MagicDraw3","MoreBug","War Paint","LastBattle","Anchor","Replay:Wanted Poster","ZunR:ReiMu","Bronze Scales","TungstenRod","ReplayTheSpireMod:Ring of Exchange","ReplayTheSpireMod:Ring of Challenge","hubris:Zylophone","ReplayTheSpireMod:CursedCoin","Mango","Mastiff:ReiMu","hubris:BottledHeart","Toxic Egg 2","Centennial Puzzle","ReplayTheSpireMod:Lightbulb","vexMod:ImprovementManual","Blue Doll","vexMod:InvisibilityCloak","Strawberry","Shovel","Replay:Rubber Ducky","REME_HandOfSuture","Dead Branch","Replay:Accelerometer","Vajra","GodSword7","Juzu Bracelet","Art of War","CatCart","Onion Ring","vexMod:Spyglass","vexMod:GhostlyGear","Replay:Wax Seal","GodSword5","hubris:NiceRug","Replay:Baseball","Bottled Flame","Toy Ornithopter"],"acts_visited":["Exordium","TheCity","TheBeyond","TheEnding"],"potions_floor_usage":[47,48,53,53,55],"damage_taken":[{"damage":0.0,"enemies":"Cultist","floor":1.0,"turns":2.0},{"damage":0.0,"enemies":"Small Slimes","floor":5.0,"turns":3.0},{"damage":0.0,"enemies":"3 Sentries","floor":6.0,"turns":8.0},{"damage":11.0,"enemies":"Lagavulin","floor":8.0,"turns":4.0},{"damage":0.0,"enemies":"Jaw Worm","floor":11.0,"turns":2.0},{"damage":0.0,"enemies":"3 Sentries","floor":12.0,"turns":5.0},{"damage":0.0,"enemies":"Red Slaver","floor":13.0,"turns":2.0},{"damage":17.0,"enemies":"Exordium Thugs","floor":14.0,"turns":5.0},{"damage":0.0,"enemies":"Hexaghost","floor":16.0,"turns":4.0},{"damage":0.0,"enemies":"2 Thieves","floor":18.0,"turns":4.0},{"damage":42.0,"enemies":"Replay:Snechameleon","floor":23.0,"turns":6.0},{"damage":0.0,"enemies":"Gremlin Leader","floor":27.0,"turns":3.0},{"damage":0.0,"enemies":"Spheric Guardian","floor":28.0,"turns":6.0},{"damage":0.0,"enemies":"Book of Stabbing","floor":31.0,"turns":6.0},{"damage":0.0,"enemies":"Collector","floor":33.0,"turns":5.0},{"damage":0.0,"enemies":"3 Shapes","floor":35.0,"turns":5.0},{"damage":0.0,"enemies":"Orb Walker","floor":38.0,"turns":2.0},{"damage":0.0,"enemies":"Nemesis","floor":40.0,"turns":7.0},{"damage":0.0,"enemies":"2 Orb Walkers","floor":41.0,"turns":2.0},{"damage":0.0,"enemies":"R_Hoarder","floor":44.0,"turns":5.0},{"damage":0.0,"enemies":"Maw","floor":46.0,"turns":8.0},{"damage":0,"enemies":"Reptomancer","floor":47,"turns":4},{"damage":0,"enemies":"Orin","floor":48,"turns":4},{"damage":0,"enemies":"Donu and Deca","floor":50,"turns":5},{"damage":0,"enemies":"hubris:Merchant","floor":53,"turns":3},{"damage":0,"enemies":"Shield and Spear","floor":54,"turns":3},{"damage":0,"enemies":"The Heart","floor":55,"turns":6}],"seed_played":"766763422009825946","potions_obtained":[{"floor":1.0,"key":"ColorlessPotion"},{"floor":11.0,"key":"LifebloodPotion"},{"floor":11.0,"key":"Flashbang"},{"floor":12.0,"key":"BlessingOfTheForge"},{"floor":14.0,"key":"Languid Potion"},{"floor":16.0,"key":"Explosive Potion"},{"floor":18.0,"key":"LiquidBronze"},{"floor":28.0,"key":"Fruit Juice"},{"floor":33.0,"key":"Venom Potion"},{"floor":35.0,"key":"Strength Potion"},{"floor":46.0,"key":"Milkshake"},{"floor":47,"key":"Explosive Potion"},{"floor":53,"key":"AttackPotion"},{"floor":53,"key":"SmokeBomb"}],"is_trial":false,"path_per_floor":["M","?","?","$","M","E","?","E","T","?","M","E","M","M","R_BF","B",null,"M","?","$","?","$","E","?","R","T","E","M","?","R","E","R","B",null,"M","?","$","M","?","E","?","R","T","E","?","M","E","?","R","B",null,"R","$","E","B",null],"character_chosen":"Kiyohime","items_purchased":["Replay:Mystery Machine","Bronze Scales","TungstenRod","Explosive Potion","hubris:Zylophone","ReplayTheSpireMod:CursedCoin","Mango","vexMod:InvisibilityCloak","Strawberry","Shovel","Replay:Rubber Ducky","KiyohimeMod:CelestialInvertedMoon+1","KiyohimeMod:AgainstMagic+1","KiyohimeMod:Projection+1","vexMod:Spyglass","vexMod:GhostlyGear","Replay:Wax Seal","GodSword5","Chrysalis+1","Adrenaline Potion","Venom Potion"],"campfire_rested":0,"item_purchase_floors":[4,20,20,22,22,22,22,37,37,37,37,37,53,53,53,53,53,53,53,53,53],"current_hp_per_floor":[60,56,56,56,56,56,45,34,34,34,39,44,49,44,44,49,54,56,56,56,56,70,41,1,1,1,1,1,1,1,1,1,1,1,1,1,1,1,1,1,1,1,1,1,1,1,1,1,1,1,1,1,1,1,1],"gold":459,"neow_bonus":"BOSS_RELIC","is_daily":false,"chose_seed":false,"campfire_upgraded":3,"win_rate":0.0,"timestamp":1609867280,"path_taken":["M","?","?","?","?","E","?","E","T","?","?","E","M","M","R_BF","BOSS","M","?","$","?","$","E","?","R","T","E","M","?","R","E","R","BOSS","M","?","$","M","?","E","?","R","T","E","?","?","E","?","R","BOSS","R","$","E","BOSS"],"items_purchased_type":["Relic","Relic","Relic","Potion","Relic","Relic","Relic","Relic","Relic","Relic","Relic","Card","Card","Card","Relic","Relic","Relic","Relic","Card","Potion","Potion"],"build_version":"2020-12-22","purchased_purges":3,"victory":true,"max_hp_per_floor":[60,56,56,56,56,56,56,56,56,56,56,56,56,56,56,56,56,56,56,56,56,70,70,1,1,1,1,1,1,1,1,1,1,1,1,1,1,1,1,1,1,1,1,1,1,1,1,1,1,1,1,1,1,1,1],"relic_stats":{"counters":[27,119],"Golden Idol":306,"Dead Branch":[90],"Juzu Bracelet":0,"War Paint":["KiyohimeMod:Defend","KiyohimeMod:Defend"],"Nunchaku":[23],"Centennial Puzzle":[0],"Shovel":3,"Bronze Scales":[232],"Art of War":[0],"obtain_stats":[{"Replay:Accelerometer":42,"ZunR:ReiMu":19,"Vajra":44,"MagicDraw3":6,"Replay:Wanted Poster":17,"KiyohimeMod:FireDragon":0,"vexMod:InvisibilityCloak":37,"Centennial Puzzle":27,"Mastiff:ReiMu":23,"Strawberry":37,"Toxic Egg 2":26,"Replay:Wax Seal":53,"MoreBug":8,"ReplayTheSpireMod:CursedCoin":22,"Dead Branch":41,"War Paint":9,"hubris:Zylophone":22,"vexMod:GhostlyGear":53,"Replay:Baseball":53,"Bottled Flame":53,"hubris:BottledHeart":24,"Bronze Scales":20,"Onion Ring":52,"GodSword7":44,"GodSword5":53,"CatCart":48,"vexMod:ImprovementManual":34,"ReplayTheSpireMod:Ring of Exchange":21,"Mango":22,"Blue Doll":35,"Juzu Bracelet":46,"Replay:Mystery Machine":4,"Ancient Tea Set":0,"vexMod:Spyglass":53,"Replay:Rubber Ducky":37,"Nunchaku":0,"Shovel":37,"REME_LowDesire":0,"Golden Idol":2,"LastBattle":12,"Anchor":15,"REME_HandOfSuture":40,"Art of War":47,"ReplayTheSpireMod:Ring of Challenge":21,"ReplayTheSpireMod:Lightbulb":31,"TungstenRod":20,"Toy Ornithopter":54,"REME_ComplimentaryCards":0,"hubris:NiceRug":53},{"Replay:Accelerometer":19,"ZunR:ReiMu":10,"Vajra":20,"MagicDraw3":3,"Replay:Wanted Poster":9,"KiyohimeMod:FireDragon":0,"vexMod:InvisibilityCloak":16,"Centennial Puzzle":12,"Mastiff:ReiMu":11,"Strawberry":16,"Toxic Egg 2":11,"Replay:Wax Seal":24,"MoreBug":4,"ReplayTheSpireMod:CursedCoin":10,"Dead Branch":19,"War Paint":4,"hubris:Zylophone":10,"vexMod:GhostlyGear":24,"Replay:Baseball":25,"Bottled Flame":25,"hubris:BottledHeart":11,"Bronze Scales":10,"Onion Ring":24,"GodSword7":20,"GodSword5":24,"CatCart":23,"vexMod:ImprovementManual":15,"ReplayTheSpireMod:Ring of Exchange":10,"Mango":10,"Blue Doll":16,"Juzu Bracelet":21,"Replay:Mystery Machine":1,"Ancient Tea Set":0,"vexMod:Spyglass":24,"Replay:Rubber Ducky":16,"Nunchaku":0,"Shovel":16,"REME_LowDesire":0,"Golden Idol":1,"LastBattle":6,"Anchor":8,"REME_HandOfSuture":18,"Art of War":22,"ReplayTheSpireMod:Ring of Challenge":10,"ReplayTheSpireMod:Lightbulb":14,"TungstenRod":10,"Toy Ornithopter":26,"REME_ComplimentaryCards":0,"hubris:NiceRug":25},{"Replay:Accelerometer":81,"ZunR:ReiMu":39,"Vajra":86,"MagicDraw3":13,"Replay:Wanted Poster":35,"KiyohimeMod:FireDragon":0,"vexMod:InvisibilityCloak":70,"Centennial Puzzle":48,"Mastiff:ReiMu":45,"Strawberry":70,"Toxic Egg 2":45,"Replay:Wax Seal":107,"MoreBug":17,"ReplayTheSpireMod:CursedCoin":39,"Dead Branch":81,"War Paint":17,"hubris:Zylophone":39,"vexMod:GhostlyGear":107,"Replay:Baseball":110,"Bottled Flame":110,"hubris:BottledHeart":45,"Bronze Scales":39,"Onion Ring":107,"GodSword7":86,"GodSword5":107,"CatCart":102,"vexMod:ImprovementManual":65,"ReplayTheSpireMod:Ring of Exchange":39,"Mango":39,"Blue Doll":70,"Juzu Bracelet":92,"Replay:Mystery Machine":2,"Ancient Tea Set":0,"vexMod:Spyglass":107,"Replay:Rubber Ducky":70,"Nunchaku":0,"Shovel":70,"REME_LowDesire":0,"Golden Idol":2,"LastBattle":24,"Anchor":31,"REME_HandOfSuture":79,"Art of War":98,"ReplayTheSpireMod:Ring of Challenge":39,"ReplayTheSpireMod:Lightbulb":60,"TungstenRod":39,"Toy Ornithopter":113,"REME_ComplimentaryCards":0,"hubris:NiceRug":110}],"TungstenRod":10,"Toy Ornithopter":0},"card_choices":[{"not_picked":["KiyohimeMod:EatSoul","KiyohimeMod:GreenBlackKey","KiyohimeMod:AndSoTheShipConquers"],"picked":"vexMod:StairwayStrike","floor":1.0},{"not_picked":["KiyohimeMod:Tenacious","KiyohimeMod:RedBlackKey","KiyohimeMod:AgainstMagic","REME_MagicPocketWatch"],"picked":"SKIP","floor":5.0},{"not_picked":["KiyohimeMod:Fragarach","KiyohimeMod:DragonVein","KiyohimeMod:ImaginaryAround"],"picked":"hubris:Insight","floor":6.0},{"not_picked":["KiyohimeMod:RedBlackKey","KiyohimeMod:LimitedZeroOver","KiyohimeMod:Berserker","Swift Strike"],"picked":"SKIP","floor":8.0},{"not_picked":["KiyohimeMod:RedBlackKey","KiyohimeMod:AgainstMagic","KiyohimeMod:BlueBlackKey"],"picked":"hubris:EnhanceAbility","floor":11.0},{"not_picked":["KiyohimeMod:Berserker","KiyohimeMod:CommandCard_Buster","KiyohimeMod:WaterTurn","HandOfGreed"],"picked":"SKIP","floor":12.0},{"not_picked":["KiyohimeMod:EatSoul","KiyohimeMod:Tenacious","KiyohimeMod:DivineConstruct"],"picked":"hubris:EnhanceAbility","floor":13.0},{"not_picked":["KiyohimeMod:BeastOfBillows","KiyohimeMod:LimitedZeroOver","KiyohimeMod:CommandCard_Arts","Replay:Sssssssssstrike"],"picked":"SKIP","floor":14.0},{"not_picked":["KiyohimeMod:GoldenCarpFigure","KiyohimeMod:PrismaCosmos","KiyohimeMod:MagicCrystal"],"picked":"Replay:BasicMightCard","floor":16.0},{"not_picked":["KiyohimeMod:EatSoul","KiyohimeMod:AndSoTheShipConquers+1","KiyohimeMod:BlueBlackKey+1"],"picked":"Replay:Bootleg Shield Generator","floor":18.0},{"not_picked":["KiyohimeMod:RedBlackKey","KiyohimeMod:AndSoTheShipConquers","REME_EyeOfCthun"],"picked":"KiyohimeMod:Servant_TamamoNoMae","floor":23.0},{"not_picked":["KiyohimeMod:Servant_TamamoNoMae+1","KiyohimeMod:WaterTurn+1","KiyohimeMod:SteelTraining+1"],"picked":"REME_MawOfCthun+1","floor":27.0},{"not_picked":["KiyohimeMod:Preemptive","KiyohimeMod:RealityMarble","KiyohimeMod:GreenBlackKey"],"picked":"Thinking Ahead+1","floor":28.0},{"not_picked":["KiyohimeMod:Fragarach","KiyohimeMod:BeElegant+1","hubris:Ssssneak+1"],"picked":"KiyohimeMod:EatSoul+1","floor":31.0},{"not_picked":["KiyohimeMod:MagicCrystal+1","KiyohimeMod:FiringTheFirstArrow","Replay:Bootleg Shield Generator+1"],"picked":"KiyohimeMod:FacelessMoon+1","floor":33.0},{"not_picked":["KiyohimeMod:CommandCard_Quick","KiyohimeMod:WaterTurn+1","KiyohimeMod:RedBlackKey+1","vexMod:StairwayStrike"],"picked":"SKIP","floor":35.0},{"not_picked":["KiyohimeMod:RealityMarble+1","KiyohimeMod:Tenacious","ReplayTheSpireMod:Necrogeddon"],"picked":"KiyohimeMod:Preemptive+1","floor":38.0},{"not_picked":["KiyohimeMod:ImaginaryAround+1","KiyohimeMod:EatSoul+1","KiyohimeMod:BlueBlackKey+1","REME_PuzzleBox+1"],"picked":"SKIP","floor":40.0},{"not_picked":["KiyohimeMod:WaterTurn+1","KiyohimeMod:BlueBlackKey+1","KiyohimeMod:EatSoul+1"],"picked":"Trip+1","floor":41.0},{"not_picked":["KiyohimeMod:HydraDagger","KiyohimeMod:GreenBlackKey","HandOfGreedSenior+1"],"picked":"KiyohimeMod:MagicCrystal+1","floor":44.0},{"not_picked":["KiyohimeMod:Fragarach","KiyohimeMod:Preemptive","KiyohimeMod:SteelTraining+1","Replay:Sssssssssstrike"],"picked":"SKIP","floor":46.0},{"not_picked":["KiyohimeMod:RedBlackKey+1","KiyohimeMod:WaterTurn+1","Flash of Steel+1"],"picked":"KiyohimeMod:ImaginaryNumberMagecraft+1","floor":47},{"not_picked":["KiyohimeMod:EatSoul+1","KiyohimeMod:Preemptive+1","Midas Touch+1"],"picked":"KiyohimeMod:AgainstMagic+1","floor":48},{"not_picked":["KiyohimeMod:BlueBlackKey+1"],"picked":"SKIP","floor":53},{"not_picked":["KiyohimeMod:HydraDagger"],"picked":"SKIP","floor":53},{"not_picked":["KiyohimeMod:Tenacious"],"picked":"SKIP","floor":53},{"not_picked":["Dramatic Entrance"],"picked":"SKIP","floor":53},{"not_picked":["KiyohimeMod:EatSoul+1","KiyohimeMod:Berserker","Mind Blast"],"picked":"KiyohimeMod:Grimoire+1","floor":54}],"player_experience":108808,"relics_obtained":[{"floor":0.0,"key":"Nunchaku"},{"floor":0.0,"key":"Ancient Tea Set"},{"floor":6.0,"key":"MagicDraw3"},{"floor":8.0,"key":"MoreBug"},{"floor":9.0,"key":"War Paint"},{"floor":12.0,"key":"LastBattle"},{"floor":15.0,"key":"Anchor"},{"floor":21.0,"key":"ReplayTheSpireMod:Ring of Exchange"},{"floor":21.0,"key":"ReplayTheSpireMod:Ring of Challenge"},{"floor":23.0,"key":"Mastiff:ReiMu"},{"floor":26.0,"key":"Toxic Egg 2"},{"floor":27.0,"key":"Centennial Puzzle"},{"floor":31.0,"key":"ReplayTheSpireMod:Lightbulb"},{"floor":35.0,"key":"Blue Doll"},{"floor":40.0,"key":"REME_HandOfSuture"},{"floor":41.0,"key":"Dead Branch"},{"floor":42.0,"key":"Replay:Accelerometer"},{"floor":44.0,"key":"Vajra"},{"floor":44.0,"key":"GodSword7"},{"floor":47,"key":"Art of War"},{"floor":48,"key":"CatCart"},{"floor":52,"key":"Onion Ring"},{"floor":53,"key":"Replay:Baseball"},{"floor":53,"key":"Bottled Flame"},{"floor":54,"key":"Toy Ornithopter"}],"event_choices":[{"damage_healed":0.0,"max_hp_gain":0.0,"max_hp_loss":4.0,"gold_gain":0.0,"event_name":"Golden Idol","player_choice":"Lose Max HP","floor":2.0,"gold_loss":0.0,"damage_taken":0.0,"relics_obtained":["Golden Idol"]},{"damage_healed":0.0,"max_hp_gain":0.0,"max_hp_loss":0.0,"gold_gain":0.0,"event_name":"Shining Light","player_choice":"Entered Light","floor":7.0,"gold_loss":0.0,"damage_taken":11.0,"cards_upgraded":["KiyohimeMod:Defend","KiyohimeMod:Strike"]},{"damage_healed":0.0,"max_hp_gain":0.0,"max_hp_loss":0.0,"gold_gain":0.0,"cards_transformed":["vexMod:StairwayStrike"],"event_name":"Transmorgrifier","player_choice":"Transformed","floor":10.0,"gold_loss":0.0,"damage_taken":0.0,"cards_obtained":["Jack Of All Trades"]},{"damage_healed":0.0,"max_hp_gain":0.0,"max_hp_loss":0.0,"gold_gain":0.0,"event_name":"ZunEvent","player_choice":"购买神酒","floor":19.0,"gold_loss":40.0,"damage_taken":0.0,"relics_obtained":["ZunR:ReiMu"]},{"damage_healed":0.0,"max_hp_gain":0.0,"max_hp_loss":0.0,"gold_gain":0.0,"cards_transformed":["hubris:EnhanceAbility"],"event_name":"Transmorgrifier","player_choice":"Transformed","floor":29.0,"gold_loss":0.0,"damage_taken":0.0,"cards_obtained":["Violence"]},{"damage_healed":0.0,"max_hp_gain":0.0,"max_hp_loss":0.0,"gold_gain":999.0,"event_name":"MindBloom","player_choice":"Gold","floor":36.0,"gold_loss":0.0,"damage_taken":0.0,"cards_obtained":["Normality","Normality"]},{"cards_removed":["Thinking Ahead"],"damage_healed":0.0,"max_hp_gain":0.0,"max_hp_loss":0.0,"gold_gain":0.0,"event_name":"Falling","player_choice":"Removed Skill","floor":39.0,"gold_loss":0.0,"damage_taken":0.0},{"damage_healed":0.0,"max_hp_gain":0.0,"max_hp_loss":0.0,"gold_gain":0.0,"event_name":"Mysterious Sphere","player_choice":"Fight","floor":41.0,"gold_loss":0.0,"damage_taken":0.0},{"cards_removed":["Violence"],"damage_healed":0.0,"max_hp_gain":10.0,"max_hp_loss":0.0,"gold_gain":0.0,"event_name":"Bonfire Elementals","player_choice":"Offered Rare","floor":45.0,"gold_loss":0.0,"damage_taken":0.0},{"damage_healed":0,"gold_gain":0,"player_choice":"Fight","damage_taken":0,"max_hp_gain":0,"max_hp_loss":0,"event_name":"OrinTheCat","floor":48,"gold_loss":0}],"is_beta":false,"boss_relics":[{"not_picked":["hubris:CrackedHourglass","KiyohimeMod:Necromancy"],"picked":"Replay:Wanted Poster"},{"not_picked":["Fusion Hammer","ReplayTheSpireMod:ShopPack"],"picked":"vexMod:ImprovementManual"}],"items_purged_floors":[22,37,37],"is_endless":false,"potions_floor_spawned":[1,11,11,12,14,16,18,28,33,35,46,47],"ascension_level":5}}