{"host":"5jzx1090woovszu4","time":1609805921,"event":{"mods":["Arknights The Spire","BaseMod","Minty Spire (QoL Compilation)","Spicy Shops","StSLib","The Bug Knight"],"gold_per_floor":[112,112,187,203,203,203,230,244,270,295,314,335,15,15,15,15,15],"floor_reached":16,"playtime":768,"items_purged":["ats:Armor Crushing Shot"],"score":133,"play_id":"0366dee1-6523-42ae-8e15-2642e1e37364","local_time":"20210105011841","is_ascension_mode":false,"campfire_choices":[{"data":"ats:Closed Bolt Burst Fire","floor":6,"key":"SMITH"},{"floor":15,"key":"REST"}],"circlet_count":0,"master_deck":["ats:Strike C","ats:Strike S","ats:Strike V","ats:Defend","ats:Defend","ats:Defend","ats:Defend","ats:Emotion Absorption","ats:Closed Bolt Burst Fire+1","ats:Guardian Obelisk","ats:Mental Burst","ats:Leaping Hammer","ats:Defend Order","ats:Hammer On","ats:Healing Drone","ats:Sunburst"],"relics":["ats:Sanity","NeowsBlessing","ats:Originium","ats:Hidden Killer","HollowMod:PaleOreRelic","Orichalcum","Odd Mushroom","Pen Nib"],"acts_visited":["Exordium"],"potions_floor_usage":[10,12,12,16],"damage_taken":[{"damage":0,"enemies":"Small Slimes","floor":1,"turns":1},{"damage":0,"enemies":"2 Louse","floor":4,"turns":1},{"damage":0,"enemies":"HollowMod:MossKnight","floor":7,"turns":1},{"damage":0,"enemies":"Cultist","floor":8,"turns":2},{"damage":19,"enemies":"Lagavulin","floor":10,"turns":5},{"damage":29,"enemies":"Exordium Thugs","floor":11,"turns":5},{"damage":9,"enemies":"The Mushroom Lair","floor":12,"turns":3},{"damage":30,"enemies":"Slime Boss","floor":16,"turns":3}],"seed_played":"6754402403257650046","potions_obtained":[{"floor":1,"key":"ColorlessPotion"},{"floor":7,"key":"EssenceOfSteel"},{"floor":8,"key":"Block Potion"}],"is_trial":false,"path_per_floor":["M","?","?","M","?","R","E","M","T","E","M","?","$","?","R","B"],"character_chosen":"DOCTOR_CLASS","items_purchased":["ats:Sunburst","Pen Nib","Strength Potion"],"campfire_rested":1,"item_purchase_floors":[13,13,13],"current_hp_per_floor":[72,65,54,54,59,59,59,59,59,40,11,2,2,2,25,0,0],"gold":15,"neow_bonus":"THREE_ENEMY_KILL","is_daily":false,"chose_seed":false,"campfire_upgraded":1,"win_rate":0.0,"timestamp":1609805921,"path_taken":["M","?","?","M","?","R","E","M","T","E","M","?","$","?","R","BOSS"],"items_purchased_type":["Card","Relic","Potion"],"build_version":"2020-12-22","purchased_purges":1,"victory":false,"max_hp_per_floor":[72,72,72,72,77,77,77,77,77,77,77,77,77,77,77,77,77],"card_choices":[{"not_picked":["ats:Automatic Cover","ats:Ignite"],"picked":"ats:Closed Bolt Burst Fire","floor":1},{"not_picked":["ats:LN2 Cannon","ats:Revitalization"],"picked":"ats:Guardian Obelisk","floor":4},{"not_picked":["ats:Curse Doll","ats:Guardian Obelisk"],"picked":"ats:Mental Burst","floor":7},{"not_picked":["ats:Hammer On","ats:Charging Defense"],"picked":"ats:Leaping Hammer","floor":8},{"not_picked":["ats:Healing Strengthening","ats:Powerful Strike"],"picked":"ats:Defend Order","floor":10},{"not_picked":["ats:Ambush","ats:Thorns"],"picked":"ats:Hammer On","floor":11},{"not_picked":["ats:Apocalypse","ats:Childhood Dance"],"picked":"ats:Healing Drone","floor":12}],"player_experience":625238,"relics_obtained":[{"floor":7,"key":"ats:Originium"},{"floor":7,"key":"ats:Hidden Killer"},{"floor":9,"key":"HollowMod:PaleOreRelic"},{"floor":10,"key":"ats:Originium"},{"floor":10,"key":"Orichalcum"},{"floor":12,"key":"Odd Mushroom"}],"event_choices":[{"cards_removed":["ats:Strike G"],"damage_healed":0,"gold_gain":0,"player_choice":"Card Removal","damage_taken":7,"max_hp_gain":0,"max_hp_loss":0,"event_name":"Golden Wing","floor":2,"gold_loss":0},{"damage_healed":0,"gold_gain":75,"player_choice":"Gather Gold","damage_taken":11,"max_hp_gain":0,"max_hp_loss":0,"event_name":"World of Goop","floor":3,"gold_loss":0},{"damage_healed":0,"gold_gain":0,"player_choice":"Donut","damage_taken":0,"max_hp_gain":5,"max_hp_loss":0,"event_name":"Big Fish","floor":5,"gold_loss":0},{"damage_healed":0,"gold_gain":0,"player_choice":"Fought Mushrooms","damage_taken":0,"max_hp_gain":0,"max_hp_loss":0,"event_name":"Mushrooms","floor":12,"gold_loss":0},{"damage_healed":0,"gold_gain":0,"player_choice":"Ignored","damage_taken":0,"max_hp_gain":0,"max_hp_loss":0,"event_name":"Golden Idol","floor":14,"gold_loss":0}],"is_beta":false,"boss_relics":[],"items_purged_floors":[13],"is_endless":false,"potions_floor_spawned":[1,7,8],"killed_by":"Slime Boss","ascension_level":0}}