{"host":"94qggqh0xz0sp6ai","time":1609812986,"event":{"mods":["Abigail Mod","Act Like it!","BaseMod","CapriCore","Downfall","Friendly Minions","Gensokyo","Hermit","Jorbs\u0027s Wanderer Trilogy","Koishi","Marisa（霧雨　魔理沙）","Minty Spire (QoL Compilation)","Permanent Neow","Reimu（博??梦）","StSLib","The Alterego","The Construct","The Cursed","The Hierophant","The Immortal","The Marked","The Servant 0.9.4","TheBandit","Waifu the Spire"],"gold_per_floor":[209,284,303,303,317,317,352,37,84,84,84,84,84,95,95,199,199,215,69,87,87,2,2,15,15,15,31,31,57,77,112,112,112,112],"floor_reached":33,"playtime":1181,"items_purged":["theMarked:Strike"],"score":283,"play_id":"685d54ae-4ed0-4ca3-a9ad-05e1bc83c9a7","local_time":"20210104201626","is_ascension_mode":false,"campfire_choices":[{"data":"theMarked:Indomitable","floor":6,"key":"SMITH"},{"data":"expansioncontent:DefensiveStance","floor":10,"key":"SMITH"},{"data":"theMarked:BanishingStrike","floor":13,"key":"SMITH"},{"data":"theMarked:RogueSparks","floor":15,"key":"SMITH"},{"floor":23,"key":"REST"},{"data":"theMarked:Defy","floor":28,"key":"SMITH"},{"floor":32,"key":"REST"}],"circlet_count":0,"master_deck":["theMarked:Defend","theMarked:Defend","theMarked:Defend","theMarked:Defend+1","theMarked:SoldierOfQuellstein+1","theMarked:Aftermath","theMarked:BanishingStrike+1","theMarked:Indomitable+1","theMarked:CreepingChasm","expansioncontent:DefensiveStance+1","theMarked:RogueSparks+1","theMarked:Defy+1","theMarked:ChainLightning+1","theMarked:Generate+1","theMarked:Frustration+1","theMarked:SwordAndMagic+1","theMarked:Electrocute+1","theMarked:WardOff+1","theMarked:BindingBlade"],"relics":["theMarked:ArtifactOfAir","War Paint","ClockworkSouvenir","Mastiff:ReiMu","Astrolabe","theMarked:Winder","Molten Egg 2","alterego_mod:SomeoneToFightFor","Sundial","Mercury Hourglass","Guardian:PocketSentry"],"acts_visited":["Exordium","TheCity"],"potions_floor_usage":[7,18,29,29,31,33],"damage_taken":[{"damage":1,"enemies":"Cultist","floor":1,"turns":4},{"damage":3,"enemies":"Jaw Worm","floor":3,"turns":4},{"damage":0,"enemies":"2 Louse","floor":5,"turns":3},{"damage":25,"enemies":"3 Sentries","floor":7,"turns":10},{"damage":4,"enemies":"Exordium Thugs","floor":14,"turns":6},{"damage":1,"enemies":"Hexaghost","floor":16,"turns":9},{"damage":42,"enemies":"3 Byrds","floor":18,"turns":6},{"damage":16,"enemies":"Chosen","floor":20,"turns":5},{"damage":7,"enemies":"Snecko","floor":24,"turns":6},{"damage":2,"enemies":"Centurion and Healer","floor":27,"turns":6},{"damage":12,"enemies":"Gremlin Leader","floor":29,"turns":4},{"damage":0,"enemies":"Sentry and Sphere","floor":30,"turns":3},{"damage":19,"enemies":"Slavers","floor":31,"turns":3},{"damage":50,"enemies":"Automaton","floor":33,"turns":6}],"seed_played":"-4708696730731988426","potions_obtained":[{"floor":5,"key":"PowerPotion"},{"floor":7,"key":"sneckomod:MuddlingPotion"},{"floor":14,"key":"ZuzhouPotion:ReiMu"},{"floor":18,"key":"Strength Potion"},{"floor":24,"key":"ColorlessPotion"},{"floor":30,"key":"Strength Potion"}],"is_trial":false,"path_per_floor":["M","?","M","?","M","R","E","$","T","R","?","?","R","M","R","B",null,"M","$","M","?","?","R","M","?","T","M","R","E","M","E","R","B"],"character_chosen":"THE_DEFAULT","items_purchased":["expansioncontent:DefensiveStance","ClockworkSouvenir","theMarked:Winder"],"campfire_rested":2,"item_purchase_floors":[8,8,19],"current_hp_per_floor":[69,58,55,55,55,55,30,30,30,30,23,16,16,12,12,11,70,28,28,12,12,12,33,26,26,26,24,24,12,26,7,28,0,0],"gold":112,"neow_bonus":"HUNDRED_GOLD","is_daily":false,"chose_seed":false,"campfire_upgraded":5,"win_rate":0.0,"timestamp":1609812986,"path_taken":["M","?","M","?","?","R","E","?","T","R","?","?","R","M","R","BOSS","M","$","M","?","?","R","M","?","T","M","R","E","M","E","R","BOSS"],"items_purchased_type":["Card","Relic","Relic"],"build_version":"2020-12-22","purchased_purges":1,"victory":false,"max_hp_per_floor":[70,70,70,70,70,70,70,70,70,70,70,70,70,70,70,70,70,70,70,70,70,70,70,70,70,70,70,70,70,70,70,70,70,70],"card_choices":[{"not_picked":["theMarked:WastefulAttack","theMarked:RepellingDischarge"],"picked":"theMarked:Aftermath","floor":1},{"not_picked":["theMarked:Overcharge","theMarked:BanishingWave"],"picked":"theMarked:BanishingStrike","floor":3},{"not_picked":["theMarked:WastefulAttack","theMarked:Parkour"],"picked":"theMarked:Indomitable","floor":5},{"not_picked":["theMarked:EmpowerWeapon","theMarked:Improvise"],"picked":"theMarked:CreepingChasm","floor":7},{"not_picked":["theMarked:EmpowerWeapon","theMarked:HeightenedSenses"],"picked":"theMarked:RogueSparks","floor":14},{"not_picked":["theMarked:UnarmedFury","theMarked:Challenge"],"picked":"theMarked:Defy","floor":16},{"not_picked":["theMarked:Parkour","theMarked:Parry","theMarked:Aftermath"],"picked":"SKIP","floor":18},{"not_picked":["theMarked:HeightenedSenses","theMarked:WastefulDefense","theMarked:WastefulAttack+1"],"picked":"SKIP","floor":20},{"not_picked":["theMarked:Overthink","theMarked:Frustration+1"],"picked":"theMarked:SwordAndMagic+1","floor":24},{"not_picked":["theMarked:Electrify","theMarked:WastefulDefense+1"],"picked":"theMarked:Electrocute+1","floor":27},{"not_picked":["theMarked:Overthink","theMarked:Improvise+1"],"picked":"theMarked:WardOff+1","floor":29},{"not_picked":["theMarked:Static+1","theMarked:WardOff+1"],"picked":"theMarked:BindingBlade","floor":30},{"not_picked":["theMarked:Indomitable+1","theMarked:WastefulAttack+1","theMarked:ThrowWeapon+1"],"picked":"SKIP","floor":31}],"player_experience":1345060,"relics_obtained":[{"floor":7,"key":"War Paint"},{"floor":9,"key":"Mastiff:ReiMu"},{"floor":26,"key":"Sundial"},{"floor":29,"key":"Mercury Hourglass"},{"floor":31,"key":"Guardian:PocketSentry"}],"event_choices":[{"damage_healed":0,"gold_gain":75,"player_choice":"Gather Gold","damage_taken":11,"max_hp_gain":0,"max_hp_loss":0,"event_name":"World of Goop","floor":2,"gold_loss":0},{"damage_healed":0,"gold_gain":0,"player_choice":"Ignored","damage_taken":0,"max_hp_gain":0,"max_hp_loss":0,"event_name":"NoteForYourself","floor":4,"gold_loss":0},{"cards_removed":["theMarked:Strike"],"damage_healed":0,"gold_gain":0,"player_choice":"Card Removal","damage_taken":7,"max_hp_gain":0,"max_hp_loss":0,"event_name":"Golden Wing","floor":11,"gold_loss":0},{"damage_healed":0,"gold_gain":0,"player_choice":"Damaged","damage_taken":7,"max_hp_gain":0,"max_hp_loss":0,"event_name":"Wheel of Change","floor":12,"gold_loss":0},{"damage_healed":0,"gold_gain":0,"player_choice":"Ignored","damage_taken":0,"max_hp_gain":0,"max_hp_loss":0,"event_name":"Beggar","floor":21,"gold_loss":0},{"damage_healed":0,"gold_gain":0,"player_choice":"Obtained Relic","damage_taken":0,"relics_obtained":["Molten Egg 2"],"max_hp_gain":0,"max_hp_loss":0,"event_name":"Addict","floor":22,"gold_loss":85},{"damage_healed":0,"gold_gain":0,"player_choice":"Choice 2","damage_taken":0,"relics_obtained":["alterego_mod:SomeoneToFightFor"],"max_hp_gain":0,"max_hp_loss":0,"event_name":"Secret Garden","floor":25,"gold_loss":0}],"is_beta":false,"boss_relics":[{"not_picked":["Velvet Choker","Snecko Eye"],"picked":"Astrolabe"}],"items_purged_floors":[8],"is_endless":false,"potions_floor_spawned":[5,7,14,18,24,30],"killed_by":"Automaton","ascension_level":0}}