{"host":"s0rknoztts25kghu","time":1609877945,"event":{"mods":["BaseMod","Colored Powertips","DeckTracker","Highlight Path","Minty Spire (QoL Compilation)"],"gold_per_floor":[144,94,169,444,489,489,489,534,534,534,583,632,224,322,322,647,647,696,346,395,395,97,187,187,277,352,451,11,65,110,164,173,482,791,836,423,423,564,609,708,858,883,970,452,452,506,506,551,551,551],"floor_reached":51,"playtime":18539,"items_purged":["Strike_B","Regret","Injury","Regret","Rupture","Strike_R"],"score":886,"play_id":"7c895483-8471-4608-a8eb-97907eeb6c8d","local_time":"20210105211905","daily_mods":["Chimera","Diverse","Midas"],"is_ascension_mode":false,"campfire_choices":[{"floor":6.0,"key":"REST"},{"floor":15.0,"key":"REST"},{"floor":24.0,"key":"REST"},{"floor":32.0,"key":"REST"},{"floor":47,"key":"REST"},{"floor":49,"key":"REST"}],"circlet_count":0,"master_deck":["Bash","Survivor","Zap","Eruption","Defend_R","Defend_G","EmptyFist","Flying Knee","Dagger Throw","Steam+1","DeceiveReality+1","Dark Shackles+1","Crescendo+1","Vault+1","Coolheaded+1","Unload","Venomology+1","Deflect+1","Conserve Battery+1","Inflame+1","Ghostly+1","Ghostly+1","Ghostly+1","Ghostly+1","Ghostly+1","Heavy Blade+1","Quick Slash","Adrenaline+1","CurseOfTheBell","SandsOfTime+1","Adrenaline+1","Core Surge+1","Master of Strategy+1","Riddle With Holes+1"],"relics":["Cracked Core","Happy Flower","Toxic Egg 2","Bloody Idol","Strawberry","Thread and Needle","Black Star","Membership Card","Orichalcum","Blood Vial","Singing Bowl","Oddly Smooth Stone","Dream Catcher","Darkstone Periapt","CeramicFish","Matryoshka","Meat on the Bone","Ice Cream","Sling","Calling Bell","Old Coin","Blue Candle","Boot","Strange Spoon","Letter Opener","Molten Egg 2","Gambling Chip","InkBottle","Akabeko","Lizard Tail","Pen Nib","MawBank","Toy Ornithopter","Sundial","DataDisk","Regal Pillow","OrangePellets"],"acts_visited":["Exordium","TheCity","TheBeyond"],"potions_floor_usage":[38,38,38,40,46,50],"damage_taken":[{"damage":0.0,"enemies":"Cultist","floor":1.0,"turns":3.0},{"damage":2.0,"enemies":"Small Slimes","floor":5.0,"turns":4.0},{"damage":3.0,"enemies":"2 Louse","floor":8.0,"turns":3.0},{"damage":17.0,"enemies":"2 Fungi Beasts","floor":11.0,"turns":4.0},{"damage":11.0,"enemies":"Blue Slaver","floor":12.0,"turns":4.0},{"damage":22.0,"enemies":"Gremlin Nob","floor":14.0,"turns":5.0},{"damage":48.0,"enemies":"The Guardian","floor":16.0,"turns":10.0},{"damage":6.0,"enemies":"Spheric Guardian","floor":18.0,"turns":5.0},{"damage":11.0,"enemies":"2 Thieves","floor":20.0,"turns":5.0},{"damage":46.0,"enemies":"Slavers","floor":23.0,"turns":8.0},{"damage":11.0,"enemies":"Book of Stabbing","floor":27.0,"turns":6.0},{"damage":0.0,"enemies":"Snecko","floor":29.0,"turns":5.0},{"damage":4.0,"enemies":"Cultist and Chosen","floor":31.0,"turns":9.0},{"damage":13.0,"enemies":"Collector","floor":33.0,"turns":14.0},{"damage":6,"enemies":"3 Darklings","floor":35,"turns":5},{"damage":2,"enemies":"2 Orb Walkers","floor":38,"turns":4},{"damage":0,"enemies":"Orb Walker","floor":39,"turns":3},{"damage":0,"enemies":"Nemesis","floor":40,"turns":7},{"damage":0,"enemies":"Mind Bloom Boss Battle","floor":41,"turns":6},{"damage":0,"enemies":"3 Darklings","floor":46,"turns":3},{"damage":5,"enemies":"Sphere and 2 Shapes","floor":48,"turns":2},{"damage":10,"enemies":"Time Eater","floor":50,"turns":6}],"seed_played":"-6631355389535803282","potions_obtained":[{"floor":11.0,"key":"Energy Potion"},{"floor":12.0,"key":"BlessingOfTheForge"},{"floor":20.0,"key":"AttackPotion"},{"floor":23.0,"key":"LiquidMemories"},{"floor":35,"key":"CultistPotion"},{"floor":39,"key":"Dexterity Potion"}],"is_trial":false,"path_per_floor":["M","?","?","?","M","R","?","M","T","?","M","M","$","E","R","B",null,"M","$","M","?","$","E","R","?","T","E","$","M","?","M","R","B",null,"M","$","?","?","M","E","?","T","T","$","?","M","R","M","R","B",null],"character_chosen":"DEFECT","items_purchased":["Strawberry","DeceiveReality+1","Dark Shackles+1","Crescendo+1","Membership Card","Orichalcum","Blood Vial","Singing Bowl","EssenceOfSteel","Unload","Meat on the Bone","Conserve Battery+1","Ice Cream","Sling","Strange Spoon","Letter Opener","Molten Egg 2","DataDisk","Regal Pillow","Adrenaline+1","Core Surge+1","Master of Strategy+1","OrangePellets"],"campfire_rested":6,"item_purchase_floors":[13,13,13,13,19,19,19,22,22,22,28,28,28,28,36,36,36,44,44,44,44,44,44],"current_hp_per_floor":[75,75,64,64,62,75,75,72,72,72,55,44,51,29,53,5,82,76,76,67,67,67,28,54,47,52,53,58,70,42,42,42,39,48,49,49,49,52,54,54,56,56,56,56,58,58,60,62,64,59],"gold":551,"neow_bonus":"","is_daily":true,"chose_seed":false,"campfire_upgraded":0,"win_rate":0.0,"timestamp":1609877945,"path_taken":["M","?","?","?","?","R","?","M","T","?","M","M","$","E","R","BOSS","M","$","M","?","$","E","R","?","T","E","$","?","?","M","R","BOSS","M","$","?","?","M","E","?","?","T","$","?","?","R","M","R","BOSS"],"items_purchased_type":["Relic","Card","Card","Card","Relic","Relic","Relic","Relic","Potion","Card","Relic","Card","Relic","Relic","Relic","Relic","Relic","Relic","Relic","Card","Card","Card","Relic"],"build_version":"2020-12-22","purchased_purges":6,"victory":true,"max_hp_per_floor":[75,75,75,75,75,75,75,75,75,75,75,75,82,82,82,82,82,82,82,82,82,82,82,84,84,84,84,84,84,42,42,42,42,48,50,50,50,52,54,54,56,56,56,56,58,58,60,62,64,64],"card_choices":[{"not_picked":["Halt","Feel No Pain"],"picked":"EmptyFist","floor":1.0},{"not_picked":["Cloak And Dagger","Disarm"],"picked":"Flying Knee","floor":5.0},{"not_picked":["PathToVictory","CutThroughFate"],"picked":"Rupture","floor":8.0},{"not_picked":["Acrobatics+1","Iron Wave"],"picked":"Dagger Throw","floor":11.0},{"not_picked":["Consecrate","Evaluate+1"],"picked":"Steam+1","floor":12.0},{"not_picked":["Poisoned Stab","Grand Finale","Go for the Eyes"],"picked":"SKIP","floor":14.0},{"not_picked":["Fission+1","Reaper"],"picked":"Vault+1","floor":16.0},{"not_picked":["Rupture","Metallicize"],"picked":"Coolheaded+1","floor":18.0},{"not_picked":["Pray+1","Cleave","Sweeping Beam"],"picked":"SKIP","floor":20.0},{"not_picked":["Distraction+1","Perfected Strike"],"picked":"Venomology+1","floor":23.0},{"not_picked":["Caltrops+1","JustLucky","Beam Cell+1"],"picked":"Singing Bowl","floor":24.0},{"not_picked":["Metallicize","Rupture"],"picked":"Deflect+1","floor":27.0},{"not_picked":["Rebound","Dash"],"picked":"Inflame+1","floor":29.0},{"not_picked":["Clothesline+1","Sucker Punch"],"picked":"Heavy Blade+1","floor":31.0},{"not_picked":["Genetic Algorithm+1","Prostrate+1"],"picked":"Quick Slash","floor":32.0},{"not_picked":["Omniscience+1","Scrawl+1"],"picked":"Adrenaline+1","floor":33.0},{"not_picked":["Calculated Gamble+1","Cloak And Dagger+1","Defragment+1"],"picked":"Singing Bowl","floor":35},{"not_picked":["Redo+1","Chaos+1","Thunderclap+1"],"picked":"Singing Bowl","floor":38},{"not_picked":["Poisoned Stab+1","Shrug It Off+1","Flex+1"],"picked":"Singing Bowl","floor":39},{"not_picked":["SashWhip+1","Beam Cell+1"],"picked":"SandsOfTime+1","floor":40},{"not_picked":["Sanctity+1","CrushJoints+1","Quick Slash+1"],"picked":"Singing Bowl","floor":41},{"not_picked":["Secret Weapon+1","HandOfGreed+1","Madness+1"],"picked":"Singing Bowl","floor":45},{"not_picked":["Calculated Gamble+1","Conserve Battery+1"],"picked":"Riddle With Holes+1","floor":46},{"not_picked":["Dagger Throw+1","Warcry+1","EmptyMind+1"],"picked":"Singing Bowl","floor":47},{"not_picked":["Ball Lightning+1","Deadly Poison+1","CutThroughFate+1"],"picked":"Singing Bowl","floor":48},{"not_picked":["Beam Cell+1","Bouncing Flask+1","Footwork+1"],"picked":"Singing Bowl","floor":49}],"player_experience":317373,"relics_obtained":[{"floor":9.0,"key":"Toxic Egg 2"},{"floor":14.0,"key":"Thread and Needle"},{"floor":23.0,"key":"Oddly Smooth Stone"},{"floor":23.0,"key":"Dream Catcher"},{"floor":26.0,"key":"Darkstone Periapt"},{"floor":27.0,"key":"CeramicFish"},{"floor":27.0,"key":"Matryoshka"},{"floor":34,"key":"Old Coin"},{"floor":34,"key":"Blue Candle"},{"floor":34,"key":"Boot"},{"floor":38,"key":"Gambling Chip"},{"floor":40,"key":"InkBottle"},{"floor":40,"key":"Akabeko"},{"floor":41,"key":"Lizard Tail"},{"floor":42,"key":"Pen Nib"},{"floor":42,"key":"MawBank"},{"floor":43,"key":"Toy Ornithopter"},{"floor":43,"key":"Sundial"}],"event_choices":[{"cards_removed":["Defend_P"],"damage_healed":0.0,"max_hp_gain":0.0,"max_hp_loss":0.0,"gold_gain":0.0,"event_name":"The Cleric","player_choice":"Card Removal","floor":2.0,"gold_loss":50.0,"damage_taken":0.0},{"damage_healed":0.0,"max_hp_gain":0.0,"max_hp_loss":0.0,"gold_gain":75.0,"event_name":"World of Goop","player_choice":"Gather Gold","floor":3.0,"gold_loss":0.0,"damage_taken":11.0},{"damage_healed":0.0,"max_hp_gain":0.0,"max_hp_loss":0.0,"gold_gain":275.0,"event_name":"Golden Shrine","player_choice":"Desecrate","floor":4.0,"gold_loss":0.0,"damage_taken":0.0,"cards_obtained":["Regret"]},{"damage_healed":0.0,"max_hp_gain":0.0,"max_hp_loss":0.0,"gold_gain":0.0,"event_name":"Big Fish","player_choice":"Box","floor":7.0,"gold_loss":0.0,"damage_taken":0.0,"relics_obtained":["Happy Flower"],"cards_obtained":["Regret"]},{"damage_healed":0.0,"max_hp_gain":0.0,"max_hp_loss":0.0,"gold_gain":0.0,"event_name":"Golden Idol","player_choice":"Take Wound","floor":10.0,"gold_loss":0.0,"damage_taken":0.0,"relics_obtained":["Golden Idol"],"cards_obtained":["Injury"]},{"damage_healed":0.0,"max_hp_gain":0.0,"max_hp_loss":0.0,"gold_gain":0.0,"event_name":"Forgotten Altar","player_choice":"Gave Idol","floor":21.0,"relics_lost":["Golden Idol"],"gold_loss":0.0,"damage_taken":0.0,"relics_obtained":["Bloody Idol"]},{"damage_healed":0.0,"max_hp_gain":0.0,"max_hp_loss":0.0,"gold_gain":90.0,"event_name":"Knowing Skull","player_choice":"GOLD ","floor":25.0,"potions_obtained":[],"gold_loss":0.0,"damage_taken":12.0,"cards_obtained":[]},{"damage_healed":0.0,"max_hp_gain":0.0,"max_hp_loss":42.0,"gold_gain":0.0,"event_name":"Ghosts","player_choice":"Became a Ghost","floor":30.0,"gold_loss":0.0,"damage_taken":0.0,"cards_obtained":["Ghostly","Ghostly","Ghostly","Ghostly","Ghostly"]},{"cards_removed":["Strike_G"],"damage_healed":0,"gold_gain":0,"player_choice":"Removed Attack","damage_taken":0,"max_hp_gain":0,"max_hp_loss":0,"event_name":"Falling","floor":37,"gold_loss":0},{"damage_healed":0,"gold_gain":0,"player_choice":"Fight","damage_taken":0,"max_hp_gain":0,"max_hp_loss":0,"event_name":"Mysterious Sphere","floor":38,"gold_loss":0},{"damage_healed":0,"gold_gain":0,"player_choice":"Fight","damage_taken":0,"max_hp_gain":0,"max_hp_loss":0,"event_name":"MindBloom","floor":41,"gold_loss":0},{"damage_healed":0,"gold_gain":0,"player_choice":"Memory 1","damage_taken":0,"max_hp_gain":0,"max_hp_loss":0,"event_name":"SensoryStone","floor":45,"gold_loss":0}],"is_beta":false,"boss_relics":[{"not_picked":["Cursed Key","Inserter"],"picked":"Black Star"},{"not_picked":["Tiny House","Velvet Choker"],"picked":"Calling Bell"}],"items_purged_floors":[13,19,22,28,36,44],"is_endless":false,"potions_floor_spawned":[11,12,20,23,29,35,39,46],"ascension_level":0}}