{"host":"0nfdmr2b19ur4mbc","time":1609861932,"event":{"mods":["2.2 Compatiblity","AchievementEnabler","Aspiration","BaseMod","Better Match","Better Note","Better Third Choice","Better Vampires","Disable Question Mark Monsters","Googly Eyes","Hubris","Infinite Spire","Minty Spire (QoL Compilation)","Quick Restart","Rare Cards Sparkle","Replay The Spire","StSLib"],"gold_per_floor":[116,116,116,127,127,127,158,158,185,214,228,239,252,267,267,267,267],"floor_reached":16,"playtime":488,"items_purged":[],"score":157,"play_id":"16b5ba3d-0269-46af-90b4-375d213f8caf","local_time":"20210105165212","is_ascension_mode":true,"campfire_choices":[{"data":"Bash","floor":6.0,"key":"SMITH"},{"floor":8.0,"key":"REST"},{"data":"Perfected Strike","floor":15,"key":"SMITH"}],"circlet_count":0,"master_deck":["Strike_R","Strike_R+1","Strike_R","Strike_R","Strike_R","Defend_R","Defend_R+1","Defend_R","Bash+1","Rage+1","Flex","ReplayTheSpireMod:Stacked","Searing Blow","Perfected Strike+1","ReplayReversal"],"relics":["Burning Blood"],"acts_visited":["Exordium"],"potions_floor_usage":[12],"damage_taken":[{"damage":3.0,"enemies":"2 Louse","floor":1.0,"turns":3.0},{"damage":7.0,"enemies":"Jaw Worm","floor":4.0,"turns":3.0},{"damage":22.0,"enemies":"3 Sentries","floor":7.0,"turns":11.0},{"damage":21.0,"enemies":"Lagavulin","floor":10.0,"turns":5.0},{"damage":0.0,"enemies":"Small Slimes","floor":11.0,"turns":3.0},{"damage":15,"enemies":"Exordium Thugs","floor":12,"turns":4},{"damage":0,"enemies":"3 Louse","floor":13,"turns":3},{"damage":0,"enemies":"2 Fungi Beasts","floor":14,"turns":3},{"damage":64,"enemies":"Hexaghost","floor":16,"turns":9}],"seed_played":"-4777570663534352982","potions_obtained":[{"floor":1.0,"key":"FearPotion"},{"floor":4.0,"key":"Fire Potion"},{"floor":10.0,"key":"Swift Potion"}],"is_trial":false,"path_per_floor":["M","?","?","M","?","R","E","R","T","E","M","M","M","M","R","B"],"character_chosen":"IRONCLAD","items_purchased":[],"campfire_rested":1,"item_purchase_floors":[],"current_hp_per_floor":[83,83,65,64,64,64,48,74,74,59,65,56,62,68,68,4,4],"gold":267,"neow_bonus":"TEN_PERCENT_HP_BONUS","is_daily":false,"chose_seed":false,"campfire_upgraded":2,"win_rate":0.0,"timestamp":1609861932,"path_taken":["M","?","?","M","?","R","E","R","T","E","M","M","M","M","R","BOSS"],"items_purchased_type":[],"build_version":"2020-12-22","purchased_purges":0,"victory":false,"max_hp_per_floor":[88,88,88,88,88,88,88,88,88,88,88,88,88,88,88,88,88],"card_choices":[{"not_picked":["Anger","Sword Boomerang"],"picked":"Rage","floor":1.0},{"not_picked":["ReplayTheSpireMod:LeadingStrike","Metallicize","Rampage"],"picked":"SKIP","floor":4.0},{"not_picked":["Disarm","Juggernaut"],"picked":"ReplayTheSpireMod:Stacked","floor":7.0},{"not_picked":["Armaments","Havoc"],"picked":"Searing Blow","floor":10.0},{"not_picked":["Thunderclap","Replay:Undeath\u0027s Touch"],"picked":"Perfected Strike","floor":11.0},{"not_picked":["Armaments","Run Through","Thunderclap"],"picked":"SKIP","floor":12},{"not_picked":["Replay:Undeath\u0027s Touch","Headbutt","hubris:ReadiedAction"],"picked":"SKIP","floor":13},{"not_picked":["Havoc","Iron Wave"],"picked":"ReplayReversal","floor":14}],"player_experience":146890,"relics_obtained":[],"event_choices":[{"damage_healed":0.0,"max_hp_gain":0.0,"max_hp_loss":0.0,"gold_gain":0.0,"cards_transformed":["Defend_R"],"event_name":"Living Wall","player_choice":"Change","floor":2.0,"gold_loss":0.0,"damage_taken":0.0,"cards_obtained":["Flex"]},{"damage_healed":83.0,"max_hp_gain":0.0,"max_hp_loss":88.0,"gold_gain":0.0,"event_name":"betterThird:BetterShining","player_choice":"Upgrade","floor":3.0,"gold_loss":0.0,"damage_taken":18.0,"cards_upgraded":["Strike_R","Defend_R"]}],"is_beta":false,"boss_relics":[],"items_purged_floors":[],"is_endless":false,"potions_floor_spawned":[1,4,10],"killed_by":"Hexaghost","ascension_level":8}}