{"host":"0dvp4uxbao5ucv2j","time":1609852684,"event":{"mods":["AchievementEnabler","Act Like it!","Aspiration","BaseMod","Beaked The Cultist","BetterRewards","DNKmod","DNKmod Update","Downfall","Friendly Minions","GifTheSpireLib","Hallownest","Hubris","Infinite Spire","Minty Spire (QoL Compilation)","Replay The Spire","StSLib","???Mod??????Boss"],"gold_per_floor":[10015,10029,10039,9002,9002,9002,9002,9002,9002,9002,9002,7979,8012,8012,8032,8058,8058,8177,8177,8200,7269,6753,6767,6785,6785,6885,6910,6961,6994,7021,7037,7053,6160,6160,6688,6688,7144,7144,7628,7000,7000,7501,7501,8012,8039,8582,9175,9794,10456,11174,11174,11174,11174,11174,10072,10780,10794],"floor_reached":58,"playtime":3882,"items_purged":["Strike_B","Strike_B","Strike_B","Strike_B","Defend_B","Defend_B"],"score":2298,"play_id":"27165663-ebc4-4cb8-8476-ca0bf980b1ad","local_time":"20210105141804","is_ascension_mode":true,"campfire_choices":[{"floor":6.0,"key":"RECALL"},{"data":"Streamline","floor":8.0,"key":"SMITH"},{"data":"Machine Learning","floor":14.0,"key":"SMITH"},{"data":"Replay:Dark Deal","floor":17.0,"key":"SMITH"},{"data":"White Noise","floor":34.0,"key":"SMITH"},{"data":"Machine Learning","floor":51.0,"key":"SMITH"}],"circlet_count":0,"master_deck":["Defend_B","Defend_B","Zap","Dualcast","FTL","FTL","Streamline+1","Replay:Dark Deal+1","Streamline","Core Surge+1","Hologram","Core Surge","Chill","Hologram+1","Flash of Steel","Replay:Dark Deal+1","Machine Learning+1","FTL","Echo Form","Streamline+1","Go for the Eyes","Fusion","Panache","Replay:Bootleg Shield Generator","hubris:Fate+1","Ball Lightning","Pot Of Greed","Pot Of Greed","Pot Of Greed","Double Energy","Redo+1","Go for the Eyes+1","White Noise+1","All For One","Finesse","Machine Learning+1","Pot Of Greed","Cold Snap+1","Gash+1","Gash","BootSequence+1","Scrape","ReplayGash+1","Apotheosis","Go for the Eyes+1","FIFO Queue","Aggregate"],"relics":["Cracked Core","PreservedInsect","hubris:RGBLights","ReplayTheSpireMod:TigerMarble","DollysMirror","Golden Idol","Anchor","ReplayTheSpireMod:Ninjato","Toolbox","Replay:Mystery Machine","Akabeko","Ring of Chaos","infinitespire:Midas Blood","Lizard Tail","ReplayTheSpireMod:ShopPack","Grinning Jar","Strawberry","Bag of Marbles","Lee\u0027s Waffle","infinitespire:Beetle Shell","Centennial Puzzle","infinitespire:EvilPickle","SlaversCollar","Strange Spoon","War Paint","Oddly Smooth Stone","Chameleon Ring","aspiration:EnhancedActuators","Blue Doll","Bag of Preparation","aspiration:EmptySkull","DataDisk","Solar Panel","Raider\u0027s Mask","Whetstone"],"acts_visited":["Exordium","TheCity","TheBeyond","TheEnding"],"potions_floor_usage":[57,57,57],"damage_taken":[{"damage":0.0,"enemies":"2 Louse","floor":1.0,"turns":2.0},{"damage":4.0,"enemies":"Jaw Worm","floor":2.0,"turns":3.0},{"damage":0.0,"enemies":"Small Slimes","floor":3.0,"turns":2.0},{"damage":0.0,"enemies":"Gremlin Nob","floor":13.0,"turns":2.0},{"damage":0.0,"enemies":"Exordium Wildlife","floor":15.0,"turns":2.0},{"damage":8.0,"enemies":"Fading Forest","floor":18.0,"turns":11.0},{"damage":8.0,"enemies":"3 Byrds","floor":20.0,"turns":4.0},{"damage":0.0,"enemies":"2 Thieves","floor":23.0,"turns":1.0},{"damage":0.0,"enemies":"Cultist and Chosen","floor":24.0,"turns":3.0},{"damage":0.0,"enemies":"Centurion and Healer","floor":27.0,"turns":4.0},{"damage":0.0,"enemies":"Gremlin Leader","floor":29.0,"turns":2.0},{"damage":3.0,"enemies":"3 Cultists","floor":30.0,"turns":4.0},{"damage":15.0,"enemies":"Snecko","floor":31.0,"turns":3.0},{"damage":0.0,"enemies":"Centurion and Healer","floor":32.0,"turns":3.0},{"damage":0.0,"enemies":"Pondfish","floor":35.0,"turns":3.0},{"damage":0.0,"enemies":"3 Darklings","floor":37.0,"turns":2.0},{"damage":1.0,"enemies":"3 Shapes","floor":39.0,"turns":2.0},{"damage":11.0,"enemies":"Nightmare","floor":42.0,"turns":6.0},{"damage":0.0,"enemies":"Jaw Worm Horde","floor":44.0,"turns":2.0},{"damage":0.0,"enemies":"Sphere and 2 Shapes","floor":46.0,"turns":2.0},{"damage":1.0,"enemies":"Nemesis","floor":47.0,"turns":3.0},{"damage":0.0,"enemies":"Maw","floor":48.0,"turns":4.0},{"damage":0.0,"enemies":"Spire Growth","floor":49.0,"turns":3.0},{"damage":0.0,"enemies":"beaked:SuperParasite","floor":50.0,"turns":3.0},{"damage":0.0,"enemies":"hubris:GrandSnecko","floor":52.0,"turns":3.0},{"damage":41,"enemies":"Shield and Spear","floor":56,"turns":3},{"damage":7,"enemies":"The Heart","floor":57,"turns":4}],"seed_played":"-151918088079498995","potions_obtained":[{"floor":2.0,"key":"Elixir"},{"floor":15.0,"key":"BlessingOfTheForge"},{"floor":18.0,"key":"Energy Potion"},{"floor":20.0,"key":"DuplicationPotion"},{"floor":35.0,"key":"Reflective Coating"},{"floor":37.0,"key":"Elixir"},{"floor":42.0,"key":"SteroidPotion"},{"floor":44.0,"key":"Languid Potion"},{"floor":48.0,"key":"PotionOfCapacity"},{"floor":50.0,"key":"EssenceOfDarkness"},{"floor":54.0,"key":"SpeedPotion"},{"floor":54.0,"key":"Weak Potion"}],"is_trial":false,"path_per_floor":["M","M","M","$","?","R","?","R","T","PTL","PTL","$","E","R","M","T","R","B",null,"M","$","?","M","M","?","?","M","T","E","M","M","M","$","R","B",null,"M","?","M","$","?","NM","T","M","T","M","E","M","M","E","R","B",null,"R","$","E","B",null],"character_chosen":"DEFECT","items_purchased":["Replay:Dark Deal","Streamline","Core Surge","Hologram","hubris:RGBLights","ReplayTheSpireMod:TigerMarble","DollysMirror","Anchor","ReplayTheSpireMod:Ninjato","Toolbox","Chill","Hologram","Flash of Steel","Replay:Dark Deal","infinitespire:Midas Blood","Lizard Tail","Go for the Eyes","Fusion","ReplayTheSpireMod:ShopPack","Lee\u0027s Waffle","infinitespire:Beetle Shell","Centennial Puzzle","White Noise","All For One","Finesse","Strange Spoon","War Paint","Oddly Smooth Stone","DataDisk","Solar Panel","Raider\u0027s Mask","Apotheosis","PowerPotion","Go for the Eyes","FIFO Queue"],"campfire_rested":0,"item_purchase_floors":[4,4,4,4,4,4,4,12,12,12,12,12,12,12,21,21,21,21,21,33,33,33,33,33,33,40,40,40,55,55,55,55,55,55,55],"current_hp_per_floor":[120,116,116,116,116,116,86,86,86,86,86,86,86,86,86,86,86,98,120,112,112,112,112,112,112,112,112,119,119,116,101,101,134,134,134,134,134,134,133,133,133,122,122,122,122,122,121,121,121,121,121,121,134,134,134,95,92],"gold":10794,"neow_bonus":"RANDOM_COMMON_RELIC","is_daily":false,"chose_seed":false,"campfire_upgraded":5,"win_rate":0.0,"timestamp":1609852684,"path_taken":["M","M","M","$","?","R","?","R","T","PTL","PTL","$","E","R","M","?","R","BOSS","M","$","?","M","M","?","?","M","T","E","?","M","M","$","R","BOSS","M","?","M","$","?","NM","?","?","T","M","E","M","M","E","R","BOSS","R","$","E","BOSS"],"items_purchased_type":["Card","Card","Card","Card","Relic","Relic","Relic","Relic","Relic","Relic","Card","Card","Card","Card","Relic","Relic","Card","Card","Relic","Relic","Relic","Relic","Card","Card","Card","Relic","Relic","Relic","Relic","Relic","Relic","Card","Potion","Card","Card"],"build_version":"2020-12-22","purchased_purges":6,"victory":true,"max_hp_per_floor":[120,120,120,120,120,120,120,120,120,120,120,120,120,120,120,120,120,120,120,120,120,120,120,120,120,120,120,127,127,127,127,127,134,134,134,134,134,134,134,134,134,134,134,134,134,134,134,134,134,134,134,134,134,134,134,134,134],"card_choices":[{"not_picked":["Loop","Melter"],"picked":"FTL","floor":1.0},{"not_picked":["Redo","Stack"],"picked":"FTL","floor":2.0},{"not_picked":["FIFO Queue","ReplayTheSpireMod:Repulse"],"picked":"Streamline","floor":3.0},{"not_picked":["Sweeping Beam","Hello World"],"picked":"Machine Learning","floor":13.0},{"not_picked":["Steam","Turbo"],"picked":"FTL","floor":15.0},{"not_picked":["Thunder Strike","Meteor Strike"],"picked":"Echo Form","floor":18.0},{"not_picked":["Doom and Gloom+1","Beam Cell"],"picked":"Streamline+1","floor":20.0},{"not_picked":["Crow Ritual","Replay:Dark Deal"],"picked":"Panache","floor":21.0},{"not_picked":["Specialist","Replay:Sssssssssstrike"],"picked":"Replay:Bootleg Shield Generator","floor":21.0},{"not_picked":["infinitespire:Menacing","hubris:Rewind"],"picked":"hubris:Fate","floor":22.0},{"not_picked":["Steam","Leap+1"],"picked":"Ball Lightning","floor":23.0},{"not_picked":["BasicCrystalCard","Barrage","Doom and Gloom"],"picked":"SKIP","floor":24.0},{"not_picked":["Coolheaded+1","Static Discharge","Darkness+1"],"picked":"SKIP","floor":27.0},{"not_picked":["Cold Snap","Amplify"],"picked":"Double Energy","floor":29.0},{"not_picked":["Panic Button+1","Stack","Compile Driver+1"],"picked":"SKIP","floor":30.0},{"not_picked":["Sweeping Beam","Force Field"],"picked":"Redo+1","floor":31.0},{"not_picked":["Cold Snap","Coolheaded"],"picked":"Go for the Eyes+1","floor":32.0},{"not_picked":["Thunder Strike","Multi-Cast"],"picked":"Machine Learning","floor":35.0},{"not_picked":["Reprogram","Conserve Battery"],"picked":"Cold Snap+1","floor":37.0},{"not_picked":["Leap","Cold Snap+1","Hologram+1"],"picked":"SKIP","floor":39.0},{"not_picked":["Blizzard+1","Storm","Sweeping Beam+1"],"picked":"SKIP","floor":42.0},{"not_picked":["Blizzard+1","Storm","Sweeping Beam+1"],"picked":"SKIP","floor":42.0},{"not_picked":["Chaos+1","BasicCrystalCard+1","Barrage"],"picked":"SKIP","floor":44.0},{"not_picked":["Loop","Steam"],"picked":"Gash+1","floor":46.0},{"not_picked":["Cold Snap+1","Mirror Shield"],"picked":"Gash","floor":47.0},{"not_picked":["Sunder+1","Streamline"],"picked":"BootSequence+1","floor":48.0},{"not_picked":["Undo+1","Reinforced Body"],"picked":"Scrape","floor":49.0},{"not_picked":["Force Field+1","ReplayTheSpireMod:Calculation Training"],"picked":"ReplayGash+1","floor":50.0},{"not_picked":["ReplayTheSpireMod:Calculation Training","Turbo"],"picked":"Aggregate","floor":56}],"player_experience":135121,"relics_obtained":[{"floor":13.0,"key":"Replay:Mystery Machine"},{"floor":16.0,"key":"Akabeko"},{"floor":28.0,"key":"Strawberry"},{"floor":29.0,"key":"Bag of Marbles"},{"floor":42.0,"key":"Chameleon Ring"},{"floor":43.0,"key":"aspiration:EnhancedActuators"},{"floor":45.0,"key":"Blue Doll"},{"floor":47.0,"key":"Bag of Preparation"},{"floor":50.0,"key":"aspiration:EmptySkull"},{"floor":56,"key":"Whetstone"}],"event_choices":[{"damage_healed":0.0,"max_hp_gain":0.0,"max_hp_loss":0.0,"gold_gain":0.0,"event_name":"Golden Idol","player_choice":"Take Damage","floor":7.0,"gold_loss":0.0,"damage_taken":30.0,"relics_obtained":["Golden Idol"]},{"damage_healed":0.0,"max_hp_gain":0.0,"max_hp_loss":0.0,"gold_gain":100.0,"event_name":"Golden Shrine","player_choice":"Pray","floor":26.0,"gold_loss":0.0,"damage_taken":0.0},{"damage_healed":0.0,"max_hp_gain":0.0,"max_hp_loss":0.0,"gold_gain":0.0,"event_name":"Tomb of Lord Red Mask","player_choice":"Ignored","floor":41.0,"gold_loss":0.0,"damage_taken":0.0}],"is_beta":false,"boss_relics":[{"not_picked":["Philosopher\u0027s Stone","Astrolabe"],"picked":"Ring of Chaos"},{"not_picked":["Cursed Key","Pandora\u0027s Box"],"picked":"SlaversCollar"}],"items_purged_floors":[4,12,21,33,40,55],"is_endless":false,"potions_floor_spawned":[2,15,18,20,29,32,35,37,42,44,48,50],"ascension_level":4}}