{"host":"j45ucdvl5ntpx4kf","time":1609830057,"event":{"mods":["AchievementEnabler","BaseMod","Colored Map","Colored Powertips","Minty Spire (QoL Compilation)","StSLib"],"gold_per_floor":[115,190,210,224,224,224,255,430,430,463,70,89,136,153,153,249,249,262,281,309,224,224,256,271,271,271],"floor_reached":25,"playtime":1125,"items_purged":["Doubt"],"score":314,"play_id":"d81b42dc-b182-4aec-a7c3-6bb6efbb133a","local_time":"20210105020057","is_ascension_mode":true,"campfire_choices":[{"data":"Uppercut","floor":6.0,"key":"SMITH"},{"floor":15.0,"key":"REST"}],"circlet_count":0,"master_deck":["Defend_R","Defend_R","Defend_R","Defend_R","Bash","Uppercut+1","Rampage","Hemokinesis","Dropkick","Inflame","Cleave","Brutality","Whirlwind","Armaments+1","Disarm","Shrug It Off+1","Reaper","Bite+1","Bite+1","Bite+1","Bite+1","Bite+1","Iron Wave+1","Iron Wave+1"],"relics":["Burning Blood","Sundial","Orichalcum","Prayer Wheel","Darkstone Periapt","SlaversCollar","Red Mask","Molten Egg 2","Blue Candle"],"acts_visited":["Exordium","TheCity"],"potions_floor_usage":[19,23],"damage_taken":[{"damage":0.0,"enemies":"2 Louse","floor":1.0,"turns":3.0},{"damage":5.0,"enemies":"Small Slimes","floor":3.0,"turns":4.0},{"damage":7.0,"enemies":"Jaw Worm","floor":4.0,"turns":3.0},{"damage":24.0,"enemies":"Lagavulin","floor":7.0,"turns":5.0},{"damage":30.0,"enemies":"3 Sentries","floor":10.0,"turns":7.0},{"damage":9.0,"enemies":"Exordium Wildlife","floor":12.0,"turns":3.0},{"damage":3.0,"enemies":"Exordium Thugs","floor":14.0,"turns":4.0},{"damage":22.0,"enemies":"Hexaghost","floor":16.0,"turns":7.0},{"damage":22,"enemies":"Shell Parasite","floor":18,"turns":6},{"damage":3,"enemies":"3 Byrds","floor":19,"turns":4},{"damage":57,"enemies":"Masked Bandits","floor":20,"turns":6},{"damage":22,"enemies":"Slavers","floor":23,"turns":7},{"damage":55,"enemies":"Centurion and Healer","floor":24,"turns":12},{"damage":51,"enemies":"3 Cultists","floor":25,"turns":5}],"seed_played":"3721711275018465134","potions_obtained":[{"floor":1.0,"key":"Dexterity Potion"},{"floor":14.0,"key":"SpeedPotion"},{"floor":16.0,"key":"SpeedPotion"},{"floor":18,"key":"HeartOfIron"},{"floor":23,"key":"BlessingOfTheForge"}],"is_trial":false,"path_per_floor":["M","?","M","M","?","R","E","?","T","E","$","M","T","M","R","B",null,"M","M","?","?","?","E","M","M"],"character_chosen":"IRONCLAD","items_purchased":["Inflame","Darkstone Periapt"],"campfire_rested":1,"item_purchase_floors":[11,11],"current_hp_per_floor":[80,69,70,69,69,69,51,51,51,27,27,24,24,29,53,39,70,56,61,16,16,16,30,24,0,0],"gold":271,"neow_bonus":"TRANSFORM_CARD","is_daily":false,"chose_seed":false,"campfire_upgraded":1,"win_rate":0.0,"timestamp":1609830057,"path_taken":["M","?","M","M","?","R","E","?","T","E","$","?","?","M","R","BOSS","M","M","?","?","?","E","M","?"],"items_purchased_type":["Card","Relic"],"build_version":"2020-12-22","purchased_purges":1,"victory":false,"max_hp_per_floor":[80,80,80,80,80,80,80,80,80,80,80,80,80,80,80,80,80,80,80,80,80,80,80,80,80,80],"card_choices":[{"not_picked":["Fire Breathing","Armaments","Body Slam"],"picked":"SKIP","floor":1.0},{"not_picked":["Seeing Red","Pummel"],"picked":"Rampage","floor":3.0},{"not_picked":["Body Slam","Reckless Charge","Pommel Strike"],"picked":"SKIP","floor":4.0},{"not_picked":["Body Slam","Anger"],"picked":"Dropkick","floor":7.0},{"not_picked":["Infernal Blade","Dropkick","Sword Boomerang"],"picked":"SKIP","floor":10.0},{"not_picked":["Carnage","Second Wind"],"picked":"Cleave","floor":12.0},{"not_picked":["Rupture","Heavy Blade"],"picked":"Brutality","floor":12.0},{"not_picked":["Heavy Blade","Sword Boomerang"],"picked":"Whirlwind","floor":14.0},{"not_picked":["Burning Pact","Armaments","Dropkick"],"picked":"SKIP","floor":14.0},{"not_picked":["Reckless Charge+1","Warcry"],"picked":"Armaments+1","floor":18},{"not_picked":["Sword Boomerang","Body Slam"],"picked":"Disarm","floor":18},{"not_picked":["Clash","Seeing Red+1"],"picked":"Shrug It Off+1","floor":19},{"not_picked":["Power Through","Pommel Strike"],"picked":"Reaper","floor":19},{"not_picked":["Searing Blow+1","Rupture"],"picked":"Iron Wave+1","floor":23},{"not_picked":["Pommel Strike+1","Sword Boomerang+1"],"picked":"Iron Wave+1","floor":24},{"not_picked":["Clothesline+1","Headbutt+1","Body Slam+1"],"picked":"SKIP","floor":24}],"player_experience":127838,"relics_obtained":[{"floor":7.0,"key":"Sundial"},{"floor":9.0,"key":"Orichalcum"},{"floor":10.0,"key":"Prayer Wheel"},{"floor":13.0,"key":"Blood Vial"},{"floor":20,"key":"Red Mask"},{"floor":23,"key":"Blue Candle"}],"event_choices":[{"damage_healed":0.0,"max_hp_gain":0.0,"max_hp_loss":0.0,"gold_gain":75.0,"event_name":"World of Goop","player_choice":"Gather Gold","floor":2.0,"gold_loss":0.0,"damage_taken":11.0},{"damage_healed":0.0,"max_hp_gain":0.0,"max_hp_loss":0.0,"gold_gain":0.0,"cards_transformed":["Strike_R"],"event_name":"Living Wall","player_choice":"Change","floor":5.0,"gold_loss":0.0,"damage_taken":0.0,"cards_obtained":["Hemokinesis"]},{"damage_healed":0.0,"max_hp_gain":0.0,"max_hp_loss":0.0,"gold_gain":175.0,"event_name":"Liars Game","player_choice":"AGREE","floor":8.0,"gold_loss":0.0,"damage_taken":0.0,"cards_obtained":["Doubt"]},{"damage_healed":0,"gold_gain":0,"player_choice":"Fought Bandits","damage_taken":0,"max_hp_gain":0,"max_hp_loss":0,"event_name":"Masked Bandits","floor":20,"gold_loss":0},{"damage_healed":0,"gold_gain":0,"player_choice":"Obtained Relic","damage_taken":0,"relics_obtained":["Molten Egg 2"],"max_hp_gain":0,"max_hp_loss":0,"event_name":"Addict","floor":21,"gold_loss":85},{"damage_healed":0,"gold_gain":0,"player_choice":"Became a vampire (Vial)","damage_taken":0,"max_hp_gain":0,"max_hp_loss":0,"event_name":"Vampires","floor":22,"relics_lost":["Blood Vial"],"gold_loss":0,"cards_obtained":["Bite","Bite","Bite","Bite","Bite"]}],"is_beta":false,"boss_relics":[{"not_picked":["Philosopher\u0027s Stone","Ectoplasm"],"picked":"SlaversCollar"}],"items_purged_floors":[11],"is_endless":false,"potions_floor_spawned":[1,14,16,18,23],"killed_by":"3 Cultists","ascension_level":5}}