{"host":"njb27ds59h4j3ikk","time":1609862743,"event":{"mods":["AchievementEnabler","BaseMod","Better Altar","Better Match","Better Note","Better Sensory Stone","Better Skull","Better Third Choice","BetterRewards","Downfall","Hermit","Hubris","Minty Spire (QoL Compilation)","Permanent Neow","Quarter Circle Forward PUNCH!","Quick Restart","Rare Cards Sparkle","Replay The Spire","Shop Mod","StSLib","Trackpad","Transform Curses"],"gold_per_floor":[109,121,121,121,121,155,155,169,169,189,209,244,244,269,269,393,393,414,414,414,433,106,141,179,179,224,224,224,224],"floor_reached":27,"playtime":985,"items_purged":[],"score":358,"play_id":"9a7ef448-26b2-4ad1-a204-e93b0b52409e","local_time":"20210105110543","is_ascension_mode":true,"campfire_choices":[{"floor":7.0,"key":"REST"},{"floor":15.0,"key":"REST"},{"floor":25.0,"key":"REST"}],"circlet_count":0,"master_deck":["champ:Defend+1","champ:Defend+1","champ:Defend","champ:Defend","champ:Execute","champ:Taunt","champ:IronFortress","champ:FanOfKnives","champ:Balance","champ:Riposte","champ:SkillfulDodge","hubris:SlightOfHand","champ:DeathBlow","BattleHymn","champ:TornadoPunch","Core Surge","champ:BerserkerStyle","Replay:BluntJabs","champ:BerserkersShout","Double Tap","champ:SteelEdge","champ:TornadoPunch","Slimebound:Tackle+1","Slimebound:Tackle+1","Slimebound:Tackle+1","champ:SteelEdge","Discovery","champ:LastStand","champ:ShieldSigil+1"],"relics":["champ:ChampionCrown","Membership Card","Matryoshka","WingedGreaves","hubris:Towel","Golden Idol","Kunai","qcfpunch:School_Backpack","Regal Pillow","Omamori","Abe\u0027s Treasure","MealTicket","trackpad:ByrdCharm","Sling","War Paint","Red Mask","Replay:Ringing Soul","champ:DefensiveTrainingManual"],"acts_visited":["Exordium","TheCity"],"potions_floor_usage":[],"damage_taken":[{"damage":0.0,"enemies":"2 Louse","floor":1.0,"turns":2.0},{"damage":24.0,"enemies":"Jaw Worm","floor":2.0,"turns":5.0},{"damage":34.0,"enemies":"Gremlin Nob","floor":6.0,"turns":5.0},{"damage":0.0,"enemies":"Small Slimes","floor":8.0,"turns":1.0},{"damage":13.0,"enemies":"Exordium Wildlife","floor":10.0,"turns":5.0},{"damage":15.0,"enemies":"Looter","floor":11.0,"turns":4.0},{"damage":25.0,"enemies":"3 Sentries","floor":12.0,"turns":5.0},{"damage":0.0,"enemies":"Gremlin Gang","floor":14.0,"turns":2.0},{"damage":45.0,"enemies":"Slime Boss","floor":16.0,"turns":8.0},{"damage":32.0,"enemies":"Chosen","floor":18.0,"turns":5.0},{"damage":24.0,"enemies":"Spheric Guardian","floor":21.0,"turns":3.0},{"damage":38.0,"enemies":"Replay:Snechameleon","floor":23.0,"turns":5.0},{"damage":16.0,"enemies":"Masked Bandits","floor":24.0,"turns":3.0},{"damage":51,"enemies":"Slavers","floor":27,"turns":4}],"seed_played":"-3752365081568480746","potions_obtained":[{"floor":1.0,"key":"Fire Potion"},{"floor":8.0,"key":"Venom Potion"},{"floor":10.0,"key":"AttackPotion"},{"floor":16.0,"key":"Fire Potion"},{"floor":24.0,"key":"SteroidPotion"}],"is_trial":false,"path_per_floor":["M","M","?","?","?","E","R","M","T","M","M","E","?","M","R","B",null,"M","?","?","M","$","E","?","R","T","E"],"character_chosen":"THE_CHAMP","items_purchased":["Membership Card","Matryoshka","champ:IronFortress","MealTicket","trackpad:ByrdCharm","Sling","Discovery"],"campfire_rested":3,"item_purchase_floors":[0,0,0,22,22,22,22],"current_hp_per_floor":[90,76,76,81,58,27,55,55,55,47,37,17,17,17,60,25,95,68,68,68,48,48,20,4,47,47,0,0,0],"gold":224,"neow_bonus":"","is_daily":false,"chose_seed":false,"campfire_upgraded":0,"win_rate":0.0,"timestamp":1609862743,"path_taken":["M","M","?","?","?","E","R","?","T","M","M","E","?","?","R","BOSS","M","?","?","?","?","E","?","R","T","E"],"items_purchased_type":["Relic","Relic","Card","Relic","Relic","Relic","Card"],"build_version":"2020-12-22","purchased_purges":0,"victory":false,"max_hp_per_floor":[90,90,90,95,95,95,95,95,95,95,95,95,95,95,95,95,95,95,95,95,95,95,95,95,95,95,95,95,95],"card_choices":[{"not_picked":["champ:FaceSlap","champ:BladeFlurry"],"picked":"champ:FanOfKnives","floor":1.0},{"not_picked":["champ:CalledShot","champ:Shatter"],"picked":"champ:Balance","floor":2.0},{"not_picked":["champ:AdrenalArmor","champ:Lariat"],"picked":"champ:Riposte","floor":6.0},{"not_picked":["champ:RecklessLeap","champ:Control"],"picked":"champ:SkillfulDodge","floor":8.0},{"not_picked":["Bane","Skewer"],"picked":"hubris:SlightOfHand","floor":10.0},{"not_picked":["champ:RageSigil","champ:AdrenalArmor"],"picked":"champ:DeathBlow","floor":10.0},{"not_picked":["Replay:ManipulateFuture","FlyingSleeves"],"picked":"BattleHymn","floor":11.0},{"not_picked":["champ:FlashCut","champ:GutPunch"],"picked":"champ:TornadoPunch","floor":11.0},{"not_picked":["ReplaySort","Go for the Eyes"],"picked":"Core Surge","floor":12.0},{"not_picked":["champ:Shatter","champ:FocusedGladiator"],"picked":"champ:BerserkerStyle","floor":12.0},{"not_picked":["FlyingSleeves","DeceiveReality"],"picked":"Replay:BluntJabs","floor":14.0},{"not_picked":["champ:ShieldSigil","champ:CrookedStrike"],"picked":"champ:BerserkersShout","floor":14.0},{"not_picked":["Bludgeon","Barricade"],"picked":"Double Tap","floor":16.0},{"not_picked":["champ:IgnorePain","champ:CrownThrow"],"picked":"champ:SteelEdge","floor":16.0},{"not_picked":["champ:Shatter","champ:Circumvent","champ:PreciseThrust"],"picked":"SKIP","floor":18.0},{"not_picked":["champ:FanOfKnives","champ:Haymaker"],"picked":"champ:SteelEdge","floor":21.0},{"not_picked":["champ:StanceDance","champ:FaceSlap+1"],"picked":"champ:LastStand","floor":23.0},{"not_picked":["champ:Duel","champ:DefensiveShout"],"picked":"champ:ShieldSigil+1","floor":24.0}],"player_experience":1214529,"relics_obtained":[{"floor":6.0,"key":"Kunai"},{"floor":9.0,"key":"qcfpunch:School_Backpack"},{"floor":9.0,"key":"Regal Pillow"},{"floor":12.0,"key":"Omamori"},{"floor":23.0,"key":"War Paint"},{"floor":24.0,"key":"Red Mask"},{"floor":26.0,"key":"Replay:Ringing Soul"},{"floor":26.0,"key":"champ:DefensiveTrainingManual"}],"event_choices":[{"damage_healed":0.0,"max_hp_gain":5.0,"max_hp_loss":0.0,"gold_gain":0.0,"event_name":"Big Fish","player_choice":"Donut","floor":4.0,"gold_loss":0.0,"damage_taken":0.0},{"damage_healed":0.0,"max_hp_gain":0.0,"max_hp_loss":0.0,"gold_gain":0.0,"event_name":"Golden Idol","player_choice":"Take Damage","floor":5.0,"gold_loss":0.0,"damage_taken":23.0,"relics_obtained":["Golden Idol"]},{"cards_removed":["champ:Strike"],"damage_healed":0.0,"max_hp_gain":0.0,"max_hp_loss":0.0,"gold_gain":0.0,"event_name":"Purifier","player_choice":"Purged","floor":13.0,"gold_loss":0.0,"damage_taken":0.0},{"cards_removed":["Core Surge"],"damage_healed":0.0,"max_hp_gain":0.0,"max_hp_loss":0.0,"gold_gain":0.0,"event_name":"betterNote:BetterNote","player_choice":"Take \u0026 Give","floor":19.0,"gold_loss":0.0,"damage_taken":0.0,"cards_obtained":["champ:TornadoPunch"]},{"damage_healed":0.0,"max_hp_gain":0.0,"max_hp_loss":0.0,"gold_gain":0.0,"event_name":"Masked Bandits","player_choice":"Fought Bandits","floor":24.0,"gold_loss":0.0,"damage_taken":0.0}],"is_beta":false,"boss_relics":[{"not_picked":["Busted Crown","SacredBark"],"picked":"Abe\u0027s Treasure"}],"items_purged_floors":[],"is_endless":false,"potions_floor_spawned":[1,8,10,16,24],"killed_by":"Slavers","ascension_level":1}}