{"host":"ig7tc0uedzltt2sr","time":1609829857,"event":{"mods":["BaseMod","Better Twitch Integration","Block Reminder","Colored Map","Colored Powertips","Communication Mod","Current Relic Mod","GifTheSpireLib","HexUI Lib","Minty Spire (QoL Compilation)","Quick Restart","Random Character Button","Rare Cards Sparkle","Relic Sorter","Relic Stats","Slay the Relics Exporter","StSLib","SuperFastMode","Synergy Search","Twitch Decklist","Twitch Utils","everything is the same but u backflip on backflip","slay the spire mod where everything is the same but ironclad has a cowboy hat"],"gold_per_floor":[117,117,136,56,72,88,106,122,122,137,137,137,169,19,19,19,19],"floor_reached":16,"playtime":172,"items_purged":["Strike_R"],"score":104,"play_id":"aee70668-2579-4801-bfd1-cb788f11c7c5","local_time":"20210104225737","is_ascension_mode":false,"campfire_choices":[{"floor":12,"key":"REST"},{"floor":15,"key":"REST"}],"circlet_count":0,"master_deck":["Strike_R","Strike_R","Strike_R","Strike_R","Defend_R","Defend_R","Defend_R","Bash","Iron Wave","Feel No Pain","Clothesline","Feel No Pain","Blood for Blood","Juggernaut","Carnage","Armaments","Entrench"],"relics":["Burning Blood","Mummified Hand","Charon\u0027s Ashes"],"acts_visited":["Exordium"],"potions_floor_usage":[],"damage_taken":[{"damage":0,"enemies":"Small Slimes","floor":1,"turns":8},{"damage":27,"enemies":"Cultist","floor":3,"turns":7},{"damage":0,"enemies":"2 Louse","floor":5,"turns":4},{"damage":49,"enemies":"Gremlin Gang","floor":6,"turns":8},{"damage":11,"enemies":"3 Louse","floor":7,"turns":5},{"damage":12,"enemies":"Large Slime","floor":8,"turns":8},{"damage":13,"enemies":"Exordium Thugs","floor":10,"turns":5},{"damage":39,"enemies":"3 Sentries","floor":13,"turns":13},{"damage":65,"enemies":"Slime Boss","floor":16,"turns":13}],"seed_played":"-4135674968243017167","potions_obtained":[{"floor":6,"key":"FearPotion"},{"floor":7,"key":"PowerPotion"},{"floor":8,"key":"BloodPotion"},{"floor":13,"key":"BloodPotion"}],"is_trial":false,"path_per_floor":["M","?","M","$","M","M","M","M","T","M","?","R","E","$","R","B"],"character_chosen":"IRONCLAD","items_purchased":["Clothesline","Feel No Pain","DuplicationPotion"],"campfire_rested":2,"item_purchase_floors":[4,4,14],"current_hp_per_floor":[88,88,67,67,73,30,25,19,19,29,29,55,22,22,48,0,0],"gold":19,"neow_bonus":"TEN_PERCENT_HP_BONUS","is_daily":false,"chose_seed":false,"campfire_upgraded":0,"win_rate":0.0,"timestamp":1609829857,"path_taken":["M","?","M","?","M","M","?","M","T","M","?","R","E","$","R","BOSS"],"items_purchased_type":["Card","Card","Potion"],"build_version":"2020-12-22","purchased_purges":1,"victory":false,"max_hp_per_floor":[88,88,88,88,88,88,88,88,88,88,88,88,88,88,88,88,88],"relic_stats":{"counters":[9,71],"Mummified Hand":[7],"Charon\u0027s Ashes":[21],"obtain_stats":[{"Mummified Hand":9,"Charon\u0027s Ashes":13,"Burning Blood":0},{"Mummified Hand":6,"Charon\u0027s Ashes":8,"Burning Blood":0},{"Mummified Hand":40,"Charon\u0027s Ashes":58,"Burning Blood":0}],"Burning Blood":42},"card_choices":[{"not_picked":["Thunderclap","Pommel Strike"],"picked":"Iron Wave","floor":1},{"not_picked":["Sword Boomerang","Cleave"],"picked":"Feel No Pain","floor":3},{"not_picked":["Body Slam","Warcry"],"picked":"Blood for Blood","floor":5},{"not_picked":["Armaments","Headbutt"],"picked":"Juggernaut","floor":6},{"not_picked":["Clothesline","Shrug It Off","Battle Trance"],"picked":"SKIP","floor":7},{"not_picked":["Armaments","Havoc"],"picked":"Carnage","floor":8},{"not_picked":["Evolve","Perfected Strike"],"picked":"Armaments","floor":10},{"not_picked":["Twin Strike","Barricade"],"picked":"Entrench","floor":13}],"player_experience":1429589,"relics_obtained":[{"floor":9,"key":"Mummified Hand"},{"floor":13,"key":"Charon\u0027s Ashes"}],"event_choices":[{"cards_removed":["Defend_R"],"damage_healed":0,"gold_gain":0,"player_choice":"Offered Basic","damage_taken":0,"max_hp_gain":0,"max_hp_loss":0,"event_name":"Bonfire Elementals","floor":2,"gold_loss":0},{"damage_healed":0,"gold_gain":0,"player_choice":"Ignored","damage_taken":0,"max_hp_gain":0,"max_hp_loss":0,"event_name":"WeMeetAgain","floor":11,"gold_loss":0}],"is_beta":false,"boss_relics":[],"items_purged_floors":[14],"is_endless":false,"potions_floor_spawned":[6,7,8,13],"killed_by":"Slime Boss","ascension_level":0}}