{"host":"SteinPartDos","time":1609809991,"event":{"mods":["BaseMod","Colored Map","Minty Spire (QoL Compilation)","StSLib"],"gold_per_floor":[112,129,141,91,91,123,136,136,159,177,193,227,241,277,277,397,397,421,421,68,92,108,147,161,204,230,230,230,230,145,184,184,305,305,320,344,344,344,344,344,375,708,708,262,287,287,301,326,326,326,326,326,53,84,84],"floor_reached":56,"playtime":2930,"items_purged":["Strike_G","Strike_G","Strike_G"],"score":1714,"play_id":"eb61c1c8-440b-4a73-9d57-b964260c2733","local_time":"20210104202631","is_ascension_mode":true,"campfire_choices":[{"data":"Neutralize","floor":15,"key":"SMITH"},{"floor":27,"key":"RECALL"},{"data":"Apotheosis","floor":29,"key":"SMITH"},{"data":"Wraith Form v2","floor":32,"key":"SMITH"},{"data":"Panacea","floor":40,"key":"SMITH"},{"floor":49,"key":"REST"},{"data":"After Image","floor":52,"key":"SMITH"}],"circlet_count":0,"master_deck":["Defend_G","Defend_G","Defend_G","Defend_G","Defend_G","Survivor","Neutralize+1","Burst","Noxious Fumes","Calculated Gamble","Eviscerate","Terror","Prepared","Dagger Throw","Backstab","Dash","Acrobatics","Dagger Spray","Bullet Time","Wraith Form v2+1","All Out Attack","Apotheosis+1","Underhanded Strike","Deflect","Tactician","Tactician+1","Flechettes+1","Predator+1","After Image+1","Caltrops+1","After Image","Blind","Panacea+1","Backflip","Eviscerate+1","Madness","Madness","PiercingWail","Acrobatics+1","Footwork+1","Wraith Form v2+1","Acrobatics"],"relics":["Ring of the Snake","Ancient Tea Set","Lantern","Bag of Preparation","Paper Crane","Runic Pyramid","Juzu Bracelet","FossilizedHelix","Happy Flower","Ginger","Gremlin Horn","Centennial Puzzle","Philosopher\u0027s Stone","Frozen Egg 2","Torii","Snake Skull","Smiling Mask","DollysMirror","Calipers"],"acts_visited":["Exordium","TheCity","TheBeyond","TheEnding"],"potions_floor_usage":[10,14,14,25,41,55],"damage_taken":[{"damage":0,"enemies":"Jaw Worm","floor":1,"turns":5},{"damage":2,"enemies":"2 Louse","floor":2,"turns":3},{"damage":0,"enemies":"Small Slimes","floor":3,"turns":5},{"damage":18,"enemies":"Lagavulin","floor":6,"turns":8},{"damage":2,"enemies":"Exordium Wildlife","floor":7,"turns":5},{"damage":8,"enemies":"Gremlin Gang","floor":10,"turns":3},{"damage":0,"enemies":"Looter","floor":11,"turns":1},{"damage":10,"enemies":"Gremlin Nob","floor":12,"turns":4},{"damage":0,"enemies":"Lots of Slimes","floor":13,"turns":3},{"damage":8,"enemies":"Lagavulin","floor":14,"turns":5},{"damage":16,"enemies":"Hexaghost","floor":16,"turns":10},{"damage":0,"enemies":"3 Byrds","floor":18,"turns":3},{"damage":1,"enemies":"Chosen","floor":21,"turns":2},{"damage":0,"enemies":"Snecko","floor":22,"turns":3},{"damage":3,"enemies":"Book of Stabbing","floor":23,"turns":5},{"damage":3,"enemies":"Snake Plant","floor":24,"turns":4},{"damage":2,"enemies":"Slavers","floor":25,"turns":6},{"damage":0,"enemies":"Gremlin Leader","floor":31,"turns":3},{"damage":0,"enemies":"Automaton","floor":33,"turns":6},{"damage":0,"enemies":"3 Darklings","floor":35,"turns":4},{"damage":0,"enemies":"Orb Walker","floor":36,"turns":2},{"damage":8,"enemies":"Nemesis","floor":41,"turns":4},{"damage":0,"enemies":"Giant Head","floor":45,"turns":6},{"damage":0,"enemies":"3 Darklings","floor":47,"turns":5},{"damage":0,"enemies":"Nemesis","floor":48,"turns":9},{"damage":0,"enemies":"Awakened One","floor":50,"turns":12},{"damage":6,"enemies":"Shield and Spear","floor":54,"turns":7},{"damage":0,"enemies":"The Heart","floor":55,"turns":9}],"seed_played":"-7399219422490242048","potions_obtained":[{"floor":1,"key":"SkillPotion"},{"floor":3,"key":"Strength Potion"},{"floor":7,"key":"CultistPotion"},{"floor":10,"key":"SpeedPotion"},{"floor":13,"key":"Fruit Juice"},{"floor":18,"key":"DuplicationPotion"},{"floor":21,"key":"GamblersBrew"},{"floor":23,"key":"Regen Potion"},{"floor":35,"key":"AttackPotion"}],"is_trial":false,"path_per_floor":["M","M","M","?","?","E","M","?","T","M","M","E","M","E","R","B",null,"M","?","$","M","M","E","M","E","T","R","T","R","?","E","R","B",null,"M","M","?","?","?","R","E","?","T","$","E","?","M","E","R","B",null,"R","$","E","B",null],"character_chosen":"THE_SILENT","items_purchased":["Apotheosis","Underhanded Strike","Deflect","Torii","Backflip","Footwork+1","DollysMirror"],"campfire_rested":1,"item_purchase_floors":[20,20,20,44,44,53,53],"current_hp_per_floor":[70,68,68,68,68,50,48,48,48,40,40,30,30,27,27,11,70,70,70,70,69,69,66,63,61,61,61,61,61,61,61,61,61,70,70,70,70,60,60,60,52,52,52,52,52,43,43,43,64,64,70,70,70,64,64],"gold":84,"neow_bonus":"ONE_RANDOM_RARE_CARD","is_daily":false,"chose_seed":false,"campfire_upgraded":5,"win_rate":0.0,"timestamp":1609809991,"path_taken":["M","M","M","?","?","E","M","?","T","M","M","E","M","E","R","BOSS","M","?","$","M","M","E","M","E","T","R","?","R","?","E","R","BOSS","M","M","?","?","?","R","E","?","T","$","E","?","M","E","R","BOSS","R","$","E","BOSS"],"items_purchased_type":["Card","Card","Card","Relic","Card","Card","Relic"],"build_version":"2020-12-18","purchased_purges":3,"victory":true,"max_hp_per_floor":[70,70,70,70,70,70,70,65,65,65,65,65,65,70,70,70,70,70,70,70,70,70,70,70,70,70,70,70,70,70,70,70,70,70,70,70,70,70,70,70,70,70,70,70,70,70,70,70,70,70,70,70,70,70,70],"card_choices":[{"not_picked":["Blur","Flying Knee"],"picked":"Noxious Fumes","floor":1},{"not_picked":["Dodge and Roll","Infinite Blades"],"picked":"Calculated Gamble","floor":2},{"not_picked":["Sucker Punch","Slice"],"picked":"Eviscerate","floor":3},{"not_picked":["Slice","Quick Slash"],"picked":"Prepared","floor":6},{"not_picked":["PiercingWail","Underhanded Strike"],"picked":"Dagger Throw","floor":7},{"not_picked":["Sucker Punch","Poisoned Stab"],"picked":"Backstab","floor":10},{"not_picked":["Poisoned Stab","Dodge and Roll"],"picked":"Dash","floor":11},{"not_picked":["Masterful Stab","Backstab"],"picked":"Acrobatics","floor":12},{"not_picked":["Deadly Poison","Prepared"],"picked":"Dagger Spray","floor":13},{"not_picked":["Sucker Punch","Terror"],"picked":"Bullet Time","floor":14},{"not_picked":["Night Terror","Burst"],"picked":"Wraith Form v2","floor":16},{"not_picked":["Dagger Throw","Bane"],"picked":"All Out Attack","floor":18},{"not_picked":["Quick Slash","Deflect+1"],"picked":"Tactician","floor":21},{"not_picked":["Acrobatics","Poisoned Stab","Outmaneuver"],"picked":"SKIP","floor":22},{"not_picked":["Sucker Punch","Bane","Underhanded Strike"],"picked":"SKIP","floor":23},{"not_picked":["Sucker Punch","Bane","Underhanded Strike"],"picked":"SKIP","floor":23},{"not_picked":["Sucker Punch","Bane","Underhanded Strike"],"picked":"SKIP","floor":23},{"not_picked":["Prepared","Skewer+1"],"picked":"Tactician+1","floor":24},{"not_picked":["Envenom","Deadly Poison"],"picked":"Flechettes+1","floor":25},{"not_picked":["Flying Knee","Finisher+1"],"picked":"Predator+1","floor":31},{"not_picked":["Corpse Explosion","Envenom"],"picked":"After Image","floor":33},{"not_picked":["Predator+1","Prepared"],"picked":"Caltrops+1","floor":35},{"not_picked":["Dagger Spray","Slice+1","Quick Slash+1"],"picked":"SKIP","floor":36},{"not_picked":["Magnetism","Dramatic Entrance"],"picked":"Blind","floor":38},{"not_picked":["Swift Strike","Good Instincts"],"picked":"Panacea","floor":38},{"not_picked":["Backstab","Poisoned Stab","Skewer+1"],"picked":"SKIP","floor":41},{"not_picked":["Deflect+1","Masterful Stab"],"picked":"Eviscerate+1","floor":45},{"not_picked":["Finisher+1","Poisoned Stab"],"picked":"PiercingWail","floor":47},{"not_picked":["Terror+1","Dodge and Roll"],"picked":"Acrobatics+1","floor":48},{"not_picked":["Infinite Blades+1","Predator"],"picked":"Acrobatics","floor":54}],"player_experience":18077,"relics_obtained":[{"floor":6,"key":"Ancient Tea Set"},{"floor":9,"key":"Lantern"},{"floor":12,"key":"Bag of Preparation"},{"floor":14,"key":"Paper Crane"},{"floor":23,"key":"Juzu Bracelet"},{"floor":25,"key":"FossilizedHelix"},{"floor":26,"key":"Happy Flower"},{"floor":28,"key":"Ginger"},{"floor":31,"key":"Centennial Puzzle"},{"floor":41,"key":"Frozen Egg 2"},{"floor":45,"key":"Snake Skull"},{"floor":48,"key":"Smiling Mask"},{"floor":54,"key":"Calipers"}],"event_choices":[{"cards_removed":["Strike_G"],"damage_healed":0,"gold_gain":0,"player_choice":"Card Removal","damage_taken":0,"max_hp_gain":0,"max_hp_loss":0,"event_name":"The Cleric","floor":4,"gold_loss":50},{"damage_healed":0,"gold_gain":0,"cards_transformed":["Strike_G"],"player_choice":"Change","damage_taken":0,"max_hp_gain":0,"max_hp_loss":0,"event_name":"Living Wall","floor":5,"gold_loss":0,"cards_obtained":["Terror"]},{"damage_healed":0,"gold_gain":0,"player_choice":"Lose Max HP","damage_taken":0,"relics_obtained":["Golden Idol"],"max_hp_gain":0,"max_hp_loss":5,"event_name":"Golden Idol","floor":8,"gold_loss":0},{"damage_healed":0,"gold_gain":0,"player_choice":"Ignored","damage_taken":0,"max_hp_gain":0,"max_hp_loss":0,"event_name":"Vampires","floor":19,"gold_loss":0},{"damage_healed":0,"gold_gain":0,"player_choice":"Obtained Relic","damage_taken":0,"relics_obtained":["Gremlin Horn"],"max_hp_gain":0,"max_hp_loss":0,"event_name":"Addict","floor":30,"gold_loss":85},{"damage_healed":0,"gold_gain":0,"player_choice":"Copied","damage_taken":0,"max_hp_gain":0,"max_hp_loss":0,"event_name":"Duplicator","floor":37,"gold_loss":0,"cards_obtained":["After Image"]},{"damage_healed":0,"gold_gain":0,"player_choice":"Memory 3","damage_taken":10,"max_hp_gain":0,"max_hp_loss":0,"event_name":"SensoryStone","floor":38,"gold_loss":0},{"damage_healed":0,"gold_gain":0,"player_choice":"Ignored","damage_taken":0,"max_hp_gain":0,"max_hp_loss":0,"event_name":"Tomb of Lord Red Mask","floor":39,"gold_loss":0},{"damage_healed":0,"gold_gain":333,"player_choice":"Gave Idol","damage_taken":0,"max_hp_gain":0,"max_hp_loss":0,"event_name":"The Moai Head","floor":42,"relics_lost":["Golden Idol"],"gold_loss":0},{"damage_healed":0,"gold_gain":0,"player_choice":"Embrace Madness","damage_taken":9,"max_hp_gain":0,"max_hp_loss":0,"event_name":"Winding Halls","floor":46,"gold_loss":0,"cards_obtained":["Madness","Madness"]}],"is_beta":true,"boss_relics":[{"not_picked":["Ectoplasm","Ring of the Serpent"],"picked":"Runic Pyramid"},{"not_picked":["Velvet Choker","Snecko Eye"],"picked":"Philosopher\u0027s Stone"}],"items_purged_floors":[20,44,53],"is_endless":false,"potions_floor_spawned":[1,3,7,10,13,18,21,23,35],"ascension_level":2}}