{"host":"kg61lsvem4dxoat8","time":1609824415,"event":{"mods":["BaseMod","Colored Powertips","Minty Spire (QoL Compilation)","Quick Restart","Rare Cards Sparkle","Relic Stats","slay the spire mod where everything is the same but ironclad has a cowboy hat"],"gold_per_floor":[111,127,142,142,142,142,168,203,203,203,244,16,16,53,53,162,162,185,196,196,211,221,221,256,256,256,256,273,309,137,147,147,247,256,272,272,13,27,27,27,42,42,42,42,42,42,42,42,42,42,42],"floor_reached":50,"playtime":1423,"items_purged":["Strike_P","Strike_P"],"score":486,"play_id":"0a9627fa-3891-497e-80f2-bfa294d40eef","local_time":"20210105132655","is_ascension_mode":false,"campfire_choices":[{"data":"Eruption","floor":6,"key":"SMITH"},{"data":"1","floor":10,"key":"LIFT"},{"data":"2","floor":15,"key":"LIFT"},{"data":"Ragnarok","floor":23,"key":"SMITH"},{"data":"ClearTheMind","floor":25,"key":"SMITH"},{"floor":32,"key":"REST"},{"data":"3","floor":40,"key":"LIFT"},{"data":"Vigilance","floor":42,"key":"SMITH"},{"floor":49,"key":"RECALL"}],"circlet_count":0,"master_deck":["Strike_P","Defend_P","Defend_P","Defend_P","Defend_P+1","Eruption+1","Vigilance+1","ClearTheMind+1","Tantrum","Evaluate+1","Judgement+1","Fasting2+1","Ragnarok+1","EmptyFist","Crescendo+1","DevaForm+1","CurseOfTheBell","BattleHymn+1"],"relics":["PureWater","NeowsBlessing","CeramicFish","Juzu Bracelet","Girya","Frozen Egg 2","TeardropLocket","Lantern","Odd Mushroom","Busted Crown","Potion Belt","Letter Opener","War Paint","Calling Bell","Anchor","StrikeDummy","Turnip","Happy Flower"],"acts_visited":["Exordium","TheCity","TheBeyond"],"potions_floor_usage":[11,16,16,19,22,24,24,31,33,33,35,46,46],"damage_taken":[{"damage":0,"enemies":"2 Louse","floor":1,"turns":1},{"damage":0,"enemies":"Jaw Worm","floor":2,"turns":1},{"damage":0,"enemies":"Cultist","floor":3,"turns":1},{"damage":16,"enemies":"3 Sentries","floor":8,"turns":11},{"damage":26,"enemies":"Lagavulin","floor":11,"turns":3},{"damage":0,"enemies":"The Mushroom Lair","floor":14,"turns":2},{"damage":4,"enemies":"Hexaghost","floor":16,"turns":7},{"damage":0,"enemies":"Chosen","floor":18,"turns":1},{"damage":0,"enemies":"Spheric Guardian","floor":19,"turns":1},{"damage":9,"enemies":"Snecko","floor":21,"turns":5},{"damage":3,"enemies":"Shelled Parasite and Fungi","floor":22,"turns":2},{"damage":5,"enemies":"Book of Stabbing","floor":24,"turns":4},{"damage":0,"enemies":"Centurion and Healer","floor":28,"turns":2},{"damage":14,"enemies":"Slavers","floor":29,"turns":2},{"damage":0,"enemies":"Cultist and Chosen","floor":31,"turns":3},{"damage":4,"enemies":"Champ","floor":33,"turns":8},{"damage":0,"enemies":"3 Darklings","floor":35,"turns":5},{"damage":0,"enemies":"3 Shapes","floor":38,"turns":5},{"damage":0,"enemies":"Spire Growth","floor":41,"turns":2},{"damage":0,"enemies":"Maw","floor":46,"turns":2},{"damage":79,"enemies":"Time Eater","floor":50,"turns":6}],"seed_played":"7780982499388655383","potions_obtained":[{"floor":1,"key":"Regen Potion"},{"floor":8,"key":"ColorlessPotion"},{"floor":11,"key":"FearPotion"},{"floor":19,"key":"EntropicBrew"},{"floor":28,"key":"Explosive Potion"},{"floor":29,"key":"SpeedPotion"},{"floor":31,"key":"SpeedPotion"},{"floor":33,"key":"Swift Potion"},{"floor":41,"key":"SmokeBomb"},{"floor":44,"key":"Strength Potion"},{"floor":44,"key":"DistilledChaos"},{"floor":44,"key":"Weak Potion"}],"is_trial":false,"path_per_floor":["M","M","M","?","?","R","T","E","T","R","E","$","?","?","R","B",null,"M","M","?","M","M","R","E","R","T","?","M","E","$","M","R","B",null,"M","?","$","M","?","R","M","R","T","?","?","M","?","$","R","B"],"character_chosen":"WATCHER","items_purchased":["Lantern","DevaForm+1","Happy Flower","BattleHymn+1","Block Potion"],"campfire_rested":1,"item_purchase_floors":[12,30,37,37,37],"current_hp_per_floor":[72,72,72,65,65,65,65,49,49,49,23,23,23,23,23,34,72,72,72,72,63,60,60,55,55,55,42,42,28,28,28,51,47,77,77,77,77,77,77,77,77,77,77,77,77,77,73,73,73,0,0],"gold":42,"neow_bonus":"THREE_ENEMY_KILL","is_daily":false,"chose_seed":false,"campfire_upgraded":4,"win_rate":0.0,"timestamp":1609824415,"path_taken":["M","M","M","?","?","R","?","E","T","R","E","$","?","?","R","BOSS","M","M","?","M","M","R","E","R","T","?","M","E","$","M","R","BOSS","M","?","$","M","?","R","M","R","T","?","?","M","?","?","R","BOSS"],"items_purchased_type":["Relic","Card","Relic","Card","Potion"],"build_version":"2020-12-22","purchased_purges":2,"victory":false,"max_hp_per_floor":[72,72,72,72,72,72,72,72,72,72,72,72,72,72,72,72,72,72,72,72,72,72,72,72,72,72,77,77,77,77,77,77,77,77,77,77,77,77,77,77,77,77,77,77,77,77,73,73,73,73,73],"relic_stats":{"Busted Crown":26,"Happy Flower":[5],"counters":[21,74],"CeramicFish":72,"Turnip":[3],"Juzu Bracelet":2,"Letter Opener":[40],"War Paint":["Evaluate","Defend_P"],"obtain_stats":[{"Potion Belt":24,"Girya":8,"Lantern":12,"NeowsBlessing":0,"Happy Flower":37,"CeramicFish":4,"Juzu Bracelet":7,"TeardropLocket":11,"Letter Opener":26,"Frozen Egg 2":9,"Odd Mushroom":14,"War Paint":29,"Calling Bell":34,"Anchor":34,"Busted Crown":17,"Turnip":34,"PureWater":0,"StrikeDummy":34},{"Potion Belt":12,"Girya":4,"Lantern":5,"NeowsBlessing":0,"Happy Flower":17,"CeramicFish":3,"Juzu Bracelet":3,"TeardropLocket":5,"Letter Opener":12,"Frozen Egg 2":4,"Odd Mushroom":6,"War Paint":14,"Calling Bell":16,"Anchor":16,"Busted Crown":7,"Turnip":16,"PureWater":0,"StrikeDummy":16},{"Potion Belt":39,"Girya":14,"Lantern":17,"NeowsBlessing":0,"Happy Flower":59,"CeramicFish":3,"Juzu Bracelet":3,"TeardropLocket":17,"Letter Opener":39,"Frozen Egg 2":14,"Odd Mushroom":19,"War Paint":43,"Calling Bell":54,"Anchor":54,"Busted Crown":26,"Turnip":54,"PureWater":0,"StrikeDummy":54}]},"card_choices":[{"not_picked":["Swivel","PathToVictory"],"picked":"ClearTheMind","floor":1},{"not_picked":["WindmillStrike","CarveReality"],"picked":"Tantrum","floor":2},{"not_picked":["SashWhip","Meditate"],"picked":"Evaluate","floor":3},{"not_picked":["Protect","WreathOfFlame","Meditate"],"picked":"SKIP","floor":8},{"not_picked":["Conclude","CutThroughFate"],"picked":"Judgement","floor":11},{"not_picked":["ThirdEye","EmptyFist"],"picked":"Fasting2+1","floor":14},{"not_picked":["MasterReality+1","Wish"],"picked":"Ragnarok","floor":16},{"not_picked":[],"picked":"EmptyFist","floor":18},{"not_picked":["CutThroughFate"],"picked":"SKIP","floor":19},{"not_picked":["CrushJoints+1"],"picked":"SKIP","floor":21},{"not_picked":["Consecrate"],"picked":"SKIP","floor":22},{"not_picked":["Evaluate"],"picked":"SKIP","floor":24},{"not_picked":["Crescendo"],"picked":"SKIP","floor":28},{"not_picked":[],"picked":"Crescendo+1","floor":29},{"not_picked":["Indignation"],"picked":"SKIP","floor":31},{"not_picked":["DeceiveReality+1"],"picked":"SKIP","floor":35},{"not_picked":["Pray+1"],"picked":"SKIP","floor":38},{"not_picked":["JustLucky+1"],"picked":"SKIP","floor":41}],"player_experience":1296906,"relics_obtained":[{"floor":7,"key":"Juzu Bracelet"},{"floor":8,"key":"Girya"},{"floor":9,"key":"Frozen Egg 2"},{"floor":11,"key":"TeardropLocket"},{"floor":14,"key":"Odd Mushroom"},{"floor":24,"key":"Potion Belt"},{"floor":26,"key":"Letter Opener"},{"floor":29,"key":"War Paint"},{"floor":34,"key":"Anchor"},{"floor":34,"key":"StrikeDummy"},{"floor":34,"key":"Turnip"}],"event_choices":[{"damage_healed":0,"gold_gain":0,"player_choice":"Success","damage_taken":7,"relics_obtained":["CeramicFish"],"max_hp_gain":0,"max_hp_loss":0,"event_name":"Scrap Ooze","floor":4,"gold_loss":0},{"damage_healed":0,"gold_gain":0,"player_choice":"Ignored","damage_taken":0,"max_hp_gain":0,"max_hp_loss":0,"event_name":"Liars Game","floor":5,"gold_loss":0},{"damage_healed":0,"gold_gain":0,"player_choice":"Grow","damage_taken":0,"max_hp_gain":0,"max_hp_loss":0,"event_name":"Living Wall","floor":13,"gold_loss":0,"cards_upgraded":["Judgement"]},{"damage_healed":0,"gold_gain":0,"player_choice":"Fought Mushrooms","damage_taken":0,"max_hp_gain":0,"max_hp_loss":0,"event_name":"Mushrooms","floor":14,"gold_loss":0},{"damage_healed":0,"gold_gain":0,"player_choice":"Ignored","damage_taken":0,"max_hp_gain":0,"max_hp_loss":0,"event_name":"Vampires","floor":20,"gold_loss":0},{"damage_healed":0,"gold_gain":0,"player_choice":"Shed Blood","damage_taken":18,"max_hp_gain":5,"max_hp_loss":0,"event_name":"Forgotten Altar","floor":27,"gold_loss":0},{"damage_healed":0,"gold_gain":0,"player_choice":"Ignored","damage_taken":0,"max_hp_gain":0,"max_hp_loss":0,"event_name":"Tomb of Lord Red Mask","floor":36,"gold_loss":0},{"damage_healed":0,"gold_gain":0,"player_choice":"Ignored","damage_taken":0,"max_hp_gain":0,"max_hp_loss":0,"event_name":"Mysterious Sphere","floor":39,"gold_loss":0},{"damage_healed":0,"gold_gain":0,"player_choice":"Got Potions","damage_taken":0,"max_hp_gain":0,"max_hp_loss":0,"event_name":"Lab","floor":44,"gold_loss":0},{"cards_removed":["Strike_P"],"damage_healed":0,"gold_gain":0,"player_choice":"Removed Attack","damage_taken":0,"max_hp_gain":0,"max_hp_loss":0,"event_name":"Falling","floor":45,"gold_loss":0},{"damage_healed":0,"gold_gain":0,"player_choice":"Max HP","damage_taken":0,"max_hp_gain":0,"max_hp_loss":4,"event_name":"Winding Halls","floor":47,"gold_loss":0}],"is_beta":false,"boss_relics":[{"not_picked":["Runic Pyramid","SlaversCollar"],"picked":"Busted Crown"},{"not_picked":["HolyWater","Pandora\u0027s Box"],"picked":"Calling Bell"}],"items_purged_floors":[12,30],"is_endless":false,"potions_floor_spawned":[1,8,11,19,28,29,31,33,41],"killed_by":"Time Eater","ascension_level":0}}