{"host":"ig7tc0uedzltt2sr","time":1609830628,"event":{"mods":["BaseMod","Better Twitch Integration","Block Reminder","Colored Map","Colored Powertips","Communication Mod","Current Relic Mod","GifTheSpireLib","HexUI Lib","Minty Spire (QoL Compilation)","Quick Restart","Random Character Button","Rare Cards Sparkle","Relic Sorter","Relic Stats","Slay the Relics Exporter","StSLib","SuperFastMode","Synergy Search","Twitch Decklist","Twitch Utils","everything is the same but u backflip on backflip","slay the spire mod where everything is the same but ironclad has a cowboy hat"],"gold_per_floor":[115,92,92,92,111,111,111],"floor_reached":6,"playtime":56,"items_purged":[],"score":34,"play_id":"cc3ef0cf-ee0e-4077-9665-4020d61fcaaf","local_time":"20210104231028","is_ascension_mode":false,"campfire_choices":[],"circlet_count":0,"master_deck":["Strike_R","Strike_R","Strike_R","Strike_R","Strike_R","Defend_R","Defend_R","Defend_R","Defend_R","Bash","Sword Boomerang","Evolve"],"relics":["Burning Blood","Eternal Feather"],"acts_visited":["Exordium"],"potions_floor_usage":[],"damage_taken":[{"damage":82,"enemies":"Jaw Worm","floor":1,"turns":17},{"damage":3,"enemies":"Cultist","floor":5,"turns":6},{"damage":21,"enemies":"Lagavulin","floor":6,"turns":5}],"seed_played":"-8584398209106860395","potions_obtained":[{"floor":1,"key":"PowerPotion"},{"floor":5,"key":"SpeedPotion"}],"is_trial":false,"path_per_floor":["M","?","?","T","M","E"],"character_chosen":"IRONCLAD","items_purchased":[],"campfire_rested":0,"item_purchase_floors":[],"current_hp_per_floor":[12,12,12,12,15,0,0],"gold":111,"neow_bonus":"TEN_PERCENT_HP_BONUS","is_daily":false,"chose_seed":false,"campfire_upgraded":0,"win_rate":0.0,"timestamp":1609830628,"path_taken":["M","?","?","?","M","E"],"items_purchased_type":[],"build_version":"2020-12-22","purchased_purges":0,"victory":false,"max_hp_per_floor":[88,88,88,88,88,88,88],"relic_stats":{"counters":[3,28],"Eternal Feather":0,"obtain_stats":[{"Eternal Feather":4,"Burning Blood":0},{"Eternal Feather":1,"Burning Blood":0},{"Eternal Feather":17,"Burning Blood":0}],"Burning Blood":12},"card_choices":[{"not_picked":["Seeing Red","Headbutt"],"picked":"Sword Boomerang","floor":1},{"not_picked":["Dual Wield","Bloodletting"],"picked":"Evolve","floor":5}],"player_experience":1430347,"relics_obtained":[{"floor":4,"key":"Eternal Feather"}],"event_choices":[{"damage_healed":0,"gold_gain":0,"player_choice":"Left Gold","damage_taken":0,"max_hp_gain":0,"max_hp_loss":0,"event_name":"World of Goop","floor":2,"gold_loss":23},{"damage_healed":0,"gold_gain":0,"player_choice":"Ignored","damage_taken":0,"max_hp_gain":0,"max_hp_loss":0,"event_name":"Golden Wing","floor":3,"gold_loss":0}],"is_beta":false,"boss_relics":[],"items_purged_floors":[],"is_endless":false,"potions_floor_spawned":[1,5],"killed_by":"Lagavulin","ascension_level":0}}