{"host":"0v07cr0k93jhgkpm","time":1609832245,"event":{"mods":["BaseMod","Colored Map","DeckTracker","Minty Spire (QoL Compilation)","Quick Restart","SuperFastMode"],"gold_per_floor":[367,382,38,38,55,85,85,110,110,121,121,136,36,67,67,140,140,111,111,125,138,138,138,138,138],"floor_reached":24,"playtime":926,"items_purged":["Parasite","Strike_R"],"score":482,"play_id":"ed73f7fa-e887-4946-aa6f-0f8169bfc015","local_time":"20210105163725","is_ascension_mode":true,"campfire_choices":[{"data":"Body Slam","floor":7.0,"key":"SMITH"},{"data":"Havoc","floor":11.0,"key":"SMITH"},{"data":"Pommel Strike","floor":15.0,"key":"SMITH"},{"data":"Barricade","floor":23.0,"key":"SMITH"}],"circlet_count":0,"master_deck":["AscendersBane","Strike_R","Strike_R","Strike_R","Defend_R+1","Defend_R","Defend_R","Defend_R","Bash","Carnage","Flame Barrier+1","Shrug It Off","Spot Weakness","Body Slam+1","Havoc+1","Pommel Strike+1","Barricade+1","Warcry","Reckless Charge","Feel No Pain"],"relics":["Burning Blood","Juzu Bracelet","Dead Branch","Charon\u0027s Ashes","Torii","War Paint","Runic Pyramid"],"acts_visited":["Exordium","TheCity"],"potions_floor_usage":[],"damage_taken":[{"damage":7.0,"enemies":"Small Slimes","floor":1.0,"turns":3.0},{"damage":12.0,"enemies":"Cultist","floor":2.0,"turns":4.0},{"damage":0.0,"enemies":"2 Louse","floor":5.0,"turns":3.0},{"damage":11.0,"enemies":"Gremlin Nob","floor":6.0,"turns":3.0},{"damage":26.0,"enemies":"Lagavulin","floor":8.0,"turns":7.0},{"damage":9.0,"enemies":"Blue Slaver","floor":10.0,"turns":4.0},{"damage":12.0,"enemies":"Exordium Wildlife","floor":12.0,"turns":3.0},{"damage":0.0,"enemies":"3 Sentries","floor":14.0,"turns":6.0},{"damage":10.0,"enemies":"Hexaghost","floor":16.0,"turns":9.0},{"damage":18.0,"enemies":"2 Thieves","floor":18.0,"turns":4.0},{"damage":27.0,"enemies":"Shell Parasite","floor":20.0,"turns":6.0},{"damage":14.0,"enemies":"Snake Plant","floor":21.0,"turns":4.0},{"damage":26,"enemies":"Book of Stabbing","floor":24,"turns":4}],"seed_played":"-2783768870606618771","potions_obtained":[{"floor":2.0,"key":"FearPotion"},{"floor":12.0,"key":"HeartOfIron"},{"floor":14.0,"key":"HeartOfIron"},{"floor":21.0,"key":"Explosive Potion"}],"is_trial":false,"path_per_floor":["M","M","$","?","M","E","R","E","T","M","R","M","$","E","R","B",null,"M","$","M","M","?","R","E"],"character_chosen":"IRONCLAD","items_purchased":["Juzu Bracelet","Shrug It Off","AttackPotion"],"campfire_rested":0,"item_purchase_floors":[3,3,3],"current_hp_per_floor":[67,61,61,61,67,62,62,42,42,39,39,33,33,39,39,35,63,51,51,30,22,22,22,0,0],"gold":138,"neow_bonus":"TWO_FIFTY_GOLD","is_daily":false,"chose_seed":false,"campfire_upgraded":4,"win_rate":0.0,"timestamp":1609832245,"path_taken":["M","M","$","?","M","E","R","E","T","M","R","M","$","E","R","BOSS","M","$","M","M","?","R","E"],"items_purchased_type":["Relic","Card","Potion"],"build_version":"2020-12-22","purchased_purges":2,"victory":false,"max_hp_per_floor":[75,75,72,72,72,72,72,72,72,72,72,72,72,72,72,72,72,72,72,72,72,72,72,72,72],"card_choices":[{"not_picked":["Wild Strike","Armaments"],"picked":"Carnage","floor":1.0},{"not_picked":["Heavy Blade","Warcry"],"picked":"Flame Barrier","floor":2.0},{"not_picked":["Disarm","Rupture"],"picked":"Spot Weakness","floor":5.0},{"not_picked":["Armaments","Dual Wield"],"picked":"Body Slam","floor":6.0},{"not_picked":["Iron Wave","Bloodletting"],"picked":"Havoc","floor":8.0},{"not_picked":["Cleave","Blood for Blood"],"picked":"Pommel Strike","floor":10.0},{"not_picked":["Bludgeon","Cleave","Armaments"],"picked":"SKIP","floor":12.0},{"not_picked":["Perfected Strike","Clothesline","Havoc"],"picked":"SKIP","floor":14.0},{"not_picked":["Impervious","Berserk"],"picked":"Barricade","floor":16.0},{"not_picked":["Headbutt","Twin Strike"],"picked":"Warcry","floor":18.0},{"not_picked":["Battle Trance","Headbutt"],"picked":"Reckless Charge","floor":20.0},{"not_picked":["Wild Strike","Thunderclap","Twin Strike"],"picked":"SKIP","floor":21.0}],"player_experience":2475077,"relics_obtained":[{"floor":6.0,"key":"Dead Branch"},{"floor":8.0,"key":"Charon\u0027s Ashes"},{"floor":9.0,"key":"Torii"},{"floor":14.0,"key":"War Paint"}],"event_choices":[{"cards_removed":["Strike_R"],"damage_healed":0.0,"max_hp_gain":0.0,"max_hp_loss":0.0,"gold_gain":0.0,"event_name":"Bonfire Elementals","player_choice":"Offered Basic","floor":4.0,"gold_loss":0.0,"damage_taken":0.0},{"damage_healed":0.0,"max_hp_gain":0.0,"max_hp_loss":0.0,"gold_gain":0.0,"event_name":"The Library","player_choice":"Read","floor":22.0,"gold_loss":0.0,"damage_taken":0.0,"cards_obtained":["Feel No Pain"]}],"is_beta":false,"boss_relics":[{"not_picked":["Velvet Choker","Calling Bell"],"picked":"Runic Pyramid"}],"items_purged_floors":[3,13],"is_endless":false,"potions_floor_spawned":[2,12,14,21],"killed_by":"Book of Stabbing","ascension_level":20}}