{"host":"kdlz4xtsumv7xd79","time":1609887436,"event":{"mods":["BaseMod","Hermit","Hubris","Marisa????????","Minty Spire (QoL Compilation)","Remilia??????","Replay The Spire","StSLib","The Marked","The Mystic","The Senshi","The Servant 0.9.4","The Wild Card","Yuri Mod"],"gold_per_floor":[115,115,125,300,355,355,373,373,418,438,450,450,504,525,525,636,636,659,684,684,76,112,151,187,229,275,275,275],"floor_reached":27,"playtime":1456,"items_purged":[],"score":453,"play_id":"dd36e8f3-df36-44b1-8c5f-ed48537d826f","local_time":"20210105165716","daily_mods":["Insanity"],"is_ascension_mode":false,"campfire_choices":[{"floor":6,"key":"REST"},{"floor":8,"key":"REST"},{"floor":12,"key":"REST"}],"circlet_count":0,"master_deck":["yuri:Stare","yuri:DejaVu","yuri:RecklessStrike","yuri:yuriHeavyStrike","yuri:UntestedCode","yuri:MultiDip","yuri:GreenTea+1","yuri:SeeingDouble","yuri:BookGreen","yuri:HeavierStrike","yuri:Spin","yuri:HeavierStrike","yuri:ReactiveMadness","yuri:NerfBat","yuri:ReactiveMadness","yuri:ThrowBook","yuri:DejaVu","yuri:UnstableStrike","yuri:HeavierStrike","yuri:HeavierStrike","yuri:BookBlue","yuri:ThrowingKnives","yuri:yuriQuickStrike","yuri:RecklessStrike","yuri:Skip","yuri:MultiDip","yuri:Stare","yuri:SeeingDouble","yuri:GlitchedStrike","yuri:UnstableStrike","yuri:MultiDip","yuri:NerfBat","yuri:MPose","yuri:Skip","yuri:Skip","yuri:Stare","yuri:GlitchedStrike","yuri:SeeingDouble","yuri:Stare","yuri:MPose","yuri:BookPurple","yuri:GlitchedStrike","yuri:yuriHeavyStrike","yuri:SeeingDouble","yuri:InsanityDefense","yuri:GlitchedStrike","yuri:Stare","yuri:HoldBack","yuri:ThrowBook","yuri:StealPen","yuri:Stalk","yuri:Parry","Doubt","yuri:DisableStrike","yuri:DeepBreathing","yuri:ThrowingKnives","yuri:SeeingDouble","yuri:Stalk","yuri:yuriQuickStrike","yuri:DuplicateCode","yuri:GlitchedStrike","yuri:UnstableStrike","yuri:GrowingInsanity","yuri:yuriHeavyStrike+1","yuri:BookGreen","yuri:DebugCard+1","yuri:SturdyUniform+1"],"relics":["yuri:yuriKnife","Mercury Hourglass","Smiling Mask","CeramicFish","Velvet Choker","yuri:GlitchPowder","Shuriken","InkBottle","Red Mask","Potion Belt","Blood Vial"],"acts_visited":["Exordium","TheCity"],"potions_floor_usage":[11,11,22],"damage_taken":[{"damage":0,"enemies":"Small Slimes","floor":1,"turns":3},{"damage":11,"enemies":"Jaw Worm","floor":3,"turns":2},{"damage":4,"enemies":"2 Louse","floor":7,"turns":2},{"damage":8,"enemies":"2 Fungi Beasts","floor":10,"turns":3},{"damage":33,"enemies":"Gremlin Gang","floor":11,"turns":3},{"damage":28,"enemies":"Lagavulin","floor":13,"turns":4},{"damage":9,"enemies":"Looter","floor":14,"turns":2},{"damage":11,"enemies":"Slime Boss","floor":16,"turns":5},{"damage":14,"enemies":"2 Thieves","floor":18,"turns":3},{"damage":9,"enemies":"Spheric Guardian","floor":19,"turns":3},{"damage":20,"enemies":"Cultist and Chosen","floor":22,"turns":4},{"damage":18,"enemies":"Gremlin Leader","floor":23,"turns":4},{"damage":16,"enemies":"Masked Bandits","floor":24,"turns":3},{"damage":14,"enemies":"Replay:Snechameleon","floor":25,"turns":5},{"damage":3,"enemies":"Centurion and Healer","floor":27,"turns":1}],"seed_played":"-9055706366140649399","potions_obtained":[{"floor":3,"key":"Dexterity Potion"},{"floor":5,"key":"Venom Potion"},{"floor":7,"key":"AttackPotion"},{"floor":11,"key":"Milkshake"},{"floor":16,"key":"Weak Potion"},{"floor":19,"key":"SkillPotion"},{"floor":23,"key":"Adrenaline Potion"},{"floor":25,"key":"PowerPotion"}],"is_trial":true,"path_per_floor":["M","?","M","?","?","R","M","R","T","M","M","R","E","M","R","B",null,"M","M","?","$","M","E","?","E","T","M"],"character_chosen":"YURI","items_purchased":["yuri:GrowingInsanity","yuri:GlitchPowder","Shuriken"],"campfire_rested":3,"item_purchase_floors":[21,21,21],"current_hp_per_floor":[80,80,69,69,37,61,57,80,80,72,39,63,35,26,52,47,80,66,57,57,57,43,25,9,1,1,0,0],"gold":275,"neow_bonus":"","is_daily":false,"chose_seed":false,"campfire_upgraded":0,"win_rate":0.0,"timestamp":1609887436,"path_taken":["M","?","M","?","?","R","M","R","T","M","M","R","E","M","R","BOSS","M","M","?","$","M","E","?","E","T","M"],"items_purchased_type":["Card","Relic","Relic"],"build_version":"2020-12-22","purchased_purges":0,"victory":false,"max_hp_per_floor":[80,80,80,80,80,80,80,80,80,80,80,80,80,80,80,80,80,80,80,80,80,80,80,80,80,80,80,80],"card_choices":[{"not_picked":["yuri:GrowingInsanity","yuri:BrokenCode"],"picked":"yuri:Stalk","floor":1},{"not_picked":["yuri:Spin","yuri:RecklessStrike"],"picked":"yuri:Parry","floor":3},{"not_picked":["yuri:HeavierStrike","yuri:ThrowBook"],"picked":"yuri:DisableStrike","floor":5},{"not_picked":["yuri:WickedSlash","yuri:SturdyUniform"],"picked":"yuri:DeepBreathing","floor":7},{"not_picked":["yuri:InduceGlitch","yuri:DejaVu"],"picked":"yuri:ThrowingKnives","floor":10},{"not_picked":["yuri:WickedSlash","yuri:RecklessStrike"],"picked":"yuri:SeeingDouble","floor":11},{"not_picked":["yuri:CalmingAura","yuri:Stare"],"picked":"yuri:Stalk","floor":13},{"not_picked":["yuri:CalmingAura","yuri:ThrowBook"],"picked":"yuri:yuriQuickStrike","floor":14},{"not_picked":["yuri:RemoveSafetyChecks","yuri:DisableStrike"],"picked":"yuri:DuplicateCode","floor":16},{"not_picked":["yuri:Spin+1","yuri:DejaVu"],"picked":"yuri:GlitchedStrike","floor":18},{"not_picked":["yuri:DejaVu","yuri:StealPen"],"picked":"yuri:UnstableStrike","floor":19},{"not_picked":["yuri:Skip","yuri:UntestedCode"],"picked":"yuri:yuriHeavyStrike+1","floor":22},{"not_picked":["yuri:RepairCode","yuri:ThornRemove"],"picked":"yuri:BookGreen","floor":23},{"not_picked":["yuri:ThrowingKnives","yuri:RecklessStrike"],"picked":"yuri:DebugCard+1","floor":24},{"not_picked":["yuri:DebugCard","yuri:UnstableStrike+1"],"picked":"yuri:SturdyUniform+1","floor":25}],"player_experience":177282,"relics_obtained":[{"floor":5,"key":"Mercury Hourglass"},{"floor":9,"key":"Smiling Mask"},{"floor":13,"key":"CeramicFish"},{"floor":23,"key":"InkBottle"},{"floor":24,"key":"Red Mask"},{"floor":25,"key":"Potion Belt"},{"floor":26,"key":"Blood Vial"}],"event_choices":[{"damage_healed":0,"gold_gain":0,"player_choice":"Grow","damage_taken":0,"max_hp_gain":0,"max_hp_loss":0,"event_name":"Living Wall","floor":2,"gold_loss":0,"cards_upgraded":["yuri:GreenTea"]},{"damage_healed":0,"gold_gain":175,"player_choice":"AGREE","damage_taken":0,"max_hp_gain":0,"max_hp_loss":0,"event_name":"Liars Game","floor":4,"gold_loss":0,"cards_obtained":["Doubt"]},{"damage_healed":26,"gold_gain":0,"player_choice":"Banana","damage_taken":0,"max_hp_gain":0,"max_hp_loss":0,"event_name":"Big Fish","floor":15,"gold_loss":0},{"damage_healed":0,"gold_gain":0,"player_choice":"Ignored","damage_taken":0,"max_hp_gain":0,"max_hp_loss":0,"event_name":"Beggar","floor":20,"gold_loss":0},{"damage_healed":0,"gold_gain":0,"player_choice":"Fought Bandits","damage_taken":0,"max_hp_gain":0,"max_hp_loss":0,"event_name":"Masked Bandits","floor":24,"gold_loss":0}],"is_beta":false,"boss_relics":[{"not_picked":["Coffee Dripper","Ectoplasm"],"picked":"Velvet Choker"}],"items_purged_floors":[],"is_endless":false,"potions_floor_spawned":[3,7,10,11,16,19,23,24,25],"killed_by":"Centurion and Healer","ascension_level":0}}