{"host":"q79spna8ofw6hj3r","time":1609811899,"event":{"mods":["Aspiration","BaseMod","Bestiary","Better Altar","Better Match","Better Note","Better Sensory Stone","Better Skull","Better Third Choice","Better Vampires","BetterRewards","Block Reminder","Card Filter","Challenge The Spire","Colored Map","Colored Powertips","Conspire","Custom Start","Energized Spire","Halation","Hubris","Infinite Spire","Jedi Mod","Mimic Mod","Minty Spire (QoL Compilation)","Permanent Neow","Quick Restart","Relic Filter","Relic Sorter","Replay The Spire","Shop Mod","StSLib","SuperFastMode","Synergy Search","The Servant 0.9.4","vexMod"],"gold_per_floor":[113,113,113,307,307,307,307,307,307,307,207,207,207,207,207,207,207,207,207,33,33,33,33,33,33,33,33,33],"floor_reached":27,"playtime":763,"items_purged":["Strike_S","Defend_S"],"score":232,"play_id":"68258d56-6519-4502-955a-7cecb5b9f6a2","local_time":"20210105035819","is_ascension_mode":false,"campfire_choices":[{"data":"KidneyShot","floor":8,"key":"SMITH"},{"data":"FastForward","floor":10,"key":"SMITH"},{"data":"Exchange","floor":13,"key":"SMITH"},{"data":"Rearm","floor":15,"key":"SMITH"},{"data":"SilverBlades","floor":23,"key":"SMITH"}],"circlet_count":0,"master_deck":["Strike_S","Strike_S","Defend_S","Defend_S","Defend_S","KidneyShot+1","Exchange+1","FastForward+1","Rearm+1","Starlight","SilverBlades+1","Dilation+1"],"relics":["Uniform","NeowsBlessing","jedi:ominousloannote","Juzu Bracelet","Bag of Marbles","Boot","hubris:Towel","Odd Mushroom","Black Star","jedi:bottledfury"],"acts_visited":["Exordium","TheCity"],"potions_floor_usage":[16],"damage_taken":[{"damage":0,"enemies":"Cultist","floor":1,"turns":1},{"damage":0,"enemies":"Lagavulin","floor":6,"turns":1},{"damage":0,"enemies":"Jaw Worm","floor":7,"turns":1},{"damage":20,"enemies":"The Mushroom Lair","floor":14,"turns":5},{"damage":17,"enemies":"The Guardian","floor":16,"turns":21},{"damage":9,"enemies":"Chosen","floor":18,"turns":9},{"damage":27,"enemies":"Spheric Guardian","floor":19,"turns":7},{"damage":9,"enemies":"Snecko","floor":22,"turns":8},{"damage":18,"enemies":"Centurion and Healer","floor":25,"turns":4},{"damage":7,"enemies":"Slavers","floor":27,"turns":1}],"seed_played":"593127696947311178","potions_obtained":[{"floor":1,"key":"Block Potion"},{"floor":16,"key":"Milkshake"},{"floor":25,"key":"Swift Potion"}],"is_trial":false,"path_per_floor":["M","?","?","$","?","E","M","R","T","R","$","?","R","?","R","B",null,"M","M","$","?","M","R","?","M","T","E"],"character_chosen":"THE_SERVANT","items_purchased":["jedi:ominousloannote","Juzu Bracelet","SilverBlades","Dilation+1"],"campfire_rested":0,"item_purchase_floors":[4,4,20,20],"current_hp_per_floor":[65,65,65,65,65,65,65,65,65,65,65,65,65,45,45,28,65,56,29,29,29,20,20,20,2,2,0,0],"gold":33,"neow_bonus":"THREE_ENEMY_KILL","is_daily":false,"chose_seed":false,"campfire_upgraded":5,"win_rate":0.0,"timestamp":1609811899,"path_taken":["M","?","?","?","?","E","M","R","T","R","$","?","R","?","R","BOSS","M","M","$","?","M","R","?","M","T","E"],"items_purchased_type":["Relic","Relic","Card","Card"],"build_version":"2020-12-22","purchased_purges":2,"victory":false,"max_hp_per_floor":[65,65,65,65,65,65,65,65,65,65,65,65,65,65,65,65,65,65,65,65,65,65,65,65,65,65,65,65],"card_choices":[{"not_picked":["Alleviate","Starlight"],"picked":"FastForward","floor":1},{"not_picked":["Foresight","Replace","Manipulate"],"picked":"SKIP","floor":6},{"not_picked":["ShatteredReality","Desolation","Rewind"],"picked":"SKIP","floor":7},{"not_picked":["Rewind","Spin"],"picked":"Rearm","floor":14},{"not_picked":["Defy","Misdirection"],"picked":"Starlight","floor":18},{"not_picked":["ShiftingGears","DoubleEdge","Ricochet"],"picked":"SKIP","floor":19},{"not_picked":["TimeWarp+1","DoubleEdge","Spin"],"picked":"SKIP","floor":22},{"not_picked":["Collapse","Starlight","Moondial+1"],"picked":"SKIP","floor":25}],"player_experience":203644,"relics_obtained":[{"floor":6,"key":"Bag of Marbles"},{"floor":9,"key":"Boot"},{"floor":14,"key":"Odd Mushroom"},{"floor":26,"key":"jedi:bottledfury"}],"event_choices":[{"damage_healed":0,"gold_gain":0,"player_choice":"Fought Mushrooms","damage_taken":0,"max_hp_gain":0,"max_hp_loss":0,"event_name":"Mushrooms","floor":14,"gold_loss":0},{"cards_removed":["Defend_S"],"damage_healed":0,"gold_gain":0,"player_choice":"Give","damage_taken":0,"max_hp_gain":0,"max_hp_loss":0,"event_name":"betterNote:BetterNote","floor":21,"gold_loss":0,"cards_obtained":["None"]},{"damage_healed":0,"gold_gain":0,"player_choice":"Leave","damage_taken":0,"max_hp_gain":0,"max_hp_loss":0,"event_name":"conspire:Investor","floor":24,"gold_loss":0}],"is_beta":false,"boss_relics":[{"not_picked":["Astrolabe","Cursed Key"],"picked":"Black Star"}],"items_purged_floors":[4,11],"is_endless":false,"potions_floor_spawned":[1,16,25],"killed_by":"Slavers","ascension_level":0}}