{"host":"igj4vwc42ivwqexo","time":1609873538,"event":{"mods":["BaseMod","Better Third Choice","Koishi","Marisa????????","Minty Spire (QoL Compilation)","Shop Mod","StSLib","The Blue Laboratory","The Disciple","The Hierophant","The Servant 0.9.4"],"gold_per_floor":[109,109,109,132,28,62,62,75,99,112,133,133,156,172,172,295,295,315,315,315],"floor_reached":19,"playtime":2890,"items_purged":[],"score":171,"play_id":"5e958c4a-db90-4239-ab78-497d9828aea4","local_time":"20210105200538","is_ascension_mode":false,"campfire_choices":[{"data":"BeatsPerMinute","floor":7,"key":"SMITH"},{"data":"LockedWarPaint","floor":12,"key":"SMITH"},{"data":"ExoVibe","floor":15,"key":"SMITH"}],"circlet_count":0,"master_deck":["Sospirando+1","Allegro+1","Moderato+1","Allegro","Strike_Br","Strike_Br","Strike_Br","Strike_Br","Defend_Br","Defend_Br+1","Defend_Br","Defend_Br","SecondHand","PatternShift+1","BeatsPerMinute+1","Cuckoo","LockedAnchor","Accruing","OverTime","LockedWarPaint+1","BlueShift","Accruing","ExoVibe+5","VestedLegacy","Chronoelasticity","OldTimer+1","TiringSlam+1","LockedBlood+1","TickedOff"],"relics":["Chronometer","Golden Idol","Bronze Scales","War Paint","Astrolabe"],"acts_visited":["Exordium","TheCity"],"potions_floor_usage":[16,16,18],"damage_taken":[{"damage":3,"enemies":"Small Slimes","floor":1,"turns":4},{"damage":3,"enemies":"Cultist","floor":4,"turns":6},{"damage":17,"enemies":"Lagavulin","floor":6,"turns":7},{"damage":0,"enemies":"2 Louse","floor":8,"turns":3},{"damage":0,"enemies":"2 Fungi Beasts","floor":10,"turns":3},{"damage":0,"enemies":"Exordium Thugs","floor":11,"turns":5},{"damage":6,"enemies":"3 Louse","floor":13,"turns":6},{"damage":8,"enemies":"Large Slime","floor":14,"turns":10},{"damage":2,"enemies":"Hexaghost","floor":16,"turns":15},{"damage":18,"enemies":"3 Byrds","floor":18,"turns":4},{"damage":70,"enemies":"Spheric Guardian","floor":19,"turns":8}],"seed_played":"-7675646628372304243","potions_obtained":[{"floor":1,"key":"blueLaboratory:NullPotion"},{"floor":10,"key":"blueLaboratory:HeartbeatPotion"},{"floor":13,"key":"ColorlessPotion"},{"floor":16,"key":"blueLaboratory:PolymorphPotion"}],"is_trial":false,"path_per_floor":["M","?","?","M","$","E","R","M","T","M","M","R","M","M","R","B",null,"M","M"],"character_chosen":"CHRONO_CLASS","items_purchased":["LockedAnchor","Accruing"],"campfire_rested":0,"item_purchase_floors":[5,5],"current_hp_per_floor":[68,51,51,48,48,31,31,31,31,31,31,31,25,17,17,15,71,66,0,0],"gold":315,"neow_bonus":"TEN_PERCENT_HP_BONUS","is_daily":false,"chose_seed":false,"campfire_upgraded":3,"win_rate":0.0,"timestamp":1609873538,"path_taken":["M","?","?","?","?","E","R","M","T","M","M","R","M","M","R","BOSS","M","M"],"items_purchased_type":["Card","Card"],"build_version":"2020-12-22","purchased_purges":0,"victory":false,"max_hp_per_floor":[71,71,71,71,71,71,71,71,71,71,71,71,71,71,71,71,71,71,71,71],"card_choices":[{"not_picked":["BlueShift","Stagnate"],"picked":"BeatsPerMinute","floor":1},{"not_picked":["CrunchTime","LockedBlood"],"picked":"Cuckoo","floor":4},{"not_picked":["LockedPlans","DaylightSavings"],"picked":"OverTime","floor":6},{"not_picked":["AlternateTimeline","Engulf"],"picked":"LockedWarPaint","floor":8},{"not_picked":["Recurrance","Echoward"],"picked":"BlueShift","floor":10},{"not_picked":["WindUp","LockedMedicine"],"picked":"Accruing","floor":11},{"not_picked":["BiteCommand","Tempo"],"picked":"ExoVibe","floor":13},{"not_picked":["WakeUpCall","LockedPlans"],"picked":"VestedLegacy","floor":14},{"not_picked":["BackFourSeconds","LockedBell"],"picked":"Chronoelasticity","floor":16},{"not_picked":["LockedBlood+1","Parity"],"picked":"TickedOff","floor":18}],"player_experience":350648,"relics_obtained":[{"floor":6,"key":"Bronze Scales"},{"floor":9,"key":"War Paint"}],"event_choices":[{"damage_healed":0,"gold_gain":0,"player_choice":"Take Damage","damage_taken":17,"relics_obtained":["Golden Idol"],"max_hp_gain":0,"max_hp_loss":0,"event_name":"Golden Idol","floor":2,"gold_loss":0},{"damage_healed":0,"gold_gain":0,"player_choice":"Bought 0 Potions","damage_taken":0,"max_hp_gain":0,"max_hp_loss":0,"event_name":"The Woman in Blue","floor":3,"gold_loss":0}],"is_beta":false,"boss_relics":[{"not_picked":["Sozu","Empty Cage"],"picked":"Astrolabe"}],"items_purged_floors":[],"is_endless":false,"potions_floor_spawned":[1,10,13,16],"killed_by":"Spheric Guardian","ascension_level":0}}