{"host":"dmdprxj8bosbz96f","time":1609886630,"event":{"mods":["AchievementEnabler","BaseMod","Colored Map","DeckTracker","Minty Spire (QoL Compilation)","Quick Restart","SuperFastMode","everything is the same but u backflip on backflip"],"gold_per_floor":[111,126,146,166,180,180,207,207,207,221,237,254,273,273,273,378,378,393,404,94,19,37,67,67,77,77,90,106,124,124,134,134,236,236,248,248,248,248,260,287,287,37,92,117,117,117,131,131,131,131,131],"floor_reached":50,"playtime":1762,"items_purged":["Defend_R","Sword Boomerang"],"score":621,"play_id":"e71826c1-b7c4-4e18-a1a3-45dc2b5aa773","local_time":"20210106074350","is_ascension_mode":true,"campfire_choices":[{"data":"Perfected Strike","floor":6.0,"key":"SMITH"},{"data":"Perfected Strike","floor":8.0,"key":"SMITH"},{"floor":15.0,"key":"REST"},{"floor":24.0,"key":"REST"},{"data":"Perfected Strike","floor":30.0,"key":"SMITH"},{"floor":32.0,"key":"REST"},{"floor":41.0,"key":"REST"},{"floor":46.0,"key":"REST"},{"data":"Offering","floor":49.0,"key":"SMITH"}],"circlet_count":0,"master_deck":["Strike_R","Strike_R","Strike_R","Strike_R","Strike_R","Defend_R","Defend_R","Bash","Dual Wield","Perfected Strike+1","Twin Strike","Perfected Strike+1","Perfected Strike+1","Wild Strike","Whirlwind","Offering+1","Pommel Strike","Twin Strike","Pommel Strike","Seeing Red","Headbutt","Deep Breath","Impervious","Burning Pact+1","Pommel Strike+1","Wild Strike","Flex","Armaments+1","Impervious","Shrug It Off","Twin Strike+1"],"relics":["Burning Blood","NeowsBlessing","Eternal Feather","Bottled Lightning","SlaversCollar","Letter Opener","Ice Cream","Runic Cube","Dead Branch","HandDrill","Pen Nib","Omamori","Smiling Mask"],"acts_visited":["Exordium","TheCity","TheBeyond"],"potions_floor_usage":[50,50],"damage_taken":[{"damage":0.0,"enemies":"Cultist","floor":1.0,"turns":1.0},{"damage":0.0,"enemies":"2 Louse","floor":2.0,"turns":1.0},{"damage":0.0,"enemies":"Small Slimes","floor":3.0,"turns":1.0},{"damage":6.0,"enemies":"2 Fungi Beasts","floor":4.0,"turns":2.0},{"damage":18.0,"enemies":"Large Slime","floor":5.0,"turns":6.0},{"damage":40.0,"enemies":"3 Sentries","floor":7.0,"turns":7.0},{"damage":11.0,"enemies":"Looter","floor":10.0,"turns":2.0},{"damage":12.0,"enemies":"2 Fungi Beasts","floor":11.0,"turns":2.0},{"damage":14.0,"enemies":"Red Slaver","floor":12.0,"turns":2.0},{"damage":0.0,"enemies":"Large Slime","floor":13.0,"turns":4.0},{"damage":10.0,"enemies":"Lagavulin","floor":14.0,"turns":3.0},{"damage":38.0,"enemies":"Slime Boss","floor":16.0,"turns":7.0},{"damage":12.0,"enemies":"Chosen","floor":18.0,"turns":4.0},{"damage":30.0,"enemies":"Spheric Guardian","floor":19.0,"turns":4.0},{"damage":27.0,"enemies":"Centurion and Healer","floor":22.0,"turns":4.0},{"damage":7.0,"enemies":"Slavers","floor":23.0,"turns":2.0},{"damage":12.0,"enemies":"Cultist and Chosen","floor":25.0,"turns":3.0},{"damage":18.0,"enemies":"Snecko","floor":27.0,"turns":3.0},{"damage":24.0,"enemies":"Shelled Parasite and Fungi","floor":28.0,"turns":3.0},{"damage":18.0,"enemies":"Cultist and Chosen","floor":29.0,"turns":2.0},{"damage":7.0,"enemies":"Chosen and Byrds","floor":31.0,"turns":3.0},{"damage":50.0,"enemies":"Champ","floor":33.0,"turns":5.0},{"damage":10.0,"enemies":"3 Shapes","floor":35.0,"turns":4.0},{"damage":30.0,"enemies":"Orb Walker","floor":39.0,"turns":4.0},{"damage":33.0,"enemies":"Reptomancer","floor":40.0,"turns":6.0},{"damage":47.0,"enemies":"Nemesis","floor":44.0,"turns":5.0},{"damage":51.0,"enemies":"Spire Growth","floor":47.0,"turns":4.0},{"damage":72,"enemies":"Awakened One","floor":50,"turns":8}],"seed_played":"5803005054808824092","potions_obtained":[{"floor":1.0,"key":"Weak Potion"},{"floor":3.0,"key":"Explosive Potion"},{"floor":5.0,"key":"SteroidPotion"},{"floor":12.0,"key":"SmokeBomb"},{"floor":19.0,"key":"Swift Potion"},{"floor":22.0,"key":"SpeedPotion"},{"floor":25.0,"key":"GamblersBrew"},{"floor":27.0,"key":"DistilledChaos"},{"floor":31.0,"key":"Ancient Potion"},{"floor":40.0,"key":"FearPotion"},{"floor":47.0,"key":"LiquidBronze"}],"is_trial":false,"path_per_floor":["M","M","M","M","M","R","E","R","T","M","M","M","M","E","R","B",null,"M","M","$","?","M","E","R","M","T","M","M","M","R","M","R","B",null,"M","?","?","?","M","E","R","$","T","E","T","R","M","?","R","B"],"character_chosen":"IRONCLAD","items_purchased":["Pommel Strike","Seeing Red","Headbutt","Deep Breath","HandDrill"],"campfire_rested":5,"item_purchase_floors":[20,20,20,20,42],"current_hp_per_floor":[80,80,80,80,68,68,34,43,43,38,32,24,30,26,59,27,80,74,50,50,50,29,28,67,61,61,49,31,19,34,33,72,28,80,76,76,76,76,52,25,65,65,65,24,24,64,19,76,76,4,4],"gold":131,"neow_bonus":"THREE_ENEMY_KILL","is_daily":false,"chose_seed":false,"campfire_upgraded":4,"win_rate":0.0,"timestamp":1609886630,"path_taken":["M","?","M","M","M","R","E","R","T","?","M","M","M","E","R","BOSS","M","M","$","?","M","E","R","M","T","M","M","M","R","M","R","BOSS","M","?","?","?","M","E","R","$","T","E","?","R","M","?","R","BOSS"],"items_purchased_type":["Card","Card","Card","Card","Relic"],"build_version":"2020-12-22","purchased_purges":2,"victory":false,"max_hp_per_floor":[80,80,80,80,80,80,80,80,80,80,80,80,80,80,80,80,80,80,80,80,80,80,80,80,80,80,80,80,80,80,80,80,80,80,80,80,76,76,76,76,76,76,76,76,76,76,76,76,76,76,76],"card_choices":[{"not_picked":["Inflame","Anger"],"picked":"Dual Wield","floor":1.0},{"not_picked":["Shockwave","True Grit"],"picked":"Sword Boomerang","floor":2.0},{"not_picked":["Hemokinesis","Body Slam"],"picked":"Perfected Strike","floor":3.0},{"not_picked":["Clothesline","Bludgeon"],"picked":"Twin Strike","floor":4.0},{"not_picked":["Sword Boomerang","Twin Strike"],"picked":"Perfected Strike","floor":5.0},{"not_picked":["Armaments","Iron Wave"],"picked":"Perfected Strike","floor":7.0},{"not_picked":["Iron Wave","Havoc"],"picked":"Wild Strike","floor":10.0},{"not_picked":["Shockwave","Brutality","Sword Boomerang"],"picked":"SKIP","floor":11.0},{"not_picked":["Shockwave","Clash","Carnage"],"picked":"SKIP","floor":12.0},{"not_picked":["Iron Wave","Bloodletting"],"picked":"Whirlwind","floor":13.0},{"not_picked":["Demon Form","Immolate"],"picked":"Offering","floor":16.0},{"not_picked":["Rage+1","Heavy Blade+1"],"picked":"Pommel Strike","floor":18.0},{"not_picked":["Second Wind","Flex"],"picked":"Twin Strike","floor":19.0},{"not_picked":["Thunderclap","Whirlwind+1"],"picked":"Impervious","floor":22.0},{"not_picked":["Whirlwind","Metallicize"],"picked":"Burning Pact+1","floor":23.0},{"not_picked":["Flex+1","Dropkick+1"],"picked":"Pommel Strike+1","floor":25.0},{"not_picked":["Dual Wield","Anger+1"],"picked":"Wild Strike","floor":27.0},{"not_picked":["Thunderclap+1","Heavy Blade"],"picked":"Flex","floor":28.0},{"not_picked":["Fire Breathing","Barricade"],"picked":"Armaments+1","floor":29.0},{"not_picked":["Heavy Blade","Sever Soul","Infernal Blade"],"picked":"SKIP","floor":31.0},{"not_picked":["Reaper","Immolate"],"picked":"Impervious","floor":33.0},{"not_picked":["Rampage+1","Havoc+1","Wild Strike"],"picked":"SKIP","floor":35.0},{"not_picked":["Spot Weakness+1","Battle Trance"],"picked":"Shrug It Off","floor":39.0},{"not_picked":["Clash+1","Heavy Blade+1","Uppercut+1"],"picked":"SKIP","floor":40.0},{"not_picked":["Offering","Carnage+1"],"picked":"Twin Strike+1","floor":44.0},{"not_picked":["True Grit+1","Iron Wave+1","Flame Barrier+1"],"picked":"SKIP","floor":47.0}],"player_experience":145053,"relics_obtained":[{"floor":7.0,"key":"Eternal Feather"},{"floor":9.0,"key":"Bottled Lightning"},{"floor":23.0,"key":"Letter Opener"},{"floor":26.0,"key":"Ice Cream"},{"floor":40.0,"key":"Dead Branch"},{"floor":43.0,"key":"Pen Nib"},{"floor":44.0,"key":"Omamori"},{"floor":45.0,"key":"Smiling Mask"}],"event_choices":[{"cards_removed":["Defend_R"],"damage_healed":0.0,"max_hp_gain":0.0,"max_hp_loss":0.0,"gold_gain":0.0,"event_name":"Beggar","player_choice":"Gave Gold","floor":21.0,"gold_loss":75.0,"damage_taken":0.0},{"damage_healed":0.0,"max_hp_gain":0.0,"max_hp_loss":0.0,"gold_gain":0.0,"event_name":"SensoryStone","player_choice":"Memory 1","floor":36.0,"gold_loss":0.0,"damage_taken":0.0},{"damage_healed":0.0,"max_hp_gain":0.0,"max_hp_loss":4.0,"gold_gain":0.0,"event_name":"Winding Halls","player_choice":"Max HP","floor":37.0,"gold_loss":0.0,"damage_taken":0.0},{"damage_healed":0.0,"max_hp_gain":0.0,"max_hp_loss":0.0,"gold_gain":0.0,"event_name":"Tomb of Lord Red Mask","player_choice":"Ignored","floor":38.0,"gold_loss":0.0,"damage_taken":0.0},{"damage_healed":57.0,"max_hp_gain":0.0,"max_hp_loss":0.0,"gold_gain":0.0,"event_name":"MindBloom","player_choice":"Heal","floor":48.0,"gold_loss":0.0,"damage_taken":0.0,"cards_obtained":["Doubt"]}],"is_beta":false,"boss_relics":[{"not_picked":["Calling Bell","Velvet Choker"],"picked":"SlaversCollar"},{"not_picked":["Sozu","Mark of Pain"],"picked":"Runic Cube"}],"items_purged_floors":[20,42],"is_endless":false,"potions_floor_spawned":[1,3,5,12,14,19,22,25,27,31,40,47],"killed_by":"Awakened One","ascension_level":3}}