{"host":"Jedit","time":1609808224,"event":{"mods":["BaseMod","Minty Spire (QoL Compilation)","Relic Stats","StSLib"],"gold_per_floor":[118,135,150,0,18,49,49,84,109,109,109,70,100,100,100,171,171,188,188,198,27,46,46,20,20,20],"floor_reached":25,"playtime":1018,"items_purged":["Strike_B"],"score":438,"play_id":"f912aeaa-7935-4064-9349-7357e3e0bb7e","local_time":"20210105005704","is_ascension_mode":true,"campfire_choices":[{"data":"Chaos","floor":7,"key":"SMITH"},{"data":"Tempest","floor":10,"key":"SMITH"},{"floor":15,"key":"REST"}],"circlet_count":0,"master_deck":["AscendersBane","Strike_B","Strike_B","Defend_B","Defend_B","Defend_B","Defend_B","Zap","Dualcast","Glacier","Barrage","Chaos+1","Barrage","Glacier","Tempest+1","Loop","Compile Driver","Seek","Redo","Auto Shields","Reinforced Body","Chill","Blizzard","Doom and Gloom","Turbo"],"relics":["Philosopher\u0027s Stone","Oddly Smooth Stone","Boot","Art of War","Omamori","Nuclear Battery"],"acts_visited":["Exordium","TheCity"],"potions_floor_usage":[6,8,16],"damage_taken":[{"damage":2,"enemies":"Cultist","floor":1,"turns":4},{"damage":0,"enemies":"2 Louse","floor":2,"turns":4},{"damage":0,"enemies":"Jaw Worm","floor":3,"turns":4},{"damage":6,"enemies":"3 Louse","floor":5,"turns":5},{"damage":20,"enemies":"3 Sentries","floor":6,"turns":13},{"damage":5,"enemies":"Lagavulin","floor":8,"turns":7},{"damage":46,"enemies":"Gremlin Nob","floor":13,"turns":5},{"damage":5,"enemies":"The Guardian","floor":16,"turns":9},{"damage":3,"enemies":"Shell Parasite","floor":18,"turns":4},{"damage":33,"enemies":"3 Byrds","floor":20,"turns":4},{"damage":19,"enemies":"Centurion and Healer","floor":22,"turns":5},{"damage":11,"enemies":"Snecko","floor":25,"turns":3}],"seed_played":"6088699750826102211","potions_obtained":[{"floor":1,"key":"SteroidPotion"},{"floor":2,"key":"PowerPotion"},{"floor":6,"key":"SteroidPotion"}],"is_trial":false,"path_per_floor":["M","M","M","$","M","E","R","E","T","R","?","$","E","T","R","B",null,"M","?","M","$","M","$","$","M"],"character_chosen":"DEFECT","items_purchased":["Melter","Loop","Chill","Blizzard","Turbo"],"campfire_rested":1,"item_purchase_floors":[4,12,21,21,24],"current_hp_per_floor":[62,62,62,62,56,36,36,31,31,31,71,71,25,25,46,41,64,61,61,28,28,9,9,9,0,0],"gold":20,"neow_bonus":"BOSS_RELIC","is_daily":false,"chose_seed":false,"campfire_upgraded":2,"win_rate":0.0,"timestamp":1609808224,"path_taken":["M","?","M","$","M","E","R","E","T","R","?","?","E","?","R","BOSS","M","?","?","$","M","?","$","M"],"items_purchased_type":["Card","Card","Card","Card","Card"],"build_version":"2020-12-18","purchased_purges":1,"victory":false,"max_hp_per_floor":[71,71,71,71,71,71,71,71,71,71,71,71,71,71,71,71,71,71,71,71,71,71,71,71,71,71],"relic_stats":{"counters":[12,67],"Art of War":[7],"Boot":[41],"obtain_stats":[{"Oddly Smooth Stone":6,"Philosopher\u0027s Stone":0,"Art of War":9,"Omamori":13,"Cracked Core":0,"Boot":8,"Nuclear Battery":17},{"Oddly Smooth Stone":5,"Philosopher\u0027s Stone":0,"Art of War":6,"Omamori":7,"Cracked Core":0,"Boot":6,"Nuclear Battery":8},{"Oddly Smooth Stone":30,"Philosopher\u0027s Stone":0,"Art of War":37,"Omamori":42,"Cracked Core":0,"Boot":37,"Nuclear Battery":51}]},"card_choices":[{"not_picked":["Fusion","Stack"],"picked":"Glacier","floor":1},{"not_picked":["Cold Snap","Sweeping Beam"],"picked":"Barrage","floor":2},{"not_picked":["Cold Snap","Loop"],"picked":"Chaos","floor":3},{"not_picked":["Rebound","Steam"],"picked":"Barrage","floor":5},{"not_picked":["Streamline","Redo"],"picked":"Glacier","floor":6},{"not_picked":["Core Surge","Go for the Eyes"],"picked":"Tempest","floor":8},{"not_picked":["Rebound","Go for the Eyes"],"picked":"Compile Driver","floor":13},{"not_picked":["Reboot","Buffer"],"picked":"Seek","floor":16},{"not_picked":["Aggregate","Streamline"],"picked":"Redo","floor":18},{"not_picked":["Hologram","White Noise"],"picked":"Reinforced Body","floor":20},{"not_picked":["Streamline+1","Hello World"],"picked":"Doom and Gloom","floor":22}],"player_experience":3444359,"relics_obtained":[{"floor":6,"key":"Oddly Smooth Stone"},{"floor":8,"key":"Boot"},{"floor":9,"key":"Art of War"},{"floor":13,"key":"Omamori"}],"event_choices":[{"cards_removed":["Melter"],"damage_healed":40,"gold_gain":0,"player_choice":"Offered Uncommon","damage_taken":0,"max_hp_gain":0,"max_hp_loss":0,"event_name":"Bonfire Elementals","floor":11,"gold_loss":0},{"damage_healed":0,"gold_gain":0,"cards_transformed":["Strike_B"],"player_choice":"Transformed","damage_taken":0,"max_hp_gain":0,"max_hp_loss":0,"event_name":"Transmorgrifier","floor":19,"gold_loss":0,"cards_obtained":["Auto Shields"]}],"is_beta":true,"boss_relics":[{"not_picked":["Runic Pyramid","Empty Cage"],"picked":"Nuclear Battery"}],"items_purged_floors":[4],"is_endless":false,"potions_floor_spawned":[1,2,3,6],"killed_by":"Snecko","ascension_level":20}}