{"host":"60fhthqyb911n2zd","time":1609829949,"event":{"mods":["BaseMod","Mimic Mod","Minty Spire (QoL Compilation)","Replay The Spire","Shop Mod","StSLib","The Jungle"],"gold_per_floor":[110,130,130,145,145,145,110,110,141,141,141,159,4,33,33,43,43,138,138,156,255,255,195,46,46,46],"floor_reached":25,"playtime":886,"items_purged":[],"score":284,"play_id":"93a25ecc-ff93-44ac-9d8e-7cc511e09d3a","local_time":"20210105145909","is_ascension_mode":true,"campfire_choices":[{"data":"Armaments","floor":8,"key":"SMITH"},{"floor":15,"key":"REST"},{"floor":17,"key":"REST"}],"circlet_count":0,"master_deck":["Strike_R","Strike_R","Strike_R","Strike_R","Strike_R","Defend_R","Defend_R","Defend_R","Defend_R+1","Armaments","Armaments+1","Run Through","Survivor","Neutralize","Body Slam","Double Tap"],"relics":["Black Blood","Shovel","Replay:Bottled Flurry","Strawberry","CaptainsWheel","Replay:Grab Bag","Velvet Choker","Philosopher\u0027s Stone","Lee\u0027s Waffle"],"acts_visited":["Exordium","TheCity"],"potions_floor_usage":[18,18],"damage_taken":[{"damage":18,"enemies":"Jaw Worm","floor":1,"turns":6},{"damage":0,"enemies":"2 Louse","floor":2,"turns":2},{"damage":10,"enemies":"Small Slimes","floor":4,"turns":5},{"damage":55,"enemies":"3 Sentries","floor":9,"turns":17},{"damage":4,"enemies":"3 Louse","floor":12,"turns":5},{"damage":18,"enemies":"Replay:BlueRogue","floor":14,"turns":10},{"damage":3,"enemies":"Looter","floor":16,"turns":3},{"damage":58,"enemies":"The Guardian","floor":18,"turns":17},{"damage":14,"enemies":"Shell Parasite","floor":20,"turns":10},{"damage":94,"enemies":"Book of Stabbing","floor":25,"turns":8}],"seed_played":"-6029521042205904152","potions_obtained":[{"floor":2,"key":"GamblersBrew"},{"floor":14,"key":"Swift Potion"},{"floor":16,"key":"FearPotion"},{"floor":18,"key":"ColorlessPotion"}],"is_trial":false,"path_per_floor":["M","M","$","M","PTL","PTL","?","R","E","?","T","M","$","E","R","M","R","B",null,"M","?","?","?","$","E"],"character_chosen":"IRONCLAD","items_purchased":["Strawberry","Lee\u0027s Waffle"],"campfire_rested":2,"item_purchase_floors":[13,24],"current_hp_per_floor":[68,74,74,70,70,70,80,80,31,31,31,33,40,28,54,57,83,31,73,71,71,54,54,99,5,5],"gold":46,"neow_bonus":"UPGRADE_CARD","is_daily":false,"chose_seed":false,"campfire_upgraded":1,"win_rate":0.0,"timestamp":1609829949,"path_taken":["M","M","$","M","PTL","PTL","?","R","E","?","T","M","$","E","R","M","R","BOSS","M","?","?","?","$","E"],"items_purchased_type":["Relic","Relic"],"build_version":"2020-12-22","purchased_purges":0,"victory":false,"max_hp_per_floor":[80,80,80,80,80,80,80,80,80,80,80,80,87,87,87,87,87,87,87,87,87,92,92,99,99,99],"card_choices":[{"not_picked":["Thunderclap","Heavy Blade"],"picked":"Armaments","floor":1},{"not_picked":["Rupture","Thunderclap"],"picked":"Armaments","floor":2},{"not_picked":["Intimidate","Armaments","Dual Wield"],"picked":"SKIP","floor":4},{"not_picked":["Pommel Strike","Thunderclap"],"picked":"Run Through","floor":9},{"not_picked":["Clash","Twin Strike","Anger"],"picked":"SKIP","floor":12},{"not_picked":["Exhume","Wild Strike"],"picked":"Body Slam","floor":14},{"not_picked":["Thunderclap","Warcry","Abandon"],"picked":"SKIP","floor":16},{"not_picked":["Offering","Demonic Infusion"],"picked":"Double Tap","floor":18},{"not_picked":["ReplayTheSpireMod:Muscle Training","Cleave+1","Heavy Blade"],"picked":"SKIP","floor":20}],"player_experience":488122,"relics_obtained":[{"floor":9,"key":"Shovel"},{"floor":11,"key":"Replay:Bottled Flurry"},{"floor":14,"key":"CaptainsWheel"}],"event_choices":[{"damage_healed":20,"gold_gain":0,"player_choice":"Healed","damage_taken":0,"max_hp_gain":0,"max_hp_loss":0,"event_name":"The Cleric","floor":7,"gold_loss":35},{"damage_healed":0,"gold_gain":99,"player_choice":"Stole From Cult","damage_taken":0,"max_hp_gain":0,"max_hp_loss":0,"event_name":"Nest","floor":21,"gold_loss":0},{"damage_healed":0,"gold_gain":0,"player_choice":"Shed Blood","damage_taken":22,"max_hp_gain":5,"max_hp_loss":0,"event_name":"Forgotten Altar","floor":22,"gold_loss":0}],"is_beta":false,"boss_relics":[{"not_picked":["Snecko Eye","Coffee Dripper"],"picked":"Replay:Grab Bag"},{"not_picked":["Fusion Hammer","Cursed Key"],"picked":"Velvet Choker"},{"not_picked":["ChewingGum","Sozu"],"picked":"Philosopher\u0027s Stone"},{"not_picked":["Tiny House","SacredBark"],"picked":"Black Blood"}],"items_purged_floors":[],"is_endless":false,"potions_floor_spawned":[2,14,16,18],"killed_by":"Book of Stabbing","ascension_level":5}}