{"host":"dwyzfvnzfcqffr30","time":1609856958,"event":{"mods":["2.2 Compatiblity","Act Like it!","BaseMod","Beaked The Cultist","Better Altar","Better Match","Better Note","Better Sensory Stone","Better Skull","Better Third Choice","Clockwork Mod","Colored Map","Colored Powertips","Conspire","Downfall","Elementarium","GifTheSpireLib","Halation","Hermit","Hubris","Infinite Spire","Ironclad Rager","Jedi Mod","Menagerie","Mimic Mod","Minty Spire (QoL Compilation)","Permanent Neow","Random Character Button","Replay The Spire","Spicy Shops","StSLib","Stuff the Spire","The Construct","The Disciple","The Druid","The Marked","TheFirefly","Trackpad","vexMod"],"gold_per_floor":[442,485,485,532,532,687,56,188,264,264,421,467,601,193,193,285,285,318,352,385,385,385,534,580,742,742,810,810,810,810,810,810,942,942,1016,1016,1116,1200,1290,1290,1490,1490,1514,1740,1768,1899,1899,2036,2036,2036,2036],"floor_reached":50,"playtime":11249,"items_purged":["hubris:CleavingFinish+1"],"score":1120,"play_id":"b678e1bd-4a2e-49f7-8826-caa7301b76fe","local_time":"20210105062918","is_ascension_mode":true,"campfire_choices":[{"floor":15,"key":"RECALL"},{"floor":28,"key":"REST"},{"floor":30,"key":"REST"},{"floor":32,"key":"REST"},{"floor":40,"key":"REST"},{"floor":47,"key":"REST"},{"floor":49,"key":"REST"}],"circlet_count":0,"master_deck":["AscendersBane","Strike_R+1","Strike_R+1","Strike_R+1","Strike_R+1","Defend_R+1","Defend_R+1","Defend_R+1","Defend_R+1","Bash+1","hubris:EnhanceAbility+1","MasterReality+1","Replay:Undeath\u0027s Touch+1","Iron Wave+1","Jack Of All Trades+1","Headbutt+1","ReplayTheSpireMod:LeadingStrike+1","Metallicize+1","Berserk+1","ReplayTheSpireMod:Muscle Training+1","jedi:harder+1","Thunderclap+1","Demon Form+1","Feed+1","Limit Break+1","Cleave+1","CurseOfTheBell","ReplayTheSpireMod:Stacked+1","Clothesline+1"],"relics":["Burning Blood","Toxic Egg 2","Frozen Egg 2","Molten Egg 2","Quantum Egg","StuffTheSpire:TintedRock","hubris:EvacipatedBox","Juzu Bracelet","Bottled Tornado","infinitespire:EvilPickle","vexMod:HeadHunter","Magic Flower","trackpad:BottledTsunami","Oddly Smooth Stone","StrikeDummy","ReplayTheSpireMod:Ring of Collecting","ReplayTheSpireMod:Ring of Exchange","ReplayTheSpireMod:Spearhead","Onion Ring","Vajra","vexMod:ScavengeHelm","vexMod:CursedCompass","ReplayTheSpireMod:Shallot","Mercury Hourglass","Ring of Panic","ReplayTheSpireMod:DimensionalGlitch","Calling Bell","vexMod:FocusSash","vexMod:InvisibilityCloak","hubris:Potato","Sling","Replay:Baseball","Toy Ornithopter","trackpad:CultistFigurine","ReplayTheSpireMod:Ring of Addiction","Potion Belt","White Beast Statue","Question Card","jedi:cryingmask"],"acts_visited":["Exordium","TheCity","TheBeyond"],"potions_floor_usage":[8,11,11,11,11,23,23,44,44,44,46,48],"damage_taken":[{"damage":0,"enemies":"Small Slimes","floor":1,"turns":4},{"damage":6,"enemies":"2 Louse","floor":2,"turns":2},{"damage":0,"enemies":"Jaw Worm","floor":4,"turns":3},{"damage":20,"enemies":"3 Sentries","floor":6,"turns":9},{"damage":16,"enemies":"Lagavulin","floor":8,"turns":7},{"damage":12,"enemies":"3 Sentries","floor":11,"turns":6},{"damage":0,"enemies":"Exordium Thugs","floor":12,"turns":5},{"damage":1,"enemies":"Lagavulin","floor":13,"turns":4},{"damage":12,"enemies":"Hexaghost","floor":16,"turns":7},{"damage":8,"enemies":"Spheric Guardian","floor":18,"turns":3},{"damage":16,"enemies":"Chosen","floor":19,"turns":2},{"damage":22,"enemies":"Snake Plant","floor":20,"turns":4},{"damage":0,"enemies":"Nightmare","floor":23,"turns":3},{"damage":19,"enemies":"Centurion and Healer","floor":24,"turns":3},{"damage":10,"enemies":"Book of Stabbing","floor":25,"turns":6},{"damage":7,"enemies":"Chosen and Byrds","floor":27,"turns":4},{"damage":46,"enemies":"Automaton","floor":33,"turns":7},{"damage":4,"enemies":"Orb Walker","floor":35,"turns":3},{"damage":14,"enemies":"3 Shapes","floor":38,"turns":4},{"damage":8,"enemies":"3 Darklings","floor":39,"turns":5},{"damage":30,"enemies":"Nemesis","floor":41,"turns":5},{"damage":67,"enemies":"Nightmare","floor":44,"turns":8},{"damage":8,"enemies":"conspire:MimicChest","floor":45,"turns":3},{"damage":0,"enemies":"4 Shapes","floor":46,"turns":4},{"damage":0,"enemies":"Jaw Worm Horde","floor":48,"turns":3},{"damage":96,"enemies":"conspire:OrnateMirror","floor":50,"turns":8}],"seed_played":"7134106436763699346","potions_obtained":[{"floor":2,"key":"Regen Potion"},{"floor":6,"key":"Strength Potion"},{"floor":16,"key":"ColorlessPotion"},{"floor":25,"key":"SpeedPotion"},{"floor":41,"key":"Block Potion"},{"floor":43,"key":"Elixir"},{"floor":43,"key":"ColorlessPotion"},{"floor":43,"key":"ColorlessPotion"},{"floor":45,"key":"SpeedPotion"},{"floor":46,"key":"Adrenaline Potion"},{"floor":48,"key":"FearPotion"}],"is_trial":false,"path_per_floor":["M","M","?","M","?","E","$","E","T","?","E","M","E","$","R","B",null,"M","M","M","?","?","NM","M","E","T","M","R","?","R","AVR","R","B",null,"M","?","?","M","M","R","E","AVR","T","NM","?","M","R","M","R","B"],"character_chosen":"IRONCLAD","items_purchased":["Magic Flower","Metallicize+1","trackpad:BottledTsunami","Vajra","vexMod:ScavengeHelm"],"campfire_rested":6,"item_purchase_floors":[7,7,7,14,14],"current_hp_per_floor":[72,72,72,72,72,58,58,70,70,70,67,72,72,72,72,69,71,72,65,52,52,52,61,51,50,50,52,72,72,72,72,72,31,62,66,69,69,63,60,83,61,61,61,11,8,17,43,55,82,0,0],"gold":2036,"neow_bonus":"RANDOM_COLORLESS_2","is_daily":false,"chose_seed":false,"campfire_upgraded":0,"win_rate":0.0,"timestamp":1609856958,"path_taken":["M","M","?","M","?","E","$","E","T","?","E","M","E","?","R","BOSS","M","M","M","?","?","NM","M","E","T","M","R","?","R","AVR","R","BOSS","M","?","?","M","M","R","E","AVR","T","NM","?","M","R","M","R","BOSS"],"items_purchased_type":["Relic","Card","Relic","Relic","Relic"],"build_version":"2020-12-22","purchased_purges":1,"victory":false,"max_hp_per_floor":[72,72,72,72,72,72,72,72,72,72,72,72,72,72,72,72,72,72,72,72,72,72,72,72,72,72,72,72,72,72,72,72,72,72,76,79,79,83,83,83,87,87,87,87,87,87,87,91,91,91,91],"card_choices":[{"not_picked":["Master of Strategy","Secret Technique"],"picked":"hubris:EnhanceAbility","floor":0},{"not_picked":["Shrug It Off+1","StuffTheSpire:Incineration+1"],"picked":"Replay:Undeath\u0027s Touch+1","floor":1},{"not_picked":["Rage+1","Abandon+1"],"picked":"Iron Wave+1","floor":2},{"not_picked":["StuffTheSpire:PlasmaPunch+1","Panache+1"],"picked":"Jack Of All Trades+1","floor":3},{"not_picked":["Twin Strike+1","Defy Death+1"],"picked":"Headbutt+1","floor":4},{"not_picked":["hubris:SharpeningStone+1","Reckless Charge+1"],"picked":"ReplayTheSpireMod:LeadingStrike+1","floor":6},{"not_picked":["jedi:bloodyhammer","Eclipse"],"picked":"Berserk","floor":8},{"not_picked":["Metallicize+1","Flame Barrier+1"],"picked":"ReplayTheSpireMod:Muscle Training+1","floor":8},{"not_picked":["Burning Pact+1","Anger+1"],"picked":"jedi:harder+1","floor":11},{"not_picked":["StuffTheSpire:TitanForm","Replay:Many Hands","Exhume"],"picked":"SKIP","floor":11},{"not_picked":["Twin Strike+1","Flex+1"],"picked":"Thunderclap+1","floor":12},{"not_picked":["Reaper","jedi:unlimitedpower"],"picked":"Demon Form","floor":13},{"not_picked":["Sword Boomerang+1","Combust+1","Clash+1"],"picked":"SKIP","floor":13},{"not_picked":["Shrug It Off+1","conspire:ExplosiveBarrier+1","Warcry+1"],"picked":"SKIP","floor":18},{"not_picked":["Reckless Charge+1","jedi:controlledanger+1","conspire:Charge+1"],"picked":"SKIP","floor":19},{"not_picked":["Reckless Charge+1","Whirlwind+1","Burning Pact+1"],"picked":"SKIP","floor":20},{"not_picked":["Offering","Hemogenesis"],"picked":"Feed","floor":23},{"not_picked":["hubris:SharpeningStone+1","Infernal Blade+1","Heavy Blade+1"],"picked":"SKIP","floor":23},{"not_picked":["Warcry+1","Heavy Blade+1","ReplayTheSpireMod:Strike From Hell+1"],"picked":"SKIP","floor":24},{"not_picked":["jedi:unlimitedpower","Barricade"],"picked":"Limit Break","floor":25},{"not_picked":["Fire Breathing+1","conspire:ExplosiveBarrier+1"],"picked":"Cleave+1","floor":25},{"not_picked":["Battle Trance+1","Replay:Undeath\u0027s Touch+1","Pommel Strike+1"],"picked":"SKIP","floor":27},{"not_picked":["Wild Strike+1","jedi:MakeshiftSword+1","Disarm+1"],"picked":"SKIP","floor":35},{"not_picked":["Sword Boomerang+1","Havoc+1","StuffTheSpire:Resist+1"],"picked":"SKIP","floor":38},{"not_picked":["StuffTheSpire:TitanForm+1","Second Wind+1","Anger+1"],"picked":"SKIP","floor":39},{"not_picked":["Double Tap","Brutality","jedi:harder"],"picked":"SKIP","floor":41},{"not_picked":["ReplayTheSpireMod:Muscle Training+1","Warcry+1","Hemogenesis+1"],"picked":"SKIP","floor":41},{"not_picked":["conspire:HitWhereItHurts","jedi:bloodyhammer","Brutality"],"picked":"SKIP","floor":44},{"not_picked":["ReplayTheSpireMod:LeadingStrike+1","ReplayReversal+1","Rupture+1"],"picked":"SKIP","floor":44},{"not_picked":["Infernal Blade+1","Dropkick+1","Anger+1"],"picked":"ReplayTheSpireMod:Stacked+1","floor":45},{"not_picked":["Headbutt+1","Body Slam+1","Dropkick+1"],"picked":"Clothesline+1","floor":46},{"not_picked":["StuffTheSpire:RockThrow+1","Reckless Charge+1","Heavy Blade+1","Shrug It Off+1"],"picked":"SKIP","floor":48}],"player_experience":2586170,"relics_obtained":[{"floor":6,"key":"vexMod:HeadHunter"},{"floor":8,"key":"Oddly Smooth Stone"},{"floor":9,"key":"StrikeDummy"},{"floor":10,"key":"ReplayTheSpireMod:Ring of Collecting"},{"floor":10,"key":"ReplayTheSpireMod:Ring of Exchange"},{"floor":11,"key":"ReplayTheSpireMod:Spearhead"},{"floor":13,"key":"Onion Ring"},{"floor":23,"key":"ReplayTheSpireMod:Shallot"},{"floor":25,"key":"Mercury Hourglass"},{"floor":26,"key":"Ring of Panic"},{"floor":31,"key":"vexMod:FocusSash"},{"floor":31,"key":"vexMod:InvisibilityCloak"},{"floor":31,"key":"hubris:Potato"},{"floor":41,"key":"Replay:Baseball"},{"floor":43,"key":"trackpad:CultistFigurine"},{"floor":43,"key":"ReplayTheSpireMod:Ring of Addiction"},{"floor":43,"key":"Potion Belt"},{"floor":43,"key":"White Beast Statue"},{"floor":44,"key":"Question Card"},{"floor":45,"key":"jedi:cryingmask"}],"event_choices":[{"damage_healed":0,"gold_gain":0,"player_choice":"Simplicity","damage_taken":0,"max_hp_gain":0,"max_hp_loss":9,"event_name":"betterThird:BetterWriting","floor":0,"gold_loss":0},{"damage_healed":0,"gold_gain":1,"player_choice":"1","damage_taken":0,"max_hp_gain":0,"max_hp_loss":0,"event_name":"betterStone:BetterStone","floor":3,"gold_loss":0},{"damage_healed":0,"gold_gain":0,"cards_transformed":["Strike_R"],"player_choice":"Transformed","damage_taken":0,"max_hp_gain":0,"max_hp_loss":0,"event_name":"Transmorgrifier","floor":5,"gold_loss":0,"cards_obtained":["hubris:CleavingFinish"]},{"damage_healed":0,"gold_gain":0,"player_choice":"Leave","damage_taken":0,"max_hp_gain":0,"max_hp_loss":0,"event_name":"conspire:Investor","floor":21,"gold_loss":0},{"damage_healed":0,"gold_gain":0,"player_choice":"Ignored","damage_taken":0,"max_hp_gain":0,"max_hp_loss":0,"event_name":"N\u0027loth","floor":22,"gold_loss":0},{"damage_healed":0,"gold_gain":0,"player_choice":"Ignored","damage_taken":0,"max_hp_gain":0,"max_hp_loss":0,"event_name":"Upgrade Shrine","floor":29,"gold_loss":0},{"damage_healed":0,"gold_gain":100,"player_choice":"Pray","damage_taken":0,"max_hp_gain":0,"max_hp_loss":0,"event_name":"Golden Shrine","floor":37,"gold_loss":0}],"is_beta":false,"boss_relics":[{"not_picked":["halation:Thesaurus","halation:SmartPhone","Mark of Pain"],"picked":"vexMod:CursedCompass"},{"not_picked":["ReplayTheSpireMod:CursedCoin","StuffTheSpire:BottledEssence","Empty Cage"],"picked":"Sling"}],"items_purged_floors":[42],"is_endless":false,"potions_floor_spawned":[2,6,16,18,24,25,38,41,45,46,48],"killed_by":"conspire:OrnateMirror","ascension_level":13}}