{"host":"kyqjgixlgaa7nvxg","time":1609810636,"event":{"mods":["ATMod(阿瑾Mod)","Act Like it!","Aspiration","BaseMod","Easy Mod","Hubris","Jedi Mod","Koishi","Library of Ruina","Marisa（F雨　魔理沙）","Minty Spire (QoL Compilation)","MostiFishMod","Red Circlet Mod","Relic Sorter","Replay The Spire","RumiaBox-露米娅的神秘盒子","Shop Mod","Spicy Shops","StSLib","TestMod","The Bug Knight","[IsaacMod]以撒尖塔","[功能]功能增强和修复MOD","【遗物Mod】死灵法师NEW","【遗物Mod】简单游戏","【遗物卡牌】REMEMod","残留之物","魔戒"],"gold_per_floor":[117,117,0,0,98,110,144,144,144,178,192,209,214,231,231,336,336,380,8,8,101,163,263,263,304,304,304,370,428,106,159,159,287,299,446,458,80,174,274,362,415,460,460,460,562,656,721,777,777,802,802,802,800,885,1010],"floor_reached":56,"playtime":5455,"items_purged":["HollowMod:NailStrikeStart","HollowMod:QuickDashStart+1","HollowMod:NailStrikeStart+1","HollowMod:QuickDashStart+1","SuicideKing","HollowMod:QuickDashStart+1","HollowMod:NailStrikeStart+1","HollowMod:FocusHealStart","HollowMod:NailStrikeStart","HollowMod:QuickDashStart+1"],"score":1465,"play_id":"04182272-5307-4c33-84df-b059f18e777f","local_time":"20210105093716","is_ascension_mode":true,"campfire_choices":[{"floor":8.0,"key":"RECALL"},{"data":"EasyMod:card_1","floor":15.0,"key":"SMITH"},{"data":"HollowMod:LifebloodCore","floor":27,"key":"SMITH"},{"data":"HollowMod:SlysStrikes","floor":32,"key":"SMITH"},{"data":"MostiFishMod:FireWorks","floor":44,"key":"SMITH"},{"data":"HollowMod:HornetsHelp","floor":49,"key":"SMITH"},{"floor":52,"key":"RECALL"}],"circlet_count":0,"master_deck":["EasyMod:card_1","HollowMod:PogoStrike","AT_FamilyPortrait","MostiFishMod:FireWorks+1","HollowMod:MantisMark","HollowMod:DesolateDive","HollowMod:CycloneSlash","HollowMod:LifebloodCore+1","HollowMod:SlysStrikes+1","HollowMod:CycloneSlash+1","HollowMod:MylasSalvation","HollowMod:PerfectDash","HollowMod:HuntersJournal","HollowMod:GreatSlash","HollowMod:GreatSlash","HollowMod:HornetsHelp+1","HollowMod:CloakDash+1","HollowMod:MonarchWings","HollowMod:SoulShaman+1","HollowMod:SoulSplash+1","HollowMod:FastStrike+1","HollowMod:HuntersJournal+1","HollowMod:DungDefenderAura","HollowMod:CloakDash+1"],"relics":["HollowMod:VesselMask","EasyRelic","testmod-TestBox","REME_ComplimentaryCards","AT_ATBox","HushsDoor","KeepersGift","Civilization","testmod-Muramasa","Sizzling Blood","SynthV:TestCard","Baka","DaveBox","SynthV:C4","MerchantsRug","AT_BellDemon","aspiration:DSix","Omamori","AT_RedTearstoneRing","GodSword1","Ornamental Fan","PillsDrop","EasyMod:Easy_1","testmod-Motorcycle","Gambling Chip","Replay:Bottled Eggs","AT_MibuBalloonWealth","jedi:HeartOfTheCards","testmod-Prudence","Orichalcum","REME_CardOfGreed","FossilizedHelix","SSSystem","Whetstone","MutagenicStrength","PunchingBag","Oddly Smooth Stone","BelialBook","Potion Belt","Regal Pillow","ReplayTheSpireMod:TigerMarble","Nunchaku","HollowMod:QueensCombRelic","DeadEye","Matryoshka","ClockworkSouvenir","EasyMod:Easy_5","PageOfSpiderBud","aspiration:Stabinomicon","PageOfLittleHelper","MawBank","GuppysTail","EasyMod:Hard_0","Chaos","Lantern","Anchor","PageOfScorchedGirl","hubris:SphereOfDissonance","Singing Bowl","testmod-LifeArmor","HereWithMe","MerchantsRug","REME_LimitBreaker","aspiration:ChemicalBlood","Quantum Egg","hubris:Reverence","AT_RabadonDeathcap","PageOfTheQueenOfHatred","PageOfTheKnightOfDespair","Shuriken","PageOfHappyTeddyBear","EasyMod:Easy_3","PageOfGreed"],"acts_visited":["Exordium","TheCity","TheBeyond","RingOfDestiny:BlackNoah"],"potions_floor_usage":[31],"damage_taken":[{"damage":0.0,"enemies":"2 Louse","floor":1.0,"turns":1.0},{"damage":0.0,"enemies":"Jaw Worm","floor":6.0,"turns":1.0},{"damage":24.0,"enemies":"Gremlin Nob","floor":7.0,"turns":3.0},{"damage":4.0,"enemies":"Lagavulin","floor":10.0,"turns":2.0},{"damage":9.0,"enemies":"Small Slimes","floor":11.0,"turns":2.0},{"damage":0.0,"enemies":"HollowMod:HuskWarrior","floor":12.0,"turns":2.0},{"damage":13.0,"enemies":"3 Louse","floor":13.0,"turns":2.0},{"damage":4.0,"enemies":"Gremlin Gang","floor":14.0,"turns":2.0},{"damage":21.0,"enemies":"Fading Forest","floor":16.0,"turns":11.0},{"damage":24.0,"enemies":"Chosen","floor":18.0,"turns":3.0},{"damage":0.0,"enemies":"3 Byrds","floor":21.0,"turns":1.0},{"damage":0.0,"enemies":"Cultist and Chosen","floor":22.0,"turns":1.0},{"damage":0.0,"enemies":"Gremlin Leader","floor":23.0,"turns":1.0},{"damage":0.0,"enemies":"Snake Plant","floor":25.0,"turns":1.0},{"damage":0,"enemies":"Centurion and Healer","floor":28,"turns":1},{"damage":0,"enemies":"Replay:Snechameleon","floor":29,"turns":1},{"damage":0,"enemies":"Book of Stabbing","floor":31,"turns":1},{"damage":0,"enemies":"Collector","floor":33,"turns":1},{"damage":0,"enemies":"3 Darklings","floor":35,"turns":1},{"damage":0,"enemies":"3 Shapes","floor":38,"turns":1},{"damage":0,"enemies":"2 Orb Walkers","floor":39,"turns":1},{"damage":0,"enemies":"Jaw Worm Horde","floor":40,"turns":1},{"damage":0,"enemies":"Nemesis","floor":41,"turns":1},{"damage":0,"enemies":"Spire Growth","floor":42,"turns":1},{"damage":0,"enemies":"Reptomancer","floor":45,"turns":1},{"damage":0,"enemies":"Sphere and 2 Shapes","floor":46,"turns":1},{"damage":0,"enemies":"HollowMod:SlobberingHusk","floor":47,"turns":1},{"damage":0,"enemies":"R_Hoarder","floor":48,"turns":1},{"damage":0,"enemies":"Replay:Hell Engine","floor":50,"turns":1},{"damage":0,"enemies":"RingOfDestiny:fyra","floor":54,"turns":1},{"damage":0,"enemies":"RingOfDestiny:Rita","floor":55,"turns":5}],"seed_played":"7322443617527977621","potions_obtained":[{"floor":6.0,"key":"EssenceOfSteel"},{"floor":10.0,"key":"Energy Potion"},{"floor":11.0,"key":"DistilledChaos"},{"floor":22.0,"key":"AttackPotion"},{"floor":25.0,"key":"Weak Potion"},{"floor":28,"key":"FearPotion"},{"floor":29,"key":"PowerPotion"},{"floor":29,"key":"Fruit Juice"},{"floor":33,"key":"SpeedPotion"},{"floor":35,"key":"Elixir"},{"floor":42,"key":"SpeedPotion"},{"floor":45,"key":"SteroidPotion"},{"floor":46,"key":"LifebloodPotion"},{"floor":54,"key":"BlessingOfTheForge"}],"is_trial":false,"path_per_floor":["M","?","$","?","?","M","E","R","T","E","M","M","M","M","R","B",null,"M","$","?","M","M","E","?","M","T","R","M","E","$","E","R","B",null,"M","?","$","M","?","M","E","M","T","R","E","M","M","E","R","B",null,"R","$","E","B",null],"character_chosen":"THE_BUGKNIGHT","items_purchased":["MerchantsRug","AT_BellDemon","REME_CardOfGreed","FossilizedHelix","SSSystem","Whetstone","Matryoshka","ClockworkSouvenir","EasyMod:Easy_5","HollowMod:HuntersJournal","PageOfSpiderBud","EasyMod:Hard_0","Chaos","Lantern","Anchor","PageOfScorchedGirl","Shuriken","PageOfHappyTeddyBear","HollowMod:DungDefenderAura"],"campfire_rested":0,"item_purchase_floors":[3,3,19,19,19,19,30,30,30,30,30,37,37,37,37,37,53,53,53],"current_hp_per_floor":[81,81,81,81,66,73,79,79,79,93,100,109,119,135,135,162,165,190,190,190,220,251,285,285,323,323,323,360,264,264,311,311,346,346,392,392,392,441,494,548,606,662,662,662,723,787,853,920,920,987,987,987,987,1056,1133],"gold":1010,"neow_bonus":"NOSTALGIA","is_daily":false,"chose_seed":false,"campfire_upgraded":5,"win_rate":0.0,"timestamp":1609810636,"path_taken":["M","?","$","?","?","M","E","R","T","E","M","M","?","M","R","BOSS","M","$","?","M","?","E","?","?","T","R","M","E","$","E","R","BOSS","M","?","$","M","?","M","E","?","T","R","E","M","M","E","R","BOSS","R","$","E","BOSS"],"items_purchased_type":["Relic","Relic","Relic","Relic","Relic","Relic","Relic","Relic","Relic","Card","Relic","Relic","Card","Relic","Relic","Relic","Relic","Relic","Card"],"build_version":"2020-12-22","purchased_purges":10,"victory":true,"max_hp_per_floor":[81,81,81,81,81,84,88,88,88,93,100,109,124,140,140,165,165,191,191,191,220,251,285,285,323,323,323,360,264,264,311,311,346,346,392,392,392,441,494,548,606,662,662,662,723,787,853,920,920,987,987,987,987,1056,1133],"card_choices":[{"not_picked":[],"picked":"SuicideKing","floor":0.0},{"not_picked":["HollowMod:LuriensSpire","HollowMod:FallenFury"],"picked":"HollowMod:MantisMark","floor":1.0},{"not_picked":["HollowMod:AbyssShriek","HollowMod:PureNailStrike","HollowMod:CrystalDash","HollowMod:WraithStrike"],"picked":"HollowMod:DesolateDive","floor":6.0},{"not_picked":["HollowMod:SiblingsShadow","HollowMod:MawleksShell","HollowMod:MantisMark","HollowMod:MonomonsArchive","HollowMod:WraithStrike"],"picked":"SKIP","floor":7.0},{"not_picked":["HollowMod:FallenFury","HollowMod:ShadowDash","HollowMod:HeavyBlow","HollowMod:theNailsmith"],"picked":"Bomb","floor":10.0},{"not_picked":["HollowMod:HowlingWraiths","HollowMod:CornifersMapStart","HollowMod:InfectedAttack","HollowMod:MawleksShell","HollowMod:Grubsong"],"picked":"SKIP","floor":11.0},{"not_picked":["HollowMod:NewJinnsSoul","HollowMod:WraithStrike","HollowMod:ShapeofUnn","HollowMod:AbyssShriek","HollowMod:NewLittleFool"],"picked":"SKIP","floor":12.0},{"not_picked":["HollowMod:HowlingWraiths","HollowMod:SiblingsSouls","HollowMod:CornifersMapStart","HollowMod:DoubleDash","HollowMod:HerrahsAnger"],"picked":"SKIP","floor":13.0},{"not_picked":["HollowMod:NewLittleFool","HollowMod:WraithStrike","HollowMod:InfectedAttack","HollowMod:SharpenedNail"],"picked":"HollowMod:CycloneSlash","floor":14.0},{"not_picked":["HollowMod:HerrahsAnger","HollowMod:WhiteLadysBlessing","HollowMod:AwokenDreamNail","HollowMod:RadiancesLament"],"picked":"HollowMod:LifebloodCore","floor":16.0},{"not_picked":["HollowMod:ShapeofUnn","HollowMod:NewLittleFool","HollowMod:MonarchWings","HollowMod:ChannelNail"],"picked":"HollowMod:CycloneSlash+1","floor":18.0},{"not_picked":["HollowMod:SoulStrike","HollowMod:Hiveblood","HollowMod:InfectionAssault","HollowMod:PureNailStrike","HollowMod:HeavyBlow"],"picked":"SKIP","floor":21.0},{"not_picked":["HollowMod:SharpenedNail","HollowMod:MothsMistake","HollowMod:FastStrike","HollowMod:CloakDash","HollowMod:DreamGate"],"picked":"SKIP","floor":22.0},{"not_picked":["HollowMod:DesolateDive","HollowMod:SoulSplash","HollowMod:QuirrelsAssistance","HollowMod:InfectionAssault","HollowMod:TaintedHusks"],"picked":"SKIP","floor":23.0},{"not_picked":["HollowMod:QuirrelsAssistance+1","HollowMod:SoulMaster","HollowMod:CrystalDash+1","HollowMod:MantisMark","HollowMod:DescendingDark"],"picked":"SKIP","floor":25.0},{"not_picked":["HollowMod:GoodIntentions","HollowMod:BaldurShell","HollowMod:LifebloodCocoon+1","HollowMod:SiblingsSouls+1"],"picked":"HollowMod:PerfectDash","floor":28},{"not_picked":["HollowMod:SharpenedShadows","HollowMod:SiblingsShadow+1","HollowMod:CrystalDash","HollowMod:InfectionAssault+1","HollowMod:DescendingDark+1"],"picked":"SKIP","floor":29},{"not_picked":["HollowMod:InfectedAttack","HollowMod:QuirrelsAssistance+1","HollowMod:SoulStrike","HollowMod:TaintedHusks+1"],"picked":"HollowMod:GreatSlash","floor":31},{"not_picked":["HollowMod:NewInfectedGuardian","HollowMod:MidwifesHunger","HollowMod:Hiveblood","HollowMod:ZotesMagnificence"],"picked":"HollowMod:HornetsHelp","floor":33},{"not_picked":["HollowMod:ChannelNail","HollowMod:InfectionAssault+1","HollowMod:CrystalDash+1","HollowMod:SiblingsSouls"],"picked":"HollowMod:CloakDash+1","floor":35},{"not_picked":["HollowMod:InfectedAttack","HollowMod:SoulEater+1","HollowMod:HowlingWraiths+1","HollowMod:DesolateDive+1"],"picked":"HollowMod:SoulShaman+1","floor":38},{"not_picked":["HollowMod:LifebloodCocoon","HollowMod:DesolateDive","HollowMod:SiblingsShadow","HollowMod:ChannelNail+1","HollowMod:TaintedHusks+1"],"picked":"Singing Bowl","floor":39},{"not_picked":["HollowMod:InfectionAssault","HollowMod:SoulStrike+1","HollowMod:WraithStrike+1","HollowMod:HeavyBlow+1"],"picked":"HollowMod:SoulSplash+1","floor":40},{"not_picked":["HollowMod:VoidDash","HollowMod:SharpenedNail+1","HollowMod:TaintedHusks+1","HollowMod:SoulStrike"],"picked":"HollowMod:FastStrike+1","floor":41},{"not_picked":["HollowMod:VengefulSpirit","HollowMod:NewGlowingWomb+1","HollowMod:LifebloodCocoon+1","HollowMod:NewJinnsSoul"],"picked":"HollowMod:HuntersJournal+1","floor":42},{"not_picked":["HollowMod:DesolateDive","HollowMod:InfectionAssault+1","HollowMod:SoulSplash","HollowMod:WhiteLadysBlessing","HollowMod:SoulStrike"],"picked":"Singing Bowl","floor":45},{"not_picked":["HollowMod:MawleksShell","HollowMod:InfectionAssault","HollowMod:VengefulVoid","HollowMod:DoubleDash+1","HollowMod:NewLittleFool"],"picked":"Singing Bowl","floor":46},{"not_picked":["HollowMod:GreatSlash","HollowMod:LifebloodCocoon+1","HollowMod:PureNailStrike+1","HollowMod:QuirrelsAssistance+1","HollowMod:SoulSplash"],"picked":"Singing Bowl","floor":47},{"not_picked":["HollowMod:HerrahsAnger","HollowMod:InfectedAttack+1","HollowMod:MidwifesHunger","HollowMod:LifebloodCocoon+1","HollowMod:NewJinnsSoul+1"],"picked":"Singing Bowl","floor":48},{"not_picked":["HollowMod:MonomonsArchive","HollowMod:PerfectDash+1","HollowMod:InfectedCysts","HollowMod:GoodIntentions+1"],"picked":"HollowMod:CloakDash+1","floor":54}],"player_experience":605592,"relics_obtained":[{"floor":1.0,"key":"SynthV:TestCard"},{"floor":1.0,"key":"Baka"},{"floor":6.0,"key":"aspiration:DSix"},{"floor":7.0,"key":"Omamori"},{"floor":7.0,"key":"AT_RedTearstoneRing"},{"floor":9.0,"key":"GodSword1"},{"floor":10.0,"key":"Ornamental Fan"},{"floor":10.0,"key":"PillsDrop"},{"floor":11.0,"key":"EasyMod:Easy_1"},{"floor":12.0,"key":"testmod-Motorcycle"},{"floor":13.0,"key":"Gambling Chip"},{"floor":14.0,"key":"Replay:Bottled Eggs"},{"floor":16.0,"key":"AT_MibuBalloonWealth"},{"floor":16.0,"key":"jedi:HeartOfTheCards"},{"floor":18.0,"key":"Orichalcum"},{"floor":21.0,"key":"PunchingBag"},{"floor":22.0,"key":"Oddly Smooth Stone"},{"floor":22.0,"key":"BelialBook"},{"floor":23.0,"key":"Potion Belt"},{"floor":23.0,"key":"Regal Pillow"},{"floor":25.0,"key":"ReplayTheSpireMod:TigerMarble"},{"floor":28,"key":"Nunchaku"},{"floor":29,"key":"HollowMod:QueensCombRelic"},{"floor":29,"key":"DeadEye"},{"floor":31,"key":"aspiration:Stabinomicon"},{"floor":31,"key":"PageOfLittleHelper"},{"floor":33,"key":"MawBank"},{"floor":35,"key":"GuppysTail"},{"floor":38,"key":"hubris:SphereOfDissonance"},{"floor":39,"key":"Singing Bowl"},{"floor":39,"key":"testmod-LifeArmor"},{"floor":39,"key":"HereWithMe"},{"floor":40,"key":"MerchantsRug"},{"floor":41,"key":"REME_LimitBreaker"},{"floor":41,"key":"aspiration:ChemicalBlood"},{"floor":43,"key":"Quantum Egg"},{"floor":45,"key":"hubris:Reverence"},{"floor":45,"key":"AT_RabadonDeathcap"},{"floor":46,"key":"PageOfTheQueenOfHatred"},{"floor":48,"key":"PageOfTheKnightOfDespair"},{"floor":54,"key":"EasyMod:Easy_3"},{"floor":54,"key":"PageOfGreed"}],"event_choices":[{"damage_healed":0.0,"max_hp_gain":0.0,"max_hp_loss":0.0,"gold_gain":0.0,"event_name":"给自己的盒子","player_choice":"Swap Relic","floor":2.0,"relics_lost":["DaveBox"],"gold_loss":0.0,"damage_taken":0.0,"relics_obtained":["DaveBox"]},{"damage_healed":0.0,"max_hp_gain":0.0,"max_hp_loss":0.0,"gold_gain":0.0,"event_name":"Drug Dealer","player_choice":"Inject Mutagens","floor":20.0,"gold_loss":0.0,"damage_taken":0.0,"relics_obtained":["MutagenicStrength"]},{"damage_healed":0,"gold_gain":0,"player_choice":"Fight","damage_taken":0,"max_hp_gain":0,"max_hp_loss":0,"event_name":"Mysterious Sphere","floor":39,"gold_loss":0}],"is_beta":false,"boss_relics":[{"not_picked":["Abe\u0027s Treasure","PageOfBlackSwan"],"picked":"testmod-Prudence"},{"not_picked":[]},{"not_picked":["Empty Cage","Snecko Eye","Replay:Drink Me"]}],"items_purged_floors":[19,19,19,19,19,19,19,19,19,53],"is_endless":false,"potions_floor_spawned":[6,10,11,13,14,22,25,28,29,29,33,35,42,45,46,47,54],"ascension_level":3}}