{"host":"i9477i93mjcyimye","time":1609819850,"event":{"mods":["Aspiration","BaseMod","Bestiary","Colored Powertips","Downfall","Ironclad Rager","Minty Spire (QoL Compilation)","Quick Restart","Relic Stats","Replay The Spire","Spicy Shops","StSLib","The Jungle","Wandering Minibosses"],"gold_per_floor":[111,111,111,131,143,178,178,178,178,178,253,270,270,36,36,138,138,153,68,144,164,1,1,1,1,1,1,30,44,44,57,57,159,159,170,220,220,245,263,263,20,20,20,31,66,66,80,129,129,129,129,129,44,77,77],"floor_reached":56,"playtime":5417,"items_purged":[],"score":1285,"play_id":"dd73e169-a598-4185-a712-9952019870e7","local_time":"20210105151050","is_ascension_mode":true,"campfire_choices":[{"floor":7.0,"key":"RECALL"},{"data":"Blade Dance","floor":10.0,"key":"SMITH"},{"data":"Blade Dance","floor":13.0,"key":"SMITH"},{"data":"Burst","floor":23.0,"key":"SMITH"},{"data":"Bite","floor":27.0,"key":"SMITH"},{"data":"Bite","floor":30.0,"key":"SMITH"},{"floor":32.0,"key":"DIG"},{"data":"Double Energy","floor":40,"key":"SMITH"},{"data":"Bite","floor":42,"key":"SMITH"},{"floor":49,"key":"REST"},{"data":"ReplaySolidLightProjector","floor":52,"key":"SMITH"}],"circlet_count":0,"master_deck":["Defend_G","Defend_G","Defend_G","Defend_G","Defend_G","Survivor","Neutralize","Slice","Injury","Caltrops+1","Poisoned Stab+1","Blade Dance+1","Blade Dance+1","After Image+1","Blade Dance","PiercingWail","Burst+1","Cloak And Dagger","Noxious Fumes+1","Footwork+1","Choke","Bite+1","Bite+1","Bite+1","Bite","Bite","Conserve Battery","Double Energy+1","Fluid Movement+1","ReplayRNGCard","Doubt","Injury","Languid","Dodge and Roll","Catalyst+1","Turbo+1","Infinite Blades+1","ICR:ChainLightning+1","Phantasmal Killer","ReplaySolidLightProjector+1","Tactician+1","Replay:SS_forest_5","Accuracy+1"],"relics":["Ring of the Snake","aspiration:Nostalgia","sneckomod:SneckoSoul","Frozen Egg 2","aspiration:FetidBarrel","Durian","aspiration:DefectSkillbook","Tough Bandages","Snack Pack","aspiration:RitualStick","Replay:WaspNest","Tiny Chest","Lantern","Replay:Ancient Bell","Nunchaku","Quantum Egg","Byrd Skull","Replay:Towering Pillar of Hats","Potion Belt","Meat on the Bone","ReplayTheSpireMod:Lightbulb","Question Card","Bottled Lightning","Replay:Bottled Steam"],"acts_visited":["Exordium","TheCity","TheBeyond","TheEnding"],"potions_floor_usage":[45,54,55],"damage_taken":[{"damage":1.0,"enemies":"2 Louse","floor":1.0,"turns":3.0},{"damage":1.0,"enemies":"Cultist","floor":4.0,"turns":4.0},{"damage":4.0,"enemies":"Jaw Worm","floor":5.0,"turns":4.0},{"damage":13.0,"enemies":"Gremlin Nob","floor":6.0,"turns":5.0},{"damage":0.0,"enemies":"Large Slime","floor":12.0,"turns":4.0},{"damage":19.0,"enemies":"Slime Boss","floor":16.0,"turns":5.0},{"damage":1.0,"enemies":"Shell Parasite","floor":18.0,"turns":3.0},{"damage":0.0,"enemies":"Chosen","floor":21.0,"turns":4.0},{"damage":26.0,"enemies":"Slavers","floor":28.0,"turns":4.0},{"damage":1.0,"enemies":"3 Cultists","floor":29.0,"turns":4.0},{"damage":0.0,"enemies":"Snecko","floor":31.0,"turns":3.0},{"damage":26.0,"enemies":"Collector","floor":33.0,"turns":6.0},{"damage":12.0,"enemies":"3 Darklings","floor":35.0,"turns":5.0},{"damage":18.0,"enemies":"Mind Bloom Boss Battle","floor":36.0,"turns":6.0},{"damage":5,"enemies":"Orb Walker","floor":39,"turns":3},{"damage":0,"enemies":"Spire Growth","floor":44,"turns":3},{"damage":1,"enemies":"Reptomancer","floor":45,"turns":4},{"damage":0,"enemies":"Transient","floor":47,"turns":5},{"damage":5,"enemies":"Donu and Deca","floor":50,"turns":6},{"damage":25,"enemies":"Shield and Spear","floor":54,"turns":5},{"damage":10,"enemies":"The Heart","floor":55,"turns":6}],"seed_played":"5510860764757839768","potions_obtained":[{"floor":3.0,"key":"Energy Potion"},{"floor":3.0,"key":"Swift Potion"},{"floor":3.0,"key":"Weak Potion"},{"floor":12.0,"key":"Swift Potion"},{"floor":16.0,"key":"Strength Potion"},{"floor":21.0,"key":"SpeedPotion"},{"floor":29.0,"key":"SkillPotion"},{"floor":35.0,"key":"Explosive Potion"},{"floor":45,"key":"Regen Potion"},{"floor":47,"key":"FairyPotion"},{"floor":54,"key":"Elixir"}],"is_trial":false,"path_per_floor":["M","?","?","M","M","E","R","T","T","R","?","M","R","$","R","B",null,"M","?","T","M","$","R","?","?","T","R","E","M","R","M","R","B",null,"M","?","?","T","M","R","$","R","T","M","E","T","M","?","R","B",null,"R","$","E","B",null],"character_chosen":"THE_SILENT","items_purchased":["After Image+1","Blade Dance","PiercingWail","Footwork+1","Choke","Infinite Blades+1","Replay:SS_forest_5"],"campfire_rested":1,"item_purchase_floors":[14,14,14,22,22,41,53],"current_hp_per_floor":[69,69,69,68,64,51,51,56,56,56,45,45,45,45,67,48,75,74,74,74,75,75,75,52,42,42,42,24,34,34,41,41,39,52,48,43,43,43,45,45,45,45,45,52,52,52,52,32,47,52,52,52,52,51,52],"gold":77,"neow_bonus":"NOSTALGIA","is_daily":false,"chose_seed":false,"campfire_upgraded":8,"win_rate":0.0,"timestamp":1609819850,"path_taken":["M","?","?","?","M","E","R","?","T","R","?","M","R","$","R","BOSS","M","?","?","?","?","R","?","?","T","R","E","M","R","M","R","BOSS","M","?","?","?","M","R","$","R","T","M","E","?","M","?","R","BOSS","R","$","E","BOSS"],"items_purchased_type":["Card","Card","Card","Card","Card","Card","Card"],"build_version":"2020-12-22","purchased_purges":0,"victory":true,"max_hp_per_floor":[70,70,70,70,70,70,70,75,75,75,75,75,75,75,75,75,75,75,75,75,75,75,75,52,52,52,52,52,52,52,52,52,52,52,52,52,52,52,52,52,52,52,52,52,52,52,52,52,52,52,52,52,52,52,52],"relic_stats":{"Tough Bandages":[15],"Nunchaku":[16],"counters":[21,90],"Tiny Chest":1,"Question Card":4,"obtain_stats":[{"Potion Belt":38,"Lantern":32,"Replay:Towering Pillar of Hats":36,"aspiration:Nostalgia":0,"aspiration:FetidBarrel":6,"Quantum Egg":34,"Replay:WaspNest":26,"Replay:Ancient Bell":34,"Frozen Egg 2":2,"sneckomod:SneckoSoul":0,"Question Card":46,"aspiration:RitualStick":25,"Tough Bandages":19,"Nunchaku":34,"aspiration:DefectSkillbook":17,"Tiny Chest":28,"Durian":8,"Snack Pack":20,"Bottled Lightning":48,"Byrd Skull":34,"ReplayTheSpireMod:Lightbulb":45,"Ring of the Snake":0,"Meat on the Bone":43,"Replay:Bottled Steam":54},{"Potion Belt":14,"Lantern":11,"Replay:Towering Pillar of Hats":14,"aspiration:Nostalgia":0,"aspiration:FetidBarrel":4,"Quantum Egg":12,"Replay:WaspNest":8,"Replay:Ancient Bell":12,"Frozen Egg 2":1,"sneckomod:SneckoSoul":0,"Question Card":17,"aspiration:RitualStick":8,"Tough Bandages":7,"Nunchaku":12,"aspiration:DefectSkillbook":6,"Tiny Chest":9,"Durian":4,"Snack Pack":7,"Bottled Lightning":18,"Byrd Skull":12,"ReplayTheSpireMod:Lightbulb":17,"Ring of the Snake":0,"Meat on the Bone":15,"Replay:Bottled Steam":20},{"Potion Belt":59,"Lantern":43,"Replay:Towering Pillar of Hats":59,"aspiration:Nostalgia":0,"aspiration:FetidBarrel":16,"Quantum Egg":49,"Replay:WaspNest":32,"Replay:Ancient Bell":49,"Frozen Egg 2":3,"sneckomod:SneckoSoul":0,"Question Card":68,"aspiration:RitualStick":32,"Tough Bandages":28,"Nunchaku":49,"aspiration:DefectSkillbook":25,"Tiny Chest":36,"Durian":16,"Snack Pack":28,"Bottled Lightning":73,"Byrd Skull":49,"ReplayTheSpireMod:Lightbulb":68,"Ring of the Snake":0,"Meat on the Bone":61,"Replay:Bottled Steam":84}],"aspiration:RitualStick":[8],"Ring of the Snake":[42],"Meat on the Bone":0},"card_choices":[{"not_picked":["Sucker Punch","Prepared"],"picked":"Slice","floor":1.0},{"not_picked":["Outmaneuver","ReplayTheSpireMod:The Works"],"picked":"Caltrops+1","floor":4.0},{"not_picked":["Deflect","Corpse Explosion"],"picked":"Poisoned Stab","floor":5.0},{"not_picked":["Concentrate","Bane"],"picked":"Blade Dance","floor":6.0},{"not_picked":["Bane","Prepared"],"picked":"Blade Dance","floor":12.0},{"not_picked":["Glass Knife","Malaise"],"picked":"Burst","floor":16.0},{"not_picked":["Backflip","Poisoned Stab","Underhanded Strike"],"picked":"Cloak And Dagger","floor":18.0},{"not_picked":["Streamline+1","ReplayTheSpireMod:Omega Cannon","Leap"],"picked":"Noxious Fumes+1","floor":21.0},{"not_picked":["Eviscerate","Coolheaded","Skim"],"picked":"Conserve Battery","floor":28.0},{"not_picked":["Riddle With Holes","Blur","Coolheaded"],"picked":"Double Energy","floor":29.0},{"not_picked":["Conserve Battery+1","Backflip","Bane"],"picked":"Fluid Movement+1","floor":31.0},{"not_picked":["Venomology","Rainbow","Atom Bomb"],"picked":"ReplayRNGCard","floor":33.0},{"not_picked":["Regret","hexamod:Haunted","Amnesia"],"picked":"Doubt","floor":34.0},{"not_picked":["Looming Evil","Regret","Amnesia"],"picked":"Injury","floor":34.0},{"not_picked":["ReplayTheSpireMod:Doomed","ReplayTheSpireMod:Restless Dread","Regret"],"picked":"Languid","floor":34.0},{"not_picked":["Skim+1","Prepared","Barrage"],"picked":"Dodge and Roll","floor":35.0},{"not_picked":["Capacitor+1","Turbo+1","Storm+1"],"picked":"Catalyst+1","floor":36.0},{"not_picked":["Reinforced Body+1","Stack","Hidden Blade+1"],"picked":"Turbo+1","floor":39},{"not_picked":["Skewer+1","Dagger Throw+1","Beam Cell"],"picked":"ICR:ChainLightning+1","floor":44},{"not_picked":["Rebound+1","Conserve Battery","Deadly Poison+1"],"picked":"Phantasmal Killer","floor":45},{"not_picked":["Auto Shields","Dagger Throw+1","Compile Driver+1","ReplayTheSpireMod:Speed Training+1"],"picked":"ReplaySolidLightProjector","floor":47},{"not_picked":["Cloak And Dagger","Fluid Movement+1","Self Repair+1","Sneak Up"],"picked":"Tactician+1","floor":48},{"not_picked":["PiercingWail+1","Glacier+1","Blade Dance","Doppelganger"],"picked":"Accuracy+1","floor":54}],"player_experience":251599,"relics_obtained":[{"floor":6.0,"key":"aspiration:FetidBarrel"},{"floor":8.0,"key":"Durian"},{"floor":20.0,"key":"Snack Pack"},{"floor":26.0,"key":"Replay:WaspNest"},{"floor":28.0,"key":"Tiny Chest"},{"floor":32.0,"key":"Lantern"},{"floor":36.0,"key":"Replay:Towering Pillar of Hats"},{"floor":38,"key":"Potion Belt"},{"floor":43,"key":"Meat on the Bone"},{"floor":45,"key":"ReplayTheSpireMod:Lightbulb"},{"floor":46,"key":"Question Card"},{"floor":48,"key":"Bottled Lightning"},{"floor":54,"key":"Replay:Bottled Steam"}],"event_choices":[{"damage_healed":0.0,"max_hp_gain":0.0,"max_hp_loss":0.0,"gold_gain":0.0,"event_name":"Lab","player_choice":"Got Potions","floor":3.0,"gold_loss":0.0,"damage_taken":0.0},{"damage_healed":0.0,"max_hp_gain":0.0,"max_hp_loss":0.0,"gold_gain":75.0,"event_name":"World of Goop","player_choice":"Gather Gold","floor":11.0,"gold_loss":0.0,"damage_taken":11.0},{"damage_healed":0.0,"max_hp_gain":0.0,"max_hp_loss":0.0,"gold_gain":0.0,"event_name":"Addict","player_choice":"Obtained Relic","floor":19.0,"gold_loss":85.0,"damage_taken":0.0,"relics_obtained":["Tough Bandages"]},{"damage_healed":0.0,"max_hp_gain":0.0,"max_hp_loss":23.0,"gold_gain":0.0,"event_name":"Vampires","player_choice":"Became a vampire","floor":24.0,"gold_loss":0.0,"damage_taken":0.0,"cards_obtained":["Bite","Bite","Bite","Bite","Bite"]},{"damage_healed":0.0,"max_hp_gain":0.0,"max_hp_loss":0.0,"gold_gain":0.0,"event_name":"MindBloom","player_choice":"Fight","floor":36.0,"gold_loss":0.0,"damage_taken":0.0}],"is_beta":false,"boss_relics":[{"not_picked":["Kintsugi","Busted Crown"],"picked":"aspiration:DefectSkillbook"},{"not_picked":["ReplayTheSpireMod:DimensionalGlitch","Fusion Hammer"],"picked":"Replay:Ancient Bell"},{"not_picked":["MealTicket","ReplayTheSpireMod:TigerMarble"],"picked":"Nunchaku"},{"not_picked":["Mirror","Kunai"],"picked":"Quantum Egg"},{"not_picked":["aspiration:AnachronicSnailShell","Old Coin"],"picked":"Byrd Skull"}],"items_purged_floors":[],"is_endless":false,"potions_floor_spawned":[12,16,21,29,35,45,47,54],"ascension_level":1}}