{"host":"6bsan6hkua32tfq7","time":1609810219,"event":{"mods":["BaseMod","Better Third Choice","Colored Map","Highlight Path","Minty Spire (QoL Compilation)","StSLib"],"gold_per_floor":[113,113,113,38,56,89,89,120,120,120,120,120,144,175,175,271,271,285,304,327,351,369,369,387,423,723,723,723,532,556,581,581,670,670,685,701,701,701,701],"floor_reached":38,"playtime":1141,"items_purged":["Defend_R","Strike_R"],"score":828,"play_id":"11a81678-572d-43b5-a8ba-a3b6f28ec279","local_time":"20210105023019","is_ascension_mode":true,"campfire_choices":[{"data":"Bash","floor":7.0,"key":"SMITH"},{"data":"Twin Strike","floor":10.0,"key":"SMITH"},{"floor":12.0,"key":"REST"},{"data":"Disarm","floor":15.0,"key":"SMITH"},{"data":"True Grit","floor":23.0,"key":"SMITH"},{"floor":27.0,"key":"REST"},{"floor":32.0,"key":"REST"}],"circlet_count":0,"master_deck":["AscendersBane","Strike_R","Strike_R","Strike_R","Defend_R","Defend_R+1","Defend_R","Bash+1","Twin Strike+1","True Grit+1","Metallicize","Disarm+1","Immolate","CurseOfTheBell","Shrug It Off+1","Immolate","True Grit+1","Metallicize","True Grit","Reckless Charge+1","Limit Break","Intimidate+1"],"relics":["Burning Blood","Centennial Puzzle","Golden Idol","Gambling Chip","Mercury Hourglass","CaptainsWheel","Du-Vu Doll","Prayer Wheel","Calling Bell","War Paint","White Beast Statue","Ice Cream","Ancient Tea Set","Old Coin","Oddly Smooth Stone","Cursed Key"],"acts_visited":["Exordium","TheCity","TheBeyond"],"potions_floor_usage":[38],"damage_taken":[{"damage":6.0,"enemies":"Jaw Worm","floor":1.0,"turns":5.0},{"damage":2.0,"enemies":"2 Louse","floor":5.0,"turns":3.0},{"damage":35.0,"enemies":"Lagavulin","floor":6.0,"turns":5.0},{"damage":32.0,"enemies":"Gremlin Nob","floor":8.0,"turns":4.0},{"damage":0.0,"enemies":"Cultist","floor":13.0,"turns":2.0},{"damage":16.0,"enemies":"3 Sentries","floor":14.0,"turns":6.0},{"damage":8.0,"enemies":"Hexaghost","floor":16.0,"turns":9.0},{"damage":10.0,"enemies":"Shell Parasite","floor":18.0,"turns":5.0},{"damage":0.0,"enemies":"Chosen","floor":19.0,"turns":4.0},{"damage":7.0,"enemies":"Snecko","floor":20.0,"turns":4.0},{"damage":1.0,"enemies":"3 Cultists","floor":21.0,"turns":4.0},{"damage":8.0,"enemies":"Centurion and Healer","floor":22.0,"turns":5.0},{"damage":9.0,"enemies":"Snake Plant","floor":24.0,"turns":3.0},{"damage":38.0,"enemies":"Slavers","floor":25.0,"turns":5.0},{"damage":29.0,"enemies":"Shelled Parasite and Fungi","floor":30.0,"turns":6.0},{"damage":80.0,"enemies":"Collector","floor":33.0,"turns":13.0},{"damage":0,"enemies":"3 Shapes","floor":35,"turns":3},{"damage":11,"enemies":"3 Darklings","floor":36,"turns":3},{"damage":62,"enemies":"Maw","floor":38,"turns":8}],"seed_played":"1079592125931157083","potions_obtained":[{"floor":5.0,"key":"Strength Potion"},{"floor":6.0,"key":"FairyPotion"},{"floor":13.0,"key":"SkillPotion"},{"floor":19.0,"key":"ColorlessPotion"},{"floor":20.0,"key":"BlessingOfTheForge"},{"floor":24.0,"key":"PowerPotion"},{"floor":33.0,"key":"CultistPotion"}],"is_trial":false,"path_per_floor":["M","?","?","$","M","E","R","E","T","R","T","R","M","E","R","B",null,"M","M","M","M","M","R","M","E","T","R","?","$","M","T","R","B",null,"M","M","?","M"],"character_chosen":"IRONCLAD","items_purchased":["Metallicize","True Grit"],"campfire_rested":3,"item_purchase_floors":[29,29],"current_hp_per_floor":[68,68,68,68,68,39,39,13,13,13,13,33,39,29,29,27,58,54,60,59,64,62,62,59,27,27,47,61,61,38,38,58,26,58,64,59,59,0,0],"gold":701,"neow_bonus":"RANDOM_COMMON_RELIC","is_daily":false,"chose_seed":false,"campfire_upgraded":4,"win_rate":0.0,"timestamp":1609810219,"path_taken":["M","?","?","$","M","E","R","E","T","R","?","R","M","E","R","BOSS","M","M","M","M","M","R","M","E","T","R","?","$","M","?","R","BOSS","M","M","?","M"],"items_purchased_type":["Card","Card"],"build_version":"2020-12-22","purchased_purges":2,"victory":false,"max_hp_per_floor":[75,75,68,68,68,68,68,68,68,68,68,68,68,68,68,68,68,68,68,68,68,68,68,68,68,68,68,68,68,68,68,68,68,68,68,68,68,68,68],"card_choices":[{"not_picked":["True Grit","Thunderclap"],"picked":"Twin Strike","floor":1.0},{"not_picked":["Second Wind","Dropkick"],"picked":"Twin Strike","floor":5.0},{"not_picked":["Wild Strike","Clash"],"picked":"True Grit","floor":6.0},{"not_picked":["Dark Embrace","Rage"],"picked":"Metallicize","floor":8.0},{"not_picked":["Blood for Blood","Armaments","Perfected Strike"],"picked":"SKIP","floor":13.0},{"not_picked":["Searing Blow","Whirlwind"],"picked":"Disarm","floor":14.0},{"not_picked":["Brutality","Impervious"],"picked":"Immolate","floor":16.0},{"not_picked":["Warcry","Clash","Shrug It Off"],"picked":"SKIP","floor":18.0},{"not_picked":["Spot Weakness","Headbutt","Flex"],"picked":"SKIP","floor":18.0},{"not_picked":["Ghostly Armor","Spot Weakness","Iron Wave+1"],"picked":"SKIP","floor":19.0},{"not_picked":["Shrug It Off","Warcry","Immolate"],"picked":"SKIP","floor":19.0},{"not_picked":["Ghostly Armor","Spot Weakness","Iron Wave+1"],"picked":"SKIP","floor":19.0},{"not_picked":["Shrug It Off","Warcry","Immolate"],"picked":"SKIP","floor":19.0},{"not_picked":["Rupture","Pommel Strike"],"picked":"Shrug It Off+1","floor":20.0},{"not_picked":["Warcry","Wild Strike","Pummel"],"picked":"SKIP","floor":20.0},{"not_picked":["Wild Strike","Warcry"],"picked":"Immolate","floor":21.0},{"not_picked":["Thunderclap","Flex+1","Pommel Strike"],"picked":"SKIP","floor":21.0},{"not_picked":["Rage","Heavy Blade"],"picked":"True Grit","floor":22.0},{"not_picked":["Warcry","Burning Pact","Sentinel"],"picked":"SKIP","floor":22.0},{"not_picked":["Pommel Strike","Headbutt+1","Havoc"],"picked":"SKIP","floor":24.0},{"not_picked":["Twin Strike","Pommel Strike","Shrug It Off"],"picked":"SKIP","floor":24.0},{"not_picked":["Dual Wield+1","Clash","Havoc"],"picked":"SKIP","floor":25.0},{"not_picked":["Shrug It Off","Evolve"],"picked":"Reckless Charge+1","floor":30.0},{"not_picked":["Flame Barrier+1","Body Slam+1","Shockwave"],"picked":"SKIP","floor":30.0},{"not_picked":["Barricade","Juggernaut"],"picked":"Limit Break","floor":33.0},{"not_picked":["Flex+1","Clash"],"picked":"Intimidate+1","floor":35},{"not_picked":["Searing Blow","Power Through","Rupture"],"picked":"SKIP","floor":35},{"not_picked":["Second Wind","Wild Strike","Power Through+1"],"picked":"SKIP","floor":36},{"not_picked":["Wild Strike","Reckless Charge","Clash"],"picked":"SKIP","floor":36}],"player_experience":5256238,"relics_obtained":[{"floor":6.0,"key":"Gambling Chip"},{"floor":8.0,"key":"Mercury Hourglass"},{"floor":9.0,"key":"CaptainsWheel"},{"floor":11.0,"key":"Du-Vu Doll"},{"floor":14.0,"key":"Prayer Wheel"},{"floor":17.0,"key":"War Paint"},{"floor":17.0,"key":"White Beast Statue"},{"floor":17.0,"key":"Ice Cream"},{"floor":25.0,"key":"Ancient Tea Set"},{"floor":26.0,"key":"Old Coin"},{"floor":31.0,"key":"Oddly Smooth Stone"}],"event_choices":[{"cards_removed":["Strike_R"],"damage_healed":0.0,"max_hp_gain":0.0,"max_hp_loss":0.0,"gold_gain":0.0,"event_name":"Living Wall","player_choice":"Forget","floor":2.0,"gold_loss":0.0,"damage_taken":0.0},{"damage_healed":0.0,"max_hp_gain":0.0,"max_hp_loss":7.0,"gold_gain":0.0,"event_name":"Golden Idol","player_choice":"Lose Max HP","floor":3.0,"gold_loss":0.0,"damage_taken":0.0,"relics_obtained":["Golden Idol"]},{"damage_healed":14.0,"max_hp_gain":0.0,"max_hp_loss":0.0,"gold_gain":0.0,"event_name":"The Library","player_choice":"Heal","floor":28.0,"gold_loss":0.0,"damage_taken":0.0},{"cards_removed":["Twin Strike"],"damage_healed":0,"gold_gain":0,"player_choice":"Removed Attack","damage_taken":0,"max_hp_gain":0,"max_hp_loss":0,"event_name":"Falling","floor":37,"gold_loss":0}],"is_beta":false,"boss_relics":[{"not_picked":["Black Blood","Runic Cube"],"picked":"Calling Bell"},{"not_picked":["Pandora\u0027s Box","Runic Dome"],"picked":"Cursed Key"}],"items_purged_floors":[4,29],"is_endless":false,"potions_floor_spawned":[5,6,13,14,18,19,20,21,22,24,25,30,33,35,36],"killed_by":"Maw","ascension_level":20}}