{"host":"jrcac014xe3tcpok","time":1609864502,"event":{"mods":["Act Like it!","Aspiration","BaseMod","Beaked The Cultist","BetterRewards","Colored Map","Conspire","Downfall","Gensokyo","Halation","Hermit","Infinite Spire","Jorbs\u0027s Wanderer Trilogy","Minty Spire (QoL Compilation)","Replay The Spire","StSLib","The Construct","The Cursed","The Hierophant","The Jungle","The Mystic","The Runesmith"],"gold_per_floor":[119,137,168,168,179,214,235,266,266,283,316,341,361,361,361,373,373],"floor_reached":16,"playtime":1132,"items_purged":[],"score":134,"play_id":"f562fc22-833c-48ae-84ea-0075646c26ff","local_time":"20210105103502","is_ascension_mode":true,"campfire_choices":[{"data":"Rupture","floor":15,"key":"SMITH"}],"circlet_count":0,"master_deck":["Strike_R","Strike_R","Strike_R","Strike_R","Strike_R","Defend_R","Defend_R","Defend_R","Defend_R","Bash","Clash","Whirlwind","Rupture+1","Flex","Hemokinesis","Run Through","Pot Of Greed","Pot Of Greed","Hemokinesis"],"relics":["Burning Blood","Champion Belt","infinitespire:Midas Blood","Vajra","construct:FoamFinger","Grinning Jar","Replay:Wax Seal","halation:YellowSoulGem"],"acts_visited":["Exordium"],"potions_floor_usage":[6,11],"damage_taken":[{"damage":0,"enemies":"Cultist","floor":1,"turns":3},{"damage":3,"enemies":"conspire:RoseBush","floor":2,"turns":4},{"damage":0,"enemies":"2 Louse","floor":5,"turns":2},{"damage":15,"enemies":"Gremlin Nob","floor":6,"turns":4},{"damage":8,"enemies":"Red Slaver","floor":7,"turns":3},{"damage":36,"enemies":"Lagavulin","floor":8,"turns":8},{"damage":5,"enemies":"Looter","floor":10,"turns":2},{"damage":5,"enemies":"Gremlin Nob","floor":11,"turns":3},{"damage":12,"enemies":"Exordium Thugs","floor":13,"turns":4},{"damage":15,"enemies":"Hexaghost","floor":16,"turns":7}],"seed_played":"8470431333281043731","potions_obtained":[{"floor":1,"key":"LifebloodPotion"},{"floor":2,"key":"sneckomod:MuddlingPotion"},{"floor":8,"key":"Milkshake"},{"floor":11,"key":"LiquidBronze"}],"is_trial":false,"path_per_floor":["M","M","?","?","M","E","M","E","T","M","E","T","M","?","R","B"],"character_chosen":"IRONCLAD","items_purchased":[],"campfire_rested":0,"item_purchase_floors":[],"current_hp_per_floor":[80,80,60,60,66,57,55,25,25,26,27,27,21,21,21,6,6],"gold":373,"neow_bonus":"THREE_CARDS","is_daily":false,"chose_seed":false,"campfire_upgraded":1,"win_rate":0.0,"timestamp":1609864502,"path_taken":["M","M","?","?","M","E","M","E","T","M","E","?","?","?","R","BOSS"],"items_purchased_type":[],"build_version":"2020-12-22","purchased_purges":0,"victory":false,"max_hp_per_floor":[80,80,80,80,80,80,80,80,80,80,80,80,80,80,80,80,80],"card_choices":[{"not_picked":["Armaments","Wild Strike"],"picked":"Clash","floor":0},{"not_picked":["Dual Wield","Sword Boomerang"],"picked":"Whirlwind","floor":1},{"not_picked":["Headbutt","Sword Boomerang"],"picked":"Rupture","floor":2},{"not_picked":["Exhume","Replay:Undeath\u0027s Touch","Shockwave"],"picked":"SKIP","floor":5},{"not_picked":["Replay:Undeath\u0027s Touch","Wild Strike"],"picked":"Flex","floor":6},{"not_picked":["Dark Embrace","Sentinel","ReplayReversal"],"picked":"SKIP","floor":7},{"not_picked":["Sword Boomerang","Shrug It Off"],"picked":"Hemokinesis","floor":8},{"not_picked":["Clothesline","Warcry"],"picked":"Run Through","floor":10},{"not_picked":["Flex","ReplayTheSpireMod:LeadingStrike","Disarm"],"picked":"SKIP","floor":11},{"not_picked":["Flex","Feel No Pain"],"picked":"Hemokinesis","floor":13}],"player_experience":388709,"relics_obtained":[{"floor":3,"key":"Champion Belt"},{"floor":6,"key":"infinitespire:Midas Blood"},{"floor":8,"key":"Vajra"},{"floor":9,"key":"construct:FoamFinger"},{"floor":11,"key":"Grinning Jar"},{"floor":12,"key":"Replay:Wax Seal"}],"event_choices":[],"is_beta":false,"boss_relics":[],"items_purged_floors":[],"is_endless":false,"potions_floor_spawned":[1,2,8,11],"killed_by":"Hexaghost","ascension_level":2}}