{"host":"q79spna8ofw6hj3r","time":1609844470,"event":{"mods":["Aspiration","BaseMod","Bestiary","Better Altar","Better Match","Better Note","Better Sensory Stone","Better Skull","Better Third Choice","Better Vampires","BetterRewards","Block Reminder","Card Filter","Challenge The Spire","Colored Map","Colored Powertips","Conspire","Custom Start","Energized Spire","Halation","Hubris","Infinite Spire","Jedi Mod","Mimic Mod","Minty Spire (QoL Compilation)","Permanent Neow","Quick Restart","Relic Filter","Relic Sorter","Replay The Spire","Shop Mod","StSLib","SuperFastMode","Synergy Search","The Servant 0.9.4","vexMod"],"gold_per_floor":[111,36,36,55,55,90,90,116,116,116,147,147,147,147,147,267,267,280,303,213,233,233,233,257,157,181,201,236,236,251,126,126,249,249,272,287,287,137,137,137,171,171,171,171,190,208,243,259,259,259],"floor_reached":51,"playtime":2699,"items_purged":["Strike_S","Hallucinations","Strike_S","Strike_S","Strike_S"],"score":933,"play_id":"23d2a5a4-979c-48fc-9cd5-3876c7ae3f1a","local_time":"20210105130110","is_ascension_mode":true,"campfire_choices":[{"data":"GearUp","floor":7,"key":"SMITH"},{"data":"Luminosity","floor":10,"key":"SMITH"},{"data":"Contraction","floor":12,"key":"SMITH"},{"data":"Exchange","floor":15,"key":"SMITH"},{"data":"Luminosity","floor":23,"key":"SMITH"},{"floor":32,"key":"REST"},{"data":"MurderousAura","floor":40,"key":"SMITH"},{"data":"SurpressingFire","floor":42,"key":"SMITH"},{"data":"DancingSilver","floor":44,"key":"SMITH"},{"floor":49,"key":"REST"}],"circlet_count":0,"master_deck":["Defend_S+1","Defend_S+1","KidneyShot+1","Exchange+1","Contraction+1","GearUp+1","Luminosity+1","FlawlessForm+1","Luminosity+1","SurpressingFire+1","DancingSilver","MurderousAura+1","DancingSilver+1","Parasite"],"relics":["Uniform","infinitespire:BottledMercury","InkBottle","Turnip","hubris:Zylophone","vexMod:RetaliationKit","halation:EternalFortune","Golden Idol","hubris:HollowSoul","ReplayTheSpireMod:Ring of Exchange","Ring of Fangs","War Paint","WingedGreaves","HandDrill","TungstenRod","aspiration:Lifesprig","infinitespire:Joker Card","hubris:CrystalStatue"],"acts_visited":["Exordium","TheCity","TheBeyond"],"potions_floor_usage":[11,27,27,30,36,41,46],"damage_taken":[{"damage":0,"enemies":"Cultist","floor":1,"turns":3},{"damage":0,"enemies":"Small Slimes","floor":4,"turns":3},{"damage":0,"enemies":"Lagavulin","floor":6,"turns":10},{"damage":8,"enemies":"3 Sentries","floor":8,"turns":11},{"damage":0,"enemies":"Lagavulin","floor":11,"turns":12},{"damage":0,"enemies":"The Guardian","floor":16,"turns":18},{"damage":0,"enemies":"Shell Parasite","floor":18,"turns":10},{"damage":0,"enemies":"3 Byrds","floor":19,"turns":12},{"damage":0,"enemies":"Snecko","floor":21,"turns":7},{"damage":3,"enemies":"Snake Plant","floor":24,"turns":7},{"damage":3,"enemies":"Cultist and Chosen","floor":27,"turns":11},{"damage":15,"enemies":"Book of Stabbing","floor":28,"turns":10},{"damage":8,"enemies":"Centurion and Healer","floor":30,"turns":12},{"damage":0,"enemies":"hubris:MusketHawk","floor":33,"turns":18},{"damage":17,"enemies":"3 Shapes","floor":35,"turns":13},{"damage":8,"enemies":"Orb Walker","floor":36,"turns":9},{"damage":11,"enemies":"R_Hoarder","floor":41,"turns":10},{"damage":10,"enemies":"3 Darklings","floor":45,"turns":15},{"damage":0,"enemies":"Writhing Mass","floor":46,"turns":10},{"damage":12,"enemies":"Giant Head","floor":47,"turns":14},{"damage":0,"enemies":"Transient","floor":48,"turns":5},{"damage":2,"enemies":"Time Eater","floor":50,"turns":18}],"seed_played":"4636012038563948952","potions_obtained":[{"floor":1,"key":"SkillPotion"},{"floor":4,"key":"Ancient Potion"},{"floor":11,"key":"Elixir"},{"floor":24,"key":"LifebloodPotion"},{"floor":28,"key":"Toxic Potion"},{"floor":30,"key":"Elixir"},{"floor":33,"key":"PowerPotion"},{"floor":35,"key":"Adrenaline Potion"},{"floor":45,"key":"Adrenaline Potion"},{"floor":47,"key":"SteroidPotion"}],"is_trial":false,"path_per_floor":["M","$","?","M","$","E","R","E","T","R","E","R","?","?","R","B",null,"M","M","?","M","?","R","M","$","T","M","E","?","M","$","R","B",null,"M","M","AVR","$","?","R","E","R","T","R","M","M","E","M","R","B",null],"character_chosen":"THE_SERVANT","items_purchased":[],"campfire_rested":2,"item_purchase_floors":[],"current_hp_per_floor":[65,65,65,65,65,65,65,57,57,57,57,57,60,60,60,60,63,63,63,63,63,63,63,60,60,60,31,19,19,11,11,30,30,66,52,44,44,44,44,44,38,38,38,38,28,28,16,16,36,34],"gold":259,"neow_bonus":"UPGRADE_CARD","is_daily":false,"chose_seed":false,"campfire_upgraded":8,"win_rate":0.0,"timestamp":1609844470,"path_taken":["M","$","?","?","$","E","R","E","T","R","E","R","?","?","R","BOSS","M","M","?","?","?","R","M","$","T","M","E","?","M","?","R","BOSS","M","M","AVR","$","?","R","E","R","T","R","M","M","E","M","R","BOSS"],"items_purchased_type":[],"build_version":"2020-12-22","purchased_purges":5,"victory":true,"max_hp_per_floor":[65,65,65,65,65,65,65,65,65,65,65,65,68,63,63,63,63,63,63,63,63,63,63,63,63,63,63,66,66,66,66,66,66,66,69,69,69,69,69,69,69,69,69,69,69,69,69,69,69,69],"card_choices":[{"not_picked":["WasteNot","Potential","Spin"],"picked":"SKIP","floor":1},{"not_picked":["Defy","DualDimension"],"picked":"Contraction","floor":4},{"not_picked":["Moondial","ShatteredReality"],"picked":"GearUp","floor":6},{"not_picked":["ShatteredReality","Starlight"],"picked":"Luminosity","floor":8},{"not_picked":["BottledTime","Initiator","Desolation"],"picked":"SKIP","floor":11},{"not_picked":["Initiator","Solidify"],"picked":"FlawlessForm","floor":16},{"not_picked":["DoubleEdge+1","Unruled+1","Rearm"],"picked":"SKIP","floor":18},{"not_picked":["Replace","FanOfKnives","FastForward"],"picked":"SKIP","floor":19},{"not_picked":["InstantArmor+1","Rearm"],"picked":"Luminosity","floor":21},{"not_picked":["Snipe","Sunlight","Advance"],"picked":"SKIP","floor":24},{"not_picked":["BottledTime","Replace"],"picked":"SurpressingFire","floor":27},{"not_picked":["Moonlight","Ricochet","GearUp"],"picked":"SKIP","floor":28},{"not_picked":["Moonlight","Ricochet","GearUp"],"picked":"SKIP","floor":28},{"not_picked":["Moondial+1","Unruled+1"],"picked":"DancingSilver","floor":30},{"not_picked":["ForgedInTime","Solidify"],"picked":"MurderousAura","floor":33},{"not_picked":["FastForward+1","Rearm"],"picked":"DancingSilver","floor":35},{"not_picked":["Deadline+1","Desolation","DualDimension+1"],"picked":"SKIP","floor":36},{"not_picked":["Alleviate","Unruled","BottledTime+1"],"picked":"SKIP","floor":41},{"not_picked":["Revamp","Ricochet+1","TimeWarp"],"picked":"SKIP","floor":45},{"not_picked":["Contraction+1","Reset+1","Ricochet"],"picked":"SKIP","floor":46},{"not_picked":["ReturningBlade+1","Sabotage+1","StarChef"],"picked":"SKIP","floor":47},{"not_picked":["Spin","Starlight","Snipe"],"picked":"SKIP","floor":48}],"player_experience":224091,"relics_obtained":[{"floor":6,"key":"InkBottle"},{"floor":8,"key":"Turnip"},{"floor":9,"key":"hubris:Zylophone"},{"floor":11,"key":"vexMod:RetaliationKit"},{"floor":22,"key":"ReplayTheSpireMod:Ring of Exchange"},{"floor":22,"key":"Ring of Fangs"},{"floor":26,"key":"War Paint"},{"floor":28,"key":"halation:EternalFortune"},{"floor":28,"key":"WingedGreaves"},{"floor":35,"key":"halation:EternalFortune"},{"floor":41,"key":"aspiration:Lifesprig"},{"floor":43,"key":"infinitespire:Joker Card"},{"floor":47,"key":"hubris:CrystalStatue"}],"event_choices":[{"damage_healed":0,"gold_gain":0,"player_choice":"Gave Potion","damage_taken":0,"relics_obtained":["infinitespire:BottledMercury"],"max_hp_gain":0,"max_hp_loss":0,"event_name":"WeMeetAgain","floor":3,"gold_loss":0},{"damage_healed":0,"gold_gain":0,"player_choice":"Lose Max HP","damage_taken":0,"relics_obtained":["Golden Idol"],"max_hp_gain":0,"max_hp_loss":5,"event_name":"Golden Idol","floor":14,"gold_loss":0},{"cards_removed":["Defend_S"],"damage_healed":0,"gold_gain":0,"player_choice":"Upgrade and Remove","damage_taken":0,"max_hp_gain":0,"max_hp_loss":0,"event_name":"Designer","floor":20,"gold_loss":90,"cards_upgraded":["FlawlessForm"]},{"cards_removed":["Defend_S"],"damage_healed":0,"gold_gain":0,"player_choice":"Elegance","damage_taken":0,"max_hp_gain":0,"max_hp_loss":0,"event_name":"betterThird:BetterWriting","floor":29,"gold_loss":0},{"damage_healed":0,"gold_gain":0,"player_choice":"Ignored","damage_taken":0,"max_hp_gain":0,"max_hp_loss":0,"event_name":"Tomb of Lord Red Mask","floor":39,"gold_loss":0}],"is_beta":false,"boss_relics":[{"not_picked":["Cursed Key","halation:LoveArrow"],"picked":"hubris:HollowSoul"},{"not_picked":["Honey Jar","halation:TrafficLight"],"picked":"HandDrill"}],"items_purged_floors":[2,25,31,37,38],"is_endless":false,"potions_floor_spawned":[1,4,11,24,28,30,33,35,45,47],"ascension_level":1}}