{"host":"30p6vp5e6xgjixv6","time":1609825204,"event":{"mods":["AchievementEnabler","BaseMod","Better Match","Better Note","BetterRewards","Colored Map","Colored Powertips","Downfall","Gremlin Skip","Minty Spire (QoL Compilation)","Quick Restart","Rare Cards Sparkle","Relic Filter","StSLib","The IronCluck"],"gold_per_floor":[99,119,131,145,145,163,186,198,198,230,241,416,449,449,462,462,462,462],"floor_reached":16,"playtime":694,"items_purged":[],"score":120,"play_id":"71268b6d-ae6f-41bb-8c92-62f2e2110c2c","local_time":"20210105004004","is_ascension_mode":true,"campfire_choices":[{"data":"hexamod:SpectersWail","floor":1,"key":"SMITH"}],"circlet_count":0,"master_deck":["hexamod:Strike","hexamod:Strike+1","hexamod:Strike","hexamod:Strike+1","hexamod:Defend","hexamod:Defend","hexamod:Defend","hexamod:Defend","hexamod:Sear","hexamod:Float","hexamod:SpectersWail+1","hexamod:HeatMetal","hexamod:FirstSeal","hexamod:FlamesFromBeyond+1","hexamod:HauntingEcho","Doubt","hexamod:RecurringNightmare","Regret","hexamod:SoulSteal"],"relics":["hexamod:SpiritBrand","downfall:BrokenWingStatue","Oddly Smooth Stone","Darkstone Periapt","Smiling Mask","Nunchaku"],"acts_visited":["Exordium"],"potions_floor_usage":[10,13],"damage_taken":[{"damage":0,"enemies":"Cultist","floor":2,"turns":3},{"damage":5,"enemies":"2 Louse","floor":3,"turns":3},{"damage":0,"enemies":"Small Slimes","floor":4,"turns":3},{"damage":0,"enemies":"Lots of Slimes","floor":6,"turns":2},{"damage":6,"enemies":"Blue Slaver","floor":8,"turns":5},{"damage":12,"enemies":"3 Sentries","floor":10,"turns":7},{"damage":6,"enemies":"2 Fungi Beasts","floor":11,"turns":3},{"damage":21,"enemies":"Gremlin Nob","floor":13,"turns":5},{"damage":10,"enemies":"3 Louse","floor":15,"turns":3},{"damage":25,"enemies":"downfall:Ironclad","floor":16,"turns":6}],"seed_played":"-8142221806350185744","potions_obtained":[{"floor":2,"key":"EssenceOfSteel"},{"floor":6,"key":"SkillPotion"},{"floor":13,"key":"hexamod:InfernoChargePotion"}],"is_trial":false,"path_per_floor":["R","M","M","M","?","M","T","M","?","E","M","?","E","?","M","B"],"character_chosen":"THE_SPIRIT","items_purchased":[],"campfire_rested":0,"item_purchase_floors":[],"current_hp_per_floor":[70,70,65,65,65,65,65,66,41,36,37,43,29,35,25,0,0,0],"gold":462,"neow_bonus":"THREE_CARDS","is_daily":false,"chose_seed":false,"campfire_upgraded":1,"win_rate":0.0,"timestamp":1609825204,"path_taken":["R","M","M","M","?","M","T","M","?","E","M","?","E","?","M","BOSS"],"items_purchased_type":[],"build_version":"2020-12-22","purchased_purges":0,"victory":false,"max_hp_per_floor":[70,70,70,70,70,70,70,70,70,70,70,76,76,82,82,82,82,82],"card_choices":[{"not_picked":["hexamod:DynamicBlow","hexamod:BurningTouch"],"picked":"hexamod:SpectersWail","floor":0},{"not_picked":["hexamod:SuperheatedStrike","hexamod:AdvancingGuard","hexamod:Incineration"],"picked":"SKIP","floor":2},{"not_picked":["hexamod:BurningTouch","hexamod:SuperheatedStrike"],"picked":"hexamod:HeatMetal","floor":3},{"not_picked":["hexamod:Haunt","hexamod:GhostShield","hexamod:NightmareStrike"],"picked":"SKIP","floor":4},{"not_picked":["hexamod:AdvancingGuard","hexamod:PhantomCloak"],"picked":"hexamod:FirstSeal","floor":6},{"not_picked":["hexamod:AdvancingGuard","hexamod:SpectersWail"],"picked":"hexamod:FlamesFromBeyond","floor":8},{"not_picked":["hexamod:UnleashSpirits","hexamod:SpectralAdrenaline","hexamod:Rewind"],"picked":"SKIP","floor":10},{"not_picked":["hexamod:Firestarter","hexamod:SwordOfDarkness"],"picked":"hexamod:HauntingEcho","floor":11},{"not_picked":["hexamod:AdvancingGuard","hexamod:SpectersWail"],"picked":"hexamod:RecurringNightmare","floor":13},{"not_picked":["hexamod:InspiringFlames","hexamod:RetreatToShadows"],"picked":"hexamod:SoulSteal","floor":15}],"player_experience":190673,"relics_obtained":[{"floor":7,"key":"Oddly Smooth Stone"},{"floor":10,"key":"Smiling Mask"},{"floor":13,"key":"Nunchaku"}],"event_choices":[{"damage_healed":0,"gold_gain":0,"player_choice":"Success","damage_taken":25,"relics_obtained":["Darkstone Periapt"],"max_hp_gain":0,"max_hp_loss":0,"event_name":"Scrap Ooze","floor":9,"gold_loss":0}],"is_beta":false,"boss_relics":[],"items_purged_floors":[],"is_endless":false,"potions_floor_spawned":[2,6,11,13],"killed_by":"downfall:Ironclad","ascension_level":1}}