{"host":"xtgfl0e7r8rfgbei","time":1609839290,"event":{"mods":["Arknights The Spire","BaseMod","Colored Map","Colored Powertips","Downfall","Infinite Spire","Marisa£®ÏF”Í°°ƒß¿Ì…≥£©","Minty Spire (QoL Compilation)","READ ME - Guardian Mod","Rare Cards Sparkle","Replay The Spire","StSLib","The Bug Knight","The Cursed","The Servant 0.9.4","≤–¡Ù÷ÆŒÔ"],"gold_per_floor":[115,115,115,80,32,57,67,93,93,126,142,153,169,181,181,285,285,303,303,303,315,315,315,315,315,343,343,368,378,378,389,389,402,402,502,502,513,513,527,17,17,17,17,17],"floor_reached":43,"playtime":3596,"items_purged":[],"score":516,"play_id":"e9f7f6e7-7ad3-4a22-a485-baf9bc54cb8d","local_time":"20210105173450","is_ascension_mode":false,"campfire_choices":[{"floor":15,"key":"REST"},{"floor":23,"key":"REST"},{"floor":30,"key":"REST"},{"floor":34,"key":"REST"},{"floor":42,"key":"REST"}],"circlet_count":0,"master_deck":["Strike_S+1","Strike_S","Strike_S","Strike_S","Defend_S","Defend_S","Defend_S","Defend_S","KidneyShot","Exchange","ShatteredReality+1","infinitespire:UltimateForm","Inflame","Starlight","SilverBlades","Spin","TimeWarp","FanOfKnives","Starlight","Flex","Potential","Defy","Demon Form+1","Snipe","Replay:Fractal Strike+1","ShatteredReality+1","Snipe+1","Overencumbered","Rewind+1","Ricochet+1","Ricochet+1","SurpressingFire+1","WasteNot+1","Dilation","Advance+1","infinitespire:Starlight","BestPractice","Transmutation+1","Finesse+1","Barrier+1","FastForward+1","Panache","expansioncontent:FaceSlap","expansioncontent:TimeRipple","Unruled+1"],"relics":["m_ScarletBlood","Torii","Matryoshka","Replay:Kaleidoscope","HollowMod:StagPassRelic","Blood Vial","Honey Jar","Replay:Ringing Soul","MutagenicStrength","Gremlin Food","PreservedInsect","infinitespire:Eraser","Dream Catcher","infinitespire:Lucky Rock","Art of War","ChewingGum","Chemical X","Lee\u0027s Waffle"],"acts_visited":["Exordium","TheCity","TheBeyond"],"potions_floor_usage":[8,13,16,16,31,35],"damage_taken":[{"damage":2,"enemies":"Small Slimes","floor":1,"turns":4},{"damage":30,"enemies":"Gremlin Nob","floor":6,"turns":4},{"damage":6,"enemies":"Jaw Worm","floor":7,"turns":2},{"damage":27,"enemies":"3 Sentries","floor":8,"turns":4},{"damage":1,"enemies":"Gremlin Nob","floor":10,"turns":3},{"damage":1,"enemies":"Cultist","floor":11,"turns":3},{"damage":0,"enemies":"Exordium Wildlife","floor":12,"turns":3},{"damage":0,"enemies":"Exordium Thugs","floor":13,"turns":2},{"damage":6,"enemies":"2 Fungi Beasts","floor":14,"turns":2},{"damage":25,"enemies":"The Guardian","floor":16,"turns":8},{"damage":27,"enemies":"2 Thieves","floor":18,"turns":3},{"damage":2,"enemies":"Chosen","floor":21,"turns":4},{"damage":49,"enemies":"Nightmare","floor":26,"turns":6},{"damage":3,"enemies":"Snake Plant","floor":29,"turns":4},{"damage":9,"enemies":"3 Cultists","floor":31,"turns":4},{"damage":20,"enemies":"Centurion and Healer","floor":33,"turns":3},{"damage":67,"enemies":"Automaton","floor":35,"turns":7},{"damage":5,"enemies":"Orb Walker","floor":37,"turns":3},{"damage":18,"enemies":"3 Darklings","floor":39,"turns":4},{"damage":43,"enemies":"infinitespire:Three Voidlings","floor":43,"turns":3},{"damage":104,"enemies":"Nightmare_Alpha","floor":43,"turns":7}],"seed_played":"3555547346355954125","potions_obtained":[{"floor":6,"key":"SkillPotion"},{"floor":7,"key":"Adrenaline Potion"},{"floor":8,"key":"Weak Potion"},{"floor":10,"key":"SteroidPotion"},{"floor":16,"key":"PowerPotion"},{"floor":18,"key":"DistilledChaos"},{"floor":31,"key":"BlessingOfTheForge"},{"floor":33,"key":"FearPotion"}],"is_trial":false,"path_per_floor":["M","?","?","?","$","E","M","E","T","E","M","M","M","M","R","B",null,"M","AVR","?","M","T","R","PTL","PTL","NM","?","T","M","R","M","T","M","R_BF","B",null,"M","AVR","M","$","?","R","?"],"character_chosen":"THE_SERVANT","items_purchased":["Starlight","Lee\u0027s Waffle","Transmutation","Finesse","Barrier","FastForward"],"campfire_rested":5,"item_purchase_floors":[5,40,40,40,40,40],"current_hp_per_floor":[69,51,51,68,68,38,32,5,5,4,5,7,9,5,26,3,71,44,44,44,47,47,69,69,69,25,28,28,30,57,53,53,38,68,6,98,96,99,96,117,110,123,0,0],"gold":17,"neow_bonus":"TEN_PERCENT_HP_BONUS","is_daily":false,"chose_seed":false,"campfire_upgraded":0,"win_rate":0.0,"timestamp":1609839290,"path_taken":["M","?","?","?","?","E","M","E","T","E","?","M","M","M","R","BOSS","M","AVR","?","M","?","R","PTL","PTL","NM","?","T","M","R","?","?","M","R_BF","BOSS","M","AVR","M","$","?","R","?"],"items_purchased_type":["Card","Relic","Card","Card","Card","Card"],"build_version":"2020-12-22","purchased_purges":0,"victory":false,"max_hp_per_floor":[71,71,71,71,71,71,71,71,71,71,71,71,71,71,71,71,71,71,71,71,74,74,74,74,74,77,80,80,83,86,89,89,92,95,98,98,101,104,107,117,120,123,123,123],"card_choices":[{"not_picked":["DoubleEdge","Revamp"],"picked":"ShatteredReality","floor":1},{"not_picked":["infinitespire:Menacing","infinitespire:Gouge"],"picked":"infinitespire:UltimateForm","floor":2},{"not_picked":["DualDimension","TimeWarp"],"picked":"SilverBlades","floor":6},{"not_picked":["Replace","SpecialFormula"],"picked":"Spin","floor":7},{"not_picked":["Gouge","Replace"],"picked":"TimeWarp","floor":8},{"not_picked":["BottledTime","Limit Break"],"picked":"FanOfKnives","floor":10},{"not_picked":["DoubleEdge","TimeWarp"],"picked":"Starlight","floor":11},{"not_picked":["KillingDoll","SpecialFormula"],"picked":"Flex","floor":12},{"not_picked":["Replace","Reset"],"picked":"Potential","floor":13},{"not_picked":["ShatteredReality","Comet"],"picked":"Defy","floor":14},{"not_picked":["SoulSculpture","Limit Break"],"picked":"Demon Form","floor":16},{"not_picked":["Revamp","Collapse","FanOfKnives"],"picked":"Snipe","floor":18},{"not_picked":["SpecialFormula","FastForward","Alleviate"],"picked":"ShatteredReality+1","floor":21},{"not_picked":["StarChef+1","SilverBlades","Gouge"],"picked":"Snipe+1","floor":26},{"not_picked":["DoubleEdge","TimeWarp","Rearm"],"picked":"Rewind+1","floor":29},{"not_picked":["FastForward","Rewind","TimeWarp"],"picked":"Ricochet+1","floor":30},{"not_picked":["SoulSculpture","ShiftingGears","Alleviate"],"picked":"Ricochet+1","floor":31},{"not_picked":["Rearm+1","BottledTime","Ricochet+1"],"picked":"SurpressingFire+1","floor":33},{"not_picked":["Misdirection","Ricochet","Potential"],"picked":"WasteNot+1","floor":34},{"not_picked":["Sunlight","LightFlow","Deny"],"picked":"Dilation","floor":35},{"not_picked":["Ricochet+1","WasteNot","DoubleEdge+1"],"picked":"Advance+1","floor":37},{"not_picked":["SilverBlades+1","Starlight+1","Unruled"],"picked":"BestPractice","floor":39},{"not_picked":["ReplayTheSpireMod:Uncanny Aura","Madness","expansioncontent:CaCaw"],"picked":"Panache","floor":41},{"not_picked":["Deep Breath","Thinking Ahead","expansioncontent:ManipulateTime"],"picked":"expansioncontent:FaceSlap","floor":41},{"not_picked":["Finesse","Replay:SS_hec_2","expansioncontent:LastStand"],"picked":"expansioncontent:TimeRipple","floor":41},{"not_picked":["Revamp","Replace","Desolation+1"],"picked":"Unruled+1","floor":42}],"player_experience":326540,"relics_obtained":[{"floor":6,"key":"Torii"},{"floor":8,"key":"Matryoshka"},{"floor":9,"key":"Replay:Kaleidoscope"},{"floor":9,"key":"HollowMod:StagPassRelic"},{"floor":10,"key":"Blood Vial"},{"floor":22,"key":"Gremlin Food"},{"floor":22,"key":"PreservedInsect"},{"floor":26,"key":"infinitespire:Eraser"},{"floor":28,"key":"infinitespire:Lucky Rock"},{"floor":32,"key":"Art of War"}],"event_choices":[{"damage_healed":17,"gold_gain":0,"player_choice":"Healed","damage_taken":0,"max_hp_gain":0,"max_hp_loss":0,"event_name":"The Cleric","floor":4,"gold_loss":35},{"damage_healed":0,"gold_gain":0,"player_choice":"Inject Mutagens","damage_taken":0,"relics_obtained":["MutagenicStrength"],"max_hp_gain":0,"max_hp_loss":0,"event_name":"Drug Dealer","floor":20,"gold_loss":0},{"damage_healed":0,"gold_gain":0,"player_choice":"Memory 3","damage_taken":10,"max_hp_gain":0,"max_hp_loss":0,"event_name":"SensoryStone","floor":41,"gold_loss":0}],"is_beta":false,"boss_relics":[{"not_picked":["Astrolabe","SacredBark"],"picked":"Honey Jar"},{"not_picked":["Coffee Dripper","Replay:Grab Bag"],"picked":"ChewingGum"}],"items_purged_floors":[],"is_endless":true,"potions_floor_spawned":[6,7,8,10,16,18,31,33,43],"killed_by":"Nightmare_Alpha","ascension_level":0}}