{"host":"nqsrckqog5ia9mbo","time":1609866464,"event":{"mods":["AchievementEnabler","BaseMod","Colored Map","Highlight Path","Minty Spire (QoL Compilation)"],"gold_per_floor":[110,37,37,55,68,94,94,110,133,153,153,169,169,200,200,297,297,313,87,101,101,1,1,1],"floor_reached":23,"playtime":1142,"items_purged":["Strike_B","Strike_B"],"score":231,"play_id":"6832525a-a070-4e02-8c9d-241c3f5e1a15","local_time":"20210105180744","is_ascension_mode":true,"campfire_choices":[{"data":"Capacitor","floor":7,"key":"SMITH"},{"floor":13,"key":"REST"},{"floor":15,"key":"REST"}],"circlet_count":0,"master_deck":["Strike_B","Defend_B","Defend_B","Defend_B","Defend_B","Zap","Dualcast","Turbo","Capacitor+1","Ball Lightning","BootSequence","Coolheaded","Turbo","Ball Lightning","Loop","Tempest+1","Conserve Battery"],"relics":["Cracked Core","Bag of Marbles","Boot","Oddly Smooth Stone","Orichalcum","Philosopher\u0027s Stone","Runic Capacitor"],"acts_visited":["Exordium","TheCity"],"potions_floor_usage":[14],"damage_taken":[{"damage":7,"enemies":"2 Louse","floor":1,"turns":2},{"damage":0,"enemies":"Small Slimes","floor":4,"turns":3},{"damage":0,"enemies":"Cultist","floor":5,"turns":4},{"damage":26,"enemies":"Gremlin Nob","floor":6,"turns":4},{"damage":25,"enemies":"Gremlin Gang","floor":8,"turns":5},{"damage":0,"enemies":"Blue Slaver","floor":10,"turns":3},{"damage":0,"enemies":"Red Slaver","floor":12,"turns":3},{"damage":18,"enemies":"3 Sentries","floor":14,"turns":6},{"damage":28,"enemies":"Hexaghost","floor":16,"turns":9},{"damage":22,"enemies":"Spheric Guardian","floor":18,"turns":5},{"damage":9,"enemies":"Shell Parasite","floor":20,"turns":6},{"damage":47,"enemies":"Slavers","floor":23,"turns":3}],"seed_played":"-1678494148223565818","potions_obtained":[{"floor":5,"key":"Strength Potion"},{"floor":8,"key":"PotionOfCapacity"},{"floor":12,"key":"LiquidMemories"},{"floor":16,"key":"Dexterity Potion"},{"floor":18,"key":"FocusPotion"}],"is_trial":false,"path_per_floor":["M","$","?","M","M","E","R","M","T","M","?","M","R","E","R","B",null,"M","$","M","?","$","E"],"character_chosen":"DEFECT","items_purchased":["Capacitor","Runic Capacitor"],"campfire_rested":2,"item_purchase_floors":[2,19],"current_hp_per_floor":[68,68,73,73,73,47,47,22,22,22,22,22,46,28,52,24,80,58,58,49,43,43,0,0],"gold":1,"neow_bonus":"RANDOM_COMMON_RELIC","is_daily":false,"chose_seed":false,"campfire_upgraded":1,"win_rate":0.0,"timestamp":1609866464,"path_taken":["M","$","?","M","M","E","R","M","T","M","?","?","R","E","R","BOSS","M","$","?","?","$","E"],"items_purchased_type":["Card","Relic"],"build_version":"2020-12-22","purchased_purges":2,"victory":false,"max_hp_per_floor":[75,75,80,80,80,80,80,80,80,80,80,80,80,80,80,80,80,80,80,80,80,80,80,80],"card_choices":[{"not_picked":["Beam Cell","BootSequence"],"picked":"Turbo","floor":1},{"not_picked":["Streamline","Gash"],"picked":"Ball Lightning","floor":4},{"not_picked":["Compile Driver","Multi-Cast","Streamline"],"picked":"SKIP","floor":5},{"not_picked":["Streamline","Turbo"],"picked":"BootSequence","floor":6},{"not_picked":["Leap","Redo"],"picked":"Coolheaded","floor":8},{"not_picked":["Melter","Compile Driver"],"picked":"Turbo","floor":10},{"not_picked":["Darkness","Steam"],"picked":"Ball Lightning","floor":12},{"not_picked":["Hyperbeam","Creative AI"],"picked":"Loop","floor":14},{"not_picked":["Beam Cell","FTL"],"picked":"Tempest+1","floor":18},{"not_picked":["Turbo","Streamline+1"],"picked":"Conserve Battery","floor":20}],"player_experience":141174,"relics_obtained":[{"floor":6,"key":"Boot"},{"floor":9,"key":"Oddly Smooth Stone"},{"floor":14,"key":"Orichalcum"}],"event_choices":[{"damage_healed":0,"gold_gain":0,"player_choice":"Donut","damage_taken":0,"max_hp_gain":5,"max_hp_loss":0,"event_name":"Big Fish","floor":3,"gold_loss":0},{"cards_removed":["Strike_B"],"damage_healed":0,"gold_gain":0,"player_choice":"Purged","damage_taken":0,"max_hp_gain":0,"max_hp_loss":0,"event_name":"Purifier","floor":11,"gold_loss":0},{"damage_healed":0,"gold_gain":0,"player_choice":"","damage_taken":6,"max_hp_gain":0,"max_hp_loss":0,"event_name":"Knowing Skull","floor":21,"potions_obtained":[],"gold_loss":0,"cards_obtained":[]}],"is_beta":false,"boss_relics":[{"not_picked":["Nuclear Battery","Runic Dome"],"picked":"Philosopher\u0027s Stone"}],"items_purged_floors":[19,22],"is_endless":false,"potions_floor_spawned":[5,8,12,16,18],"killed_by":"Slavers","ascension_level":3}}