{"host":"raaimkojny05jekw","time":1609837493,"event":{"mods":["AchievementEnabler","BaseMod","Colored Map","Colored Powertips","DeckTracker","Minty Spire (QoL Compilation)","Quick Restart","Rare Cards Sparkle","everything is the same but u backflip on backflip"],"gold_per_floor":[114,4,23,40,59,59,59,59,59,87,87,102,102,115,115,216,216,216,229,242,242,38,38,38],"floor_reached":23,"playtime":642,"items_purged":["Strike_R"],"score":212,"play_id":"f2f8f272-1ee9-45a0-a8eb-affb9ffcb9e8","local_time":"20210105180453","is_ascension_mode":true,"campfire_choices":[{"data":"Metallicize","floor":6,"key":"SMITH"},{"data":"Thunderclap","floor":11,"key":"SMITH"},{"data":"Evolve","floor":13,"key":"SMITH"},{"data":"True Grit","floor":15,"key":"SMITH"}],"circlet_count":0,"master_deck":["Defend_R","Defend_R","Defend_R","Defend_R","Bash+1","Brutality","Wild Strike","Metallicize+1","Evolve+1","Thunderclap+1","True Grit+1","Wild Strike","Rage","Juggernaut","Flex+1","Perfected Strike+1","Perfected Strike+1","Iron Wave","Shrug It Off"],"relics":["Burning Blood","Shuriken","Paper Frog","Astrolabe","Brimstone"],"acts_visited":["Exordium","TheCity"],"potions_floor_usage":[5,10,16,18,20,23],"damage_taken":[{"damage":5,"enemies":"Small Slimes","floor":1,"turns":4},{"damage":0,"enemies":"2 Louse","floor":3,"turns":4},{"damage":4,"enemies":"Cultist","floor":4,"turns":4},{"damage":12,"enemies":"Blue Slaver","floor":5,"turns":3},{"damage":13,"enemies":"3 Sentries","floor":10,"turns":6},{"damage":15,"enemies":"Red Slaver","floor":12,"turns":5},{"damage":11,"enemies":"Looter","floor":14,"turns":3},{"damage":22,"enemies":"Slime Boss","floor":16,"turns":5},{"damage":0,"enemies":"2 Thieves","floor":18,"turns":1},{"damage":33,"enemies":"Chosen","floor":19,"turns":5},{"damage":43,"enemies":"Snake Plant","floor":20,"turns":3},{"damage":21,"enemies":"Book of Stabbing","floor":23,"turns":2}],"seed_played":"-6539057114075987106","potions_obtained":[{"floor":1,"key":"BlessingOfTheForge"},{"floor":3,"key":"CultistPotion"},{"floor":4,"key":"SmokeBomb"},{"floor":5,"key":"HeartOfIron"},{"floor":14,"key":"Swift Potion"},{"floor":19,"key":"Swift Potion"}],"is_trial":false,"path_per_floor":["M","$","M","M","M","R","?","?","T","E","R","M","R","M","R","B",null,"M","M","M","?","$","E"],"character_chosen":"IRONCLAD","items_purchased":["Metallicize","Brimstone","Shrug It Off"],"campfire_rested":0,"item_purchase_floors":[2,22,22],"current_hp_per_floor":[80,80,80,80,74,74,74,74,74,67,67,58,58,53,53,37,80,80,53,16,16,16,0,0],"gold":38,"neow_bonus":"ONE_RANDOM_RARE_CARD","is_daily":false,"chose_seed":false,"campfire_upgraded":4,"win_rate":0.0,"timestamp":1609837493,"path_taken":["M","$","M","M","M","R","?","?","T","E","R","M","R","M","R","BOSS","M","M","M","?","$","E"],"items_purchased_type":["Card","Relic","Card"],"build_version":"2020-12-22","purchased_purges":1,"victory":false,"max_hp_per_floor":[80,80,80,80,80,80,80,80,80,80,80,80,80,80,80,80,80,80,80,80,80,80,80,80],"card_choices":[{"not_picked":["Fire Breathing","Seeing Red"],"picked":"Wild Strike","floor":1},{"not_picked":["Perfected Strike","Anger"],"picked":"Evolve","floor":3},{"not_picked":["Twin Strike","Clothesline"],"picked":"Thunderclap","floor":4},{"not_picked":["Clothesline","Iron Wave"],"picked":"True Grit","floor":5},{"not_picked":["Rage","Pommel Strike"],"picked":"Wild Strike","floor":10},{"not_picked":["Armaments","Havoc","Iron Wave"],"picked":"SKIP","floor":12},{"not_picked":["Flex","Anger"],"picked":"Rage","floor":14},{"not_picked":["Corruption","Double Tap"],"picked":"Juggernaut","floor":16},{"not_picked":["Infernal Blade","Anger","Flex"],"picked":"SKIP","floor":19},{"not_picked":["Armaments","Anger"],"picked":"Iron Wave","floor":20}],"player_experience":711717,"relics_obtained":[{"floor":9,"key":"Shuriken"},{"floor":10,"key":"Paper Frog"}],"event_choices":[{"damage_healed":0,"gold_gain":0,"player_choice":"Grow","damage_taken":0,"max_hp_gain":0,"max_hp_loss":0,"event_name":"Living Wall","floor":7,"gold_loss":0,"cards_upgraded":["Bash"]},{"cards_removed":["Strike_R"],"damage_healed":0,"gold_gain":0,"player_choice":"Offered Basic","damage_taken":0,"max_hp_gain":0,"max_hp_loss":0,"event_name":"Bonfire Elementals","floor":8,"gold_loss":0},{"damage_healed":0,"gold_gain":0,"player_choice":"Ignored","damage_taken":0,"max_hp_gain":0,"max_hp_loss":0,"event_name":"Beggar","floor":21,"gold_loss":0}],"is_beta":false,"boss_relics":[{"not_picked":["Runic Pyramid","Runic Cube"],"picked":"Astrolabe"}],"items_purged_floors":[2],"is_endless":false,"potions_floor_spawned":[1,3,4,5,14,19],"killed_by":"Book of Stabbing","ascension_level":2}}