{"host":"vfg9szunmpjwj08o","time":1609883875,"event":{"mods":["Act Like it!","BaseMod","Challenge The Spire","Colored Map","Colored Powertips","Minty Spire (QoL Compilation)","StSLib","Waifu the Spire"],"gold_per_floor":[119,129,28,28,178,206,223,236,308,308,335,355,13,31,31,105,105,124,49,61,35,35,35,55,55,81,92,0,0,0,0],"floor_reached":30,"playtime":1045,"items_purged":["Strike_B","Strike_B"],"score":614,"play_id":"fb0d9977-a296-4913-8c33-bf4c5553e5eb","local_time":"20210105225755","is_ascension_mode":true,"campfire_choices":[{"data":"Zap","floor":15,"key":"SMITH"},{"data":"Dualcast","floor":23,"key":"SMITH"},{"data":"Hologram","floor":25,"key":"SMITH"},{"floor":29,"key":"RECALL"}],"circlet_count":0,"master_deck":["AscendersBane","Strike_B","Defend_B","Defend_B","Defend_B","Zap+1","Dualcast+1","Chill","Ball Lightning","Hologram+1","Compile Driver","Gash","Self Repair","Scrape","Echo Form","Go for the Eyes","Conserve Battery","Gash","Storm","Glacier"],"relics":["Cracked Core","NeowsBlessing","Calipers","InkBottle","Orichalcum","ClockworkSouvenir","Inserter"],"acts_visited":["Exordium","TheCity"],"potions_floor_usage":[11,16,16],"damage_taken":[{"damage":0,"enemies":"Jaw Worm","floor":1,"turns":1},{"damage":0,"enemies":"Small Slimes","floor":2,"turns":1},{"damage":0,"enemies":"Gremlin Nob","floor":6,"turns":1},{"damage":10,"enemies":"2 Louse","floor":7,"turns":2},{"damage":8,"enemies":"Exordium Wildlife","floor":8,"turns":4},{"damage":31,"enemies":"Lagavulin","floor":11,"turns":5},{"damage":8,"enemies":"Looter","floor":12,"turns":2},{"damage":6,"enemies":"Large Slime","floor":14,"turns":4},{"damage":0,"enemies":"Slime Boss","floor":16,"turns":7},{"damage":25,"enemies":"2 Thieves","floor":18,"turns":4},{"damage":18,"enemies":"Shell Parasite","floor":20,"turns":4},{"damage":6,"enemies":"Chosen and Byrds","floor":24,"turns":5},{"damage":24,"enemies":"Centurion and Healer","floor":27,"turns":6},{"damage":25,"enemies":"Shelled Parasite and Fungi","floor":30,"turns":2}],"seed_played":"1745157962143122415","potions_obtained":[{"floor":2,"key":"Fire Potion"},{"floor":8,"key":"Strength Potion"},{"floor":11,"key":"Block Potion"},{"floor":14,"key":"FocusPotion"},{"floor":18,"key":"EssenceOfSteel"},{"floor":27,"key":"FocusPotion"}],"is_trial":false,"path_per_floor":["M","M","$","?","?","E","M","M","T","?","E","M","$","M","R","B",null,"M","?","M","$","?","R","M","R","T","M","?","R","M"],"character_chosen":"DEFECT","items_purchased":["Ball Lightning","Scrape","ClockworkSouvenir","Gash"],"campfire_rested":0,"item_purchase_floors":[3,13,13,21],"current_hp_per_floor":[64,64,64,69,69,69,59,51,51,51,20,12,12,6,6,6,59,41,41,30,30,30,30,38,38,38,21,21,21,0,0],"gold":0,"neow_bonus":"THREE_ENEMY_KILL","is_daily":false,"chose_seed":false,"campfire_upgraded":3,"win_rate":0.0,"timestamp":1609883875,"path_taken":["M","M","$","?","?","E","M","M","T","?","E","M","$","M","R","BOSS","M","?","M","$","?","R","M","R","T","M","?","R","M"],"items_purchased_type":["Card","Card","Relic","Card"],"build_version":"2020-12-22","purchased_purges":2,"victory":false,"max_hp_per_floor":[71,71,71,76,76,76,76,76,76,76,76,76,76,76,76,76,76,76,76,76,76,76,76,76,76,76,76,76,76,76,76],"card_choices":[{"not_picked":["Beam Cell","Rebound"],"picked":"Chill","floor":1},{"not_picked":["Hello World","Streamline","Stack"],"picked":"SKIP","floor":2},{"not_picked":["Barrage","Leap"],"picked":"Hologram","floor":6},{"not_picked":["Stack","BootSequence"],"picked":"Compile Driver","floor":7},{"not_picked":["Beam Cell","Barrage","Leap"],"picked":"SKIP","floor":8},{"not_picked":["Leap","Steam"],"picked":"Gash","floor":11},{"not_picked":["Biased Cognition","Leap"],"picked":"Self Repair","floor":12},{"not_picked":["Redo","Sweeping Beam","Rebound"],"picked":"SKIP","floor":14},{"not_picked":["Biased Cognition","Machine Learning"],"picked":"Echo Form","floor":16},{"not_picked":["Leap+1","Turbo"],"picked":"Go for the Eyes","floor":18},{"not_picked":["Stack","Coolheaded+1"],"picked":"Conserve Battery","floor":20},{"not_picked":["Cold Snap","Steam"],"picked":"Storm","floor":24},{"not_picked":["Hologram","Genetic Algorithm"],"picked":"Glacier","floor":27}],"player_experience":1036004,"relics_obtained":[{"floor":6,"key":"Calipers"},{"floor":9,"key":"InkBottle"},{"floor":11,"key":"Orichalcum"}],"event_choices":[{"damage_healed":0,"gold_gain":0,"player_choice":"Donut","damage_taken":0,"max_hp_gain":5,"max_hp_loss":0,"event_name":"Big Fish","floor":4,"gold_loss":0},{"damage_healed":0,"gold_gain":150,"player_choice":"AGREE","damage_taken":0,"max_hp_gain":0,"max_hp_loss":0,"event_name":"Liars Game","floor":5,"gold_loss":0,"cards_obtained":["Doubt"]},{"cards_removed":["Doubt"],"damage_healed":0,"gold_gain":0,"player_choice":"Forget","damage_taken":0,"max_hp_gain":0,"max_hp_loss":0,"event_name":"Living Wall","floor":10,"gold_loss":0},{"cards_removed":["Strike_B"],"damage_healed":0,"gold_gain":0,"player_choice":"Gave Gold","damage_taken":0,"max_hp_gain":0,"max_hp_loss":0,"event_name":"Beggar","floor":19,"gold_loss":75},{"cards_removed":["Defend_B"],"damage_healed":0,"gold_gain":0,"player_choice":"Elegance","damage_taken":0,"max_hp_gain":0,"max_hp_loss":0,"event_name":"Back to Basics","floor":22,"gold_loss":0},{"damage_healed":0,"gold_gain":0,"player_choice":"Paid Fearfully","damage_taken":0,"max_hp_gain":0,"max_hp_loss":0,"event_name":"Masked Bandits","floor":28,"gold_loss":92}],"is_beta":false,"boss_relics":[{"not_picked":["Busted Crown","Black Star"],"picked":"Inserter"}],"items_purged_floors":[3,13],"is_endless":false,"potions_floor_spawned":[2,8,11,14,18,27],"killed_by":"Shelled Parasite and Fungi","ascension_level":19}}