{"host":"wwo1kwxjf4eyz37q","time":1609849370,"event":{"mods":["AchievementEnabler","BaseMod","Colored Map","Minty Spire (QoL Compilation)","Quick Restart","SuperFastMode"],"gold_per_floor":[109,109,109,126,136,136,61,87,87,87,87,110,110,35,35,164,164,188,204,225,225,225,225,258,82,82,105,105,105,135,135,135,232,232,244,17,64,64,77,77,93,93,144,144,163,193,24,40,40,40],"floor_reached":51,"playtime":2959,"items_purged":["Strike_G","Defend_G","Strike_G"],"score":1086,"play_id":"b5b228a1-b018-4068-8c8c-11cde96db794","local_time":"20210105212250","is_ascension_mode":true,"campfire_choices":[{"data":"Neutralize","floor":6.0,"key":"SMITH"},{"floor":10.0,"key":"REST"},{"floor":15.0,"key":"REST"},{"data":"Cloak And Dagger","floor":23.0,"key":"SMITH"},{"floor":28.0,"key":"REST"},{"data":"Footwork","floor":32.0,"key":"SMITH"},{"data":"Accuracy","floor":40.0,"key":"SMITH"},{"data":"Accuracy","floor":42.0,"key":"SMITH"},{"data":"After Image","floor":44.0,"key":"SMITH"},{"data":"Envenom","floor":49,"key":"SMITH"}],"circlet_count":0,"master_deck":["Strike_G","Defend_G","Defend_G","Defend_G","Survivor","Neutralize+1","Trip","Tactician","Slice","Cloak And Dagger+1","Blade Dance","Slice","Accuracy+1","After Image+1","Prepared+1","Footwork+1","Concentrate","Blade Dance","Envenom+1","Choke+1","Escape Plan","Accuracy+1","Blade Dance+1","PiercingWail","Master of Strategy"],"relics":["Ring of the Snake","Shuriken","Regal Pillow","Bloody Idol","Letter Opener","Runic Pyramid","Nilry\u0027s Codex","Blood Vial","Omamori","InkBottle","Cursed Key","Gambling Chip","Anchor","Dream Catcher"],"acts_visited":["Exordium","TheCity","TheBeyond"],"potions_floor_usage":[50],"damage_taken":[{"damage":12.0,"enemies":"Jaw Worm","floor":1.0,"turns":4.0},{"damage":8.0,"enemies":"Small Slimes","floor":4.0,"turns":4.0},{"damage":0.0,"enemies":"Cultist","floor":5.0,"turns":3.0},{"damage":21.0,"enemies":"Gremlin Nob","floor":8.0,"turns":4.0},{"damage":0.0,"enemies":"2 Fungi Beasts","floor":12.0,"turns":3.0},{"damage":0.0,"enemies":"Slime Boss","floor":16.0,"turns":5.0},{"damage":0.0,"enemies":"3 Byrds","floor":18.0,"turns":6.0},{"damage":0.0,"enemies":"Chosen","floor":19.0,"turns":3.0},{"damage":23.0,"enemies":"Snake Plant","floor":20.0,"turns":5.0},{"damage":5.0,"enemies":"Gremlin Leader","floor":24.0,"turns":7.0},{"damage":0.0,"enemies":"Snecko","floor":27.0,"turns":4.0},{"damage":15.0,"enemies":"Book of Stabbing","floor":30.0,"turns":5.0},{"damage":0.0,"enemies":"Collector","floor":33.0,"turns":5.0},{"damage":16.0,"enemies":"3 Darklings","floor":35.0,"turns":5.0},{"damage":26.0,"enemies":"2 Orb Walkers","floor":37.0,"turns":6.0},{"damage":0.0,"enemies":"3 Shapes","floor":39.0,"turns":2.0},{"damage":1.0,"enemies":"Writhing Mass","floor":41.0,"turns":3.0},{"damage":0,"enemies":"Maw","floor":45,"turns":4},{"damage":0,"enemies":"Nemesis","floor":46,"turns":3},{"damage":0,"enemies":"Spire Growth","floor":48,"turns":2},{"damage":4,"enemies":"Awakened One","floor":50,"turns":5}],"seed_played":"8114125322136218064","potions_obtained":[{"floor":1.0,"key":"Poison Potion"},{"floor":3.0,"key":"AttackPotion"},{"floor":3.0,"key":"EntropicBrew"},{"floor":12.0,"key":"Energy Potion"},{"floor":19.0,"key":"SpeedPotion"},{"floor":30.0,"key":"LiquidBronze"},{"floor":33.0,"key":"Regen Potion"},{"floor":35.0,"key":"Weak Potion"},{"floor":39.0,"key":"Regen Potion"},{"floor":45,"key":"PowerPotion"}],"is_trial":false,"path_per_floor":["M","?","?","M","M","R","$","E","T","R","?","M","?","$","R","B",null,"M","M","M","?","?","R","E","$","T","M","R","?","E","?","R","B",null,"M","$","?","?","M","R","M","R","T","R","M","E","$","M","R","B",null],"character_chosen":"THE_SILENT","items_purchased":["Accuracy","Concentrate","Escape Plan","Accuracy","Master of Strategy"],"campfire_rested":3,"item_purchase_floors":[14,25,36,36,47],"current_hp_per_floor":[51,44,44,36,36,36,36,15,15,51,51,51,39,39,65,65,65,65,65,42,26,26,26,21,21,21,23,57,57,49,49,49,56,63,54,54,50,50,57,57,63,63,65,65,65,65,65,65,65,61],"gold":40,"neow_bonus":"RANDOM_COLORLESS","is_daily":false,"chose_seed":false,"campfire_upgraded":7,"win_rate":0.0,"timestamp":1609849370,"path_taken":["M","?","?","M","?","R","$","E","T","R","?","M","?","?","R","BOSS","M","M","M","?","?","R","E","$","T","?","R","?","E","?","R","BOSS","M","$","?","?","M","R","?","R","T","R","M","E","$","M","R","BOSS"],"items_purchased_type":["Card","Card","Card","Card","Card"],"build_version":"2020-12-22","purchased_purges":3,"victory":true,"max_hp_per_floor":[70,70,70,70,70,70,70,70,70,70,65,65,65,65,65,65,65,65,65,65,65,65,65,65,65,65,65,65,65,65,65,65,65,65,65,65,65,65,65,65,65,65,65,65,65,65,65,65,65,65],"card_choices":[{"not_picked":["Purity","Enlightenment"],"picked":"Trip","floor":0.0},{"not_picked":["Bane","Underhanded Strike"],"picked":"Tactician","floor":1.0},{"not_picked":["Prepared","Dagger Spray"],"picked":"Slice","floor":4.0},{"not_picked":["Heel Hook","Acrobatics"],"picked":"Cloak And Dagger","floor":5.0},{"not_picked":["Tools of the Trade","Deflect"],"picked":"Blade Dance","floor":8.0},{"not_picked":["Deadly Poison","Poisoned Stab"],"picked":"Slice","floor":12.0},{"not_picked":["Adrenaline","Grand Finale"],"picked":"After Image","floor":16.0},{"not_picked":["PiercingWail","Dodge and Roll","Skewer"],"picked":"SKIP","floor":18.0},{"not_picked":["Skewer","Poisoned Stab+1","Eviscerate+1"],"picked":"SKIP","floor":19.0},{"not_picked":["Acrobatics","Heel Hook+1"],"picked":"Prepared+1","floor":20.0},{"not_picked":["Prepared+1","Cloak And Dagger"],"picked":"Footwork","floor":24.0},{"not_picked":["Bane","Outmaneuver","Night Terror"],"picked":"SKIP","floor":27.0},{"not_picked":["Flying Knee","Distraction"],"picked":"Blade Dance","floor":30.0},{"not_picked":["Burst","Glass Knife"],"picked":"Envenom","floor":33.0},{"not_picked":["Dagger Spray+1","Skewer+1"],"picked":"Choke","floor":35.0},{"not_picked":["Predator","Caltrops"],"picked":"Blade Dance+1","floor":39.0},{"not_picked":["Burst","Flying Knee","Distraction"],"picked":"SKIP","floor":41.0},{"not_picked":["Dagger Spray","Endless Agony+1","PiercingWail"],"picked":"SKIP","floor":45},{"not_picked":["Dagger Spray","Endless Agony+1"],"picked":"PiercingWail","floor":45},{"not_picked":["Well Laid Plans+1","Skewer+1","Sucker Punch+1"],"picked":"SKIP","floor":46},{"not_picked":["PiercingWail","Underhanded Strike+1","Terror"],"picked":"SKIP","floor":48}],"player_experience":190519,"relics_obtained":[{"floor":8.0,"key":"Shuriken"},{"floor":9.0,"key":"Regal Pillow"},{"floor":21.0,"key":"Nilry\u0027s Codex"},{"floor":24.0,"key":"Blood Vial"},{"floor":26.0,"key":"Omamori"},{"floor":30.0,"key":"InkBottle"},{"floor":37.0,"key":"Gambling Chip"},{"floor":43.0,"key":"Anchor"},{"floor":46,"key":"Dream Catcher"}],"event_choices":[{"cards_removed":["Strike_G"],"damage_healed":0.0,"max_hp_gain":0.0,"max_hp_loss":0.0,"gold_gain":0.0,"event_name":"Golden Wing","player_choice":"Card Removal","floor":2.0,"gold_loss":0.0,"damage_taken":7.0},{"damage_healed":0.0,"max_hp_gain":0.0,"max_hp_loss":0.0,"gold_gain":0.0,"event_name":"Lab","player_choice":"Got Potions","floor":3.0,"gold_loss":0.0,"damage_taken":0.0},{"damage_healed":0.0,"max_hp_gain":0.0,"max_hp_loss":5.0,"gold_gain":0.0,"event_name":"Golden Idol","player_choice":"Lose Max HP","floor":11.0,"gold_loss":0.0,"damage_taken":0.0,"relics_obtained":["Golden Idol"]},{"damage_healed":0.0,"max_hp_gain":0.0,"max_hp_loss":0.0,"gold_gain":0.0,"event_name":"Scrap Ooze","player_choice":"Success","floor":13.0,"gold_loss":0.0,"damage_taken":12.0,"relics_obtained":["Letter Opener"]},{"damage_healed":0.0,"max_hp_gain":0.0,"max_hp_loss":0.0,"gold_gain":0.0,"event_name":"Cursed Tome","player_choice":"Obtained Book","floor":21.0,"gold_loss":0.0,"damage_taken":16.0},{"cards_removed":["Strike_G"],"damage_healed":0.0,"max_hp_gain":0.0,"max_hp_loss":0.0,"gold_gain":0.0,"event_name":"Bonfire Elementals","player_choice":"Offered Basic","floor":22.0,"gold_loss":0.0,"damage_taken":0.0},{"damage_healed":0.0,"max_hp_gain":0.0,"max_hp_loss":0.0,"gold_gain":0.0,"event_name":"Forgotten Altar","player_choice":"Gave Idol","floor":29.0,"relics_lost":["Golden Idol"],"gold_loss":0.0,"damage_taken":0.0,"relics_obtained":["Bloody Idol"]},{"cards_removed":["Defend_G"],"damage_healed":0.0,"max_hp_gain":0.0,"max_hp_loss":0.0,"gold_gain":0.0,"event_name":"Back to Basics","player_choice":"Elegance","floor":31.0,"gold_loss":0.0,"damage_taken":0.0},{"damage_healed":0.0,"max_hp_gain":0.0,"max_hp_loss":0.0,"gold_gain":0.0,"event_name":"Mysterious Sphere","player_choice":"Fight","floor":37.0,"gold_loss":0.0,"damage_taken":0.0},{"damage_healed":0.0,"max_hp_gain":0.0,"max_hp_loss":0.0,"gold_gain":0.0,"event_name":"Upgrade Shrine","player_choice":"Upgraded","floor":38.0,"gold_loss":0.0,"damage_taken":0.0,"cards_upgraded":["Choke"]}],"is_beta":false,"boss_relics":[{"not_picked":["Pandora\u0027s Box","SacredBark"],"picked":"Runic Pyramid"},{"not_picked":["Empty Cage","Coffee Dripper"],"picked":"Cursed Key"}],"items_purged_floors":[7,25,36],"is_endless":false,"potions_floor_spawned":[1,5,12,19,30,33,35,39,45,48],"ascension_level":7}}