{"host":"a0paspe0zwqgzttz","time":1609875005,"event":{"mods":["AchievementEnabler","Act Like it!","BaseMod","BetterRewards","Colored Powertips","Conspire","Downfall","GifTheSpireLib","Hermit","Highlight Path","Lobotomy","Marisa????????","Minty Spire (QoL Compilation)","Quick Restart","Replay The Spire","Robot Space Explorer","Shop Mod","StSLib","SuperFastMode","The Bug Knight","The Construct","The Cursed","The Hierophant","The Jungle","The Mystic","The Necromancer","The Runesmith","The Senshi","The Servant 0.9.4"],"gold_per_floor":[117,292,306,344,361,361,361],"floor_reached":6,"playtime":243,"items_purged":[],"score":36,"play_id":"c76cb265-c25a-4118-ac68-129e746fcb9d","local_time":"20210105143005","is_ascension_mode":false,"campfire_choices":[],"circlet_count":0,"master_deck":["hermit:Strike_Hermit","hermit:Strike_Hermit","hermit:Strike_Hermit","hermit:Strike_Hermit","hermit:Defend_Hermit","hermit:Defend_Hermit","hermit:Defend_Hermit","hermit:Defend_Hermit","hermit:Snapshot+1","hermit:Covet","hermit:SprayPray","Doubt","hermit:LowProfile","hermit:Quickdraw","hermit:CalledShot"],"relics":["hermit:Momento","construct:BoolHorns"],"acts_visited":["Exordium"],"potions_floor_usage":[4],"damage_taken":[{"damage":1,"enemies":"Small Slimes","floor":1,"turns":4},{"damage":6,"enemies":"Cultist","floor":3,"turns":5},{"damage":31,"enemies":"conspire:MimicChest","floor":4,"turns":8},{"damage":3,"enemies":"Jaw Worm","floor":5,"turns":2},{"damage":64,"enemies":"Gremlin Nob","floor":6,"turns":5}],"seed_played":"3733100060316592758","potions_obtained":[{"floor":3,"key":"Explosive Potion"}],"is_trial":false,"path_per_floor":["M","?","M","?","M","E"],"character_chosen":"HERMIT","items_purchased":[],"campfire_rested":0,"item_purchase_floors":[],"current_hp_per_floor":[74,74,68,37,34,0,0],"gold":361,"neow_bonus":"UPGRADE_CARD","is_daily":false,"chose_seed":false,"campfire_upgraded":0,"win_rate":0.0,"timestamp":1609875005,"path_taken":["M","?","M","?","?","E"],"items_purchased_type":[],"build_version":"2020-12-22","purchased_purges":0,"victory":false,"max_hp_per_floor":[75,75,75,75,75,75,75],"card_choices":[{"not_picked":["hermit:CalledShot","hermit:Headshot"],"picked":"hermit:SprayPray","floor":1},{"not_picked":["hermit:Headshot","hermit:Ricochet"],"picked":"hermit:LowProfile","floor":3},{"not_picked":["hermit:Ricochet","hermit:Feint"],"picked":"hermit:Quickdraw","floor":4},{"not_picked":["hermit:Gestalt","hermit:Snipe"],"picked":"hermit:CalledShot","floor":5}],"player_experience":388298,"relics_obtained":[{"floor":4,"key":"construct:BoolHorns"}],"event_choices":[{"damage_healed":0,"gold_gain":175,"player_choice":"AGREE","damage_taken":0,"max_hp_gain":0,"max_hp_loss":0,"event_name":"Liars Game","floor":2,"gold_loss":0,"cards_obtained":["Doubt"]}],"is_beta":false,"boss_relics":[],"items_purged_floors":[],"is_endless":false,"potions_floor_spawned":[3],"killed_by":"Gremlin Nob","ascension_level":0}}