{"host":"ynimr9ugvc6f046i","time":1609808091,"event":{"mods":["2.2 Compatiblity","BaseMod","Colored Map","DeckTracker","Highlight Path","Keyboard Shortcuts","Minty Spire (QoL Compilation)","Permanent Neow","Quick Restart","StSLib","SuperFastMode"],"gold_per_floor":[109,119,136,136,154,154,194,272,272,285,285,301,68,81,81,172,172,186,236,257,280,298,298,333,333,356,376,395,395,433,447,447,540,540,563,563,579,579,595,595,630,630,707,742,314,337,337,361,361,361,361,361],"floor_reached":51,"playtime":1647,"items_purged":["Strike_G","Strike_G"],"score":1531,"play_id":"80131e67-eefd-4cd0-b3fa-fea69493c70b","local_time":"20210105095451","is_ascension_mode":true,"campfire_choices":[{"data":"Apotheosis","floor":6.0,"key":"SMITH"},{"floor":11.0,"key":"REST"},{"floor":15.0,"key":"REST"},{"floor":23.0,"key":"REST"},{"floor":25.0,"key":"REST"},{"data":"Wraith Form v2","floor":29.0,"key":"SMITH"},{"floor":32.0,"key":"REST"},{"data":"Acrobatics","floor":40.0,"key":"SMITH"},{"data":"Calculated Gamble","floor":42.0,"key":"SMITH"},{"floor":49.0,"key":"RECALL"}],"circlet_count":0,"master_deck":["AscendersBane","Strike_G","Defend_G","Defend_G","Defend_G","Defend_G","Defend_G","Survivor","Neutralize","Apotheosis+1","Poisoned Stab","Deadly Poison","Predator","Corpse Explosion","Acrobatics+1","Wraith Form v2+1","PiercingWail","Prepared+1","Reflex","Calculated Gamble+1","Deep Breath","Panacea","Acrobatics","Tactician"],"relics":["Ring of the Snake","Golden Idol","Potion Belt","Pear","Happy Flower","TwistedFunnel","Black Star","Boot","Lantern","Toy Ornithopter","Pantograph","Matryoshka","Coffee Dripper","Oddly Smooth Stone","Centennial Puzzle","Bag of Marbles","Mercury Hourglass","Regal Pillow","Snake Skull","OrangePellets"],"acts_visited":["Exordium","TheCity","TheBeyond"],"potions_floor_usage":[51,51,51],"damage_taken":[{"damage":0.0,"enemies":"Cultist","floor":1.0,"turns":5.0},{"damage":4.0,"enemies":"Jaw Worm","floor":2.0,"turns":3.0},{"damage":0.0,"enemies":"Small Slimes","floor":3.0,"turns":3.0},{"damage":0.0,"enemies":"3 Louse","floor":5.0,"turns":5.0},{"damage":14.0,"enemies":"Gremlin Nob","floor":7.0,"turns":4.0},{"damage":24.0,"enemies":"3 Sentries","floor":8.0,"turns":9.0},{"damage":6.0,"enemies":"Large Slime","floor":10.0,"turns":4.0},{"damage":10.0,"enemies":"Gremlin Gang","floor":12.0,"turns":5.0},{"damage":14.0,"enemies":"Exordium Thugs","floor":14.0,"turns":4.0},{"damage":1.0,"enemies":"The Guardian","floor":16.0,"turns":9.0},{"damage":20.0,"enemies":"3 Byrds","floor":18.0,"turns":3.0},{"damage":6.0,"enemies":"2 Thieves","floor":20.0,"turns":4.0},{"damage":8.0,"enemies":"Snake Plant","floor":21.0,"turns":4.0},{"damage":1.0,"enemies":"Snecko","floor":22.0,"turns":5.0},{"damage":0.0,"enemies":"Book of Stabbing","floor":24.0,"turns":7.0},{"damage":18.0,"enemies":"3 Cultists","floor":27.0,"turns":3.0},{"damage":0.0,"enemies":"Cultist and Chosen","floor":28.0,"turns":2.0},{"damage":22.0,"enemies":"Slavers","floor":30.0,"turns":3.0},{"damage":16.0,"enemies":"Shelled Parasite and Fungi","floor":31.0,"turns":5.0},{"damage":9.0,"enemies":"Automaton","floor":33.0,"turns":11.0},{"damage":1.0,"enemies":"Orb Walker","floor":35.0,"turns":4.0},{"damage":1.0,"enemies":"3 Darklings","floor":37.0,"turns":3.0},{"damage":0.0,"enemies":"4 Shapes","floor":39.0,"turns":4.0},{"damage":5.0,"enemies":"Nemesis","floor":41.0,"turns":7.0},{"damage":4.0,"enemies":"Giant Head","floor":44.0,"turns":9.0},{"damage":1.0,"enemies":"Maw","floor":46.0,"turns":6.0},{"damage":2.0,"enemies":"Sphere and 2 Shapes","floor":48.0,"turns":3.0},{"damage":8.0,"enemies":"Donu and Deca","floor":50.0,"turns":5.0},{"damage":75,"enemies":"Time Eater","floor":51,"turns":12}],"seed_played":"-2136512567184283748","potions_obtained":[{"floor":5.0,"key":"GamblersBrew"},{"floor":7.0,"key":"AttackPotion"},{"floor":8.0,"key":"PowerPotion"},{"floor":10.0,"key":"SpeedPotion"},{"floor":16.0,"key":"EssenceOfSteel"},{"floor":20.0,"key":"LiquidMemories"},{"floor":28.0,"key":"SpeedPotion"},{"floor":30.0,"key":"ColorlessPotion"},{"floor":33.0,"key":"GhostInAJar"},{"floor":35.0,"key":"Weak Potion"},{"floor":39.0,"key":"PowerPotion"},{"floor":46.0,"key":"SpeedPotion"},{"floor":48.0,"key":"SteroidPotion"}],"is_trial":false,"path_per_floor":["M","M","M","?","M","R","E","?","T","M","R","M","$","M","R","B",null,"M","?","M","M","M","R","E","R","T","M","M","R","E","M","R","B",null,"M","?","M","?","M","R","E","R","T","E","$","M","?","M","R","B","B"],"character_chosen":"THE_SILENT","items_purchased":["TwistedFunnel","Snake Skull","OrangePellets"],"campfire_rested":5,"item_purchase_floors":[13,45,45],"current_hp_per_floor":[44,40,40,40,40,40,26,12,12,6,27,17,17,3,24,23,58,38,38,32,24,23,44,44,65,65,47,52,52,30,14,35,66,69,68,68,67,57,57,57,52,52,52,53,53,52,52,50,50,62,0,0],"gold":361,"neow_bonus":"RANDOM_COLORLESS_2","is_daily":false,"chose_seed":false,"campfire_upgraded":4,"win_rate":0.0,"timestamp":1609808091,"path_taken":["M","?","M","?","M","R","E","?","T","M","R","M","$","M","R","BOSS","M","?","M","M","M","R","E","R","T","M","M","R","E","M","R","BOSS","M","?","?","?","M","R","E","R","T","E","$","M","?","M","R","BOSS","BOSS"],"items_purchased_type":["Relic","Relic","Relic"],"build_version":"2020-12-22","purchased_purges":2,"victory":false,"max_hp_per_floor":[66,66,66,60,60,60,60,70,70,70,70,70,70,70,70,70,70,70,70,70,70,70,70,70,70,70,70,70,70,70,70,70,70,70,70,70,70,70,70,70,70,70,70,70,70,70,70,70,70,70,70,70],"card_choices":[{"not_picked":["Deflect","Concentrate"],"picked":"Poisoned Stab","floor":1.0},{"not_picked":["Flechettes","Quick Slash","Underhanded Strike"],"picked":"SKIP","floor":2.0},{"not_picked":["Infinite Blades","Slice","Expertise"],"picked":"SKIP","floor":3.0},{"not_picked":["Endless Agony","Sucker Punch","Underhanded Strike"],"picked":"SKIP","floor":5.0},{"not_picked":["Distraction","Caltrops"],"picked":"Deadly Poison","floor":7.0},{"not_picked":["Outmaneuver","Dagger Spray"],"picked":"Predator","floor":10.0},{"not_picked":["Infinite Blades","Accuracy"],"picked":"Corpse Explosion","floor":12.0},{"not_picked":["Skewer","Deflect"],"picked":"Acrobatics","floor":14.0},{"not_picked":["Phantasmal Killer","Glass Knife"],"picked":"Wraith Form v2","floor":16.0},{"not_picked":["Dagger Throw","Eviscerate","PiercingWail"],"picked":"SKIP","floor":18.0},{"not_picked":["Dagger Throw","Eviscerate"],"picked":"PiercingWail","floor":18.0},{"not_picked":["Dash","Backstab","Deadly Poison"],"picked":"SKIP","floor":20.0},{"not_picked":["Deadly Poison+1","Masterful Stab+1"],"picked":"Prepared+1","floor":21.0},{"not_picked":["Cloak And Dagger+1","Dagger Spray","Blur"],"picked":"SKIP","floor":22.0},{"not_picked":["PiercingWail","Slice","Dash"],"picked":"SKIP","floor":24.0},{"not_picked":["Acrobatics","Cloak And Dagger+1","Poisoned Stab"],"picked":"SKIP","floor":27.0},{"not_picked":["Eviscerate+1","Acrobatics","Blade Dance"],"picked":"SKIP","floor":28.0},{"not_picked":["Malaise","Outmaneuver","Bane"],"picked":"SKIP","floor":30.0},{"not_picked":["All Out Attack","Caltrops"],"picked":"Reflex","floor":31.0},{"not_picked":["Eviscerate","Backstab","Underhanded Strike"],"picked":"SKIP","floor":35.0},{"not_picked":["Slice+1","Poisoned Stab"],"picked":"Calculated Gamble","floor":37.0},{"not_picked":["PanicButton","Metamorphosis"],"picked":"Deep Breath","floor":38.0},{"not_picked":["Sadistic Nature","Mind Blast"],"picked":"Panacea","floor":38.0},{"not_picked":["Prepared+1","Bane+1","Expertise+1"],"picked":"SKIP","floor":39.0},{"not_picked":["Corpse Explosion","Flechettes+1","Quick Slash"],"picked":"SKIP","floor":41.0},{"not_picked":["Poisoned Stab","Slice"],"picked":"Acrobatics","floor":44.0},{"not_picked":["Calculated Gamble+1","PiercingWail"],"picked":"Tactician","floor":46.0},{"not_picked":["All Out Attack","Escape Plan","Deadly Poison+1"],"picked":"SKIP","floor":48.0}],"player_experience":534873,"relics_obtained":[{"floor":7.0,"key":"Potion Belt"},{"floor":8.0,"key":"Pear"},{"floor":9.0,"key":"Happy Flower"},{"floor":24.0,"key":"Boot"},{"floor":24.0,"key":"Lantern"},{"floor":26.0,"key":"Toy Ornithopter"},{"floor":30.0,"key":"Pantograph"},{"floor":30.0,"key":"Matryoshka"},{"floor":41.0,"key":"Oddly Smooth Stone"},{"floor":41.0,"key":"Centennial Puzzle"},{"floor":43.0,"key":"Bag of Marbles"},{"floor":44.0,"key":"Mercury Hourglass"},{"floor":44.0,"key":"Regal Pillow"}],"event_choices":[{"damage_healed":0.0,"max_hp_gain":0.0,"max_hp_loss":6.0,"gold_gain":0.0,"event_name":"Golden Idol","player_choice":"Lose Max HP","floor":4.0,"gold_loss":0.0,"damage_taken":0.0,"relics_obtained":["Golden Idol"]},{"damage_healed":0.0,"max_hp_gain":0.0,"max_hp_loss":0.0,"gold_gain":0.0,"event_name":"Dead Adventurer","player_choice":"Searched \u00271\u0027 times","floor":8.0,"gold_loss":0.0,"damage_taken":0.0},{"damage_healed":0.0,"max_hp_gain":0.0,"max_hp_loss":0.0,"gold_gain":50.0,"event_name":"Nest","player_choice":"Stole From Cult","floor":19.0,"gold_loss":0.0,"damage_taken":0.0},{"cards_removed":["Strike_G"],"damage_healed":0.0,"max_hp_gain":0.0,"max_hp_loss":0.0,"gold_gain":0.0,"event_name":"Purifier","player_choice":"Purged","floor":36.0,"gold_loss":0.0,"damage_taken":0.0},{"damage_healed":0.0,"max_hp_gain":0.0,"max_hp_loss":0.0,"gold_gain":0.0,"event_name":"SensoryStone","player_choice":"Memory 3","floor":38.0,"gold_loss":0.0,"damage_taken":10.0},{"cards_removed":["Strike_G"],"damage_healed":0.0,"max_hp_gain":0.0,"max_hp_loss":0.0,"gold_gain":0.0,"event_name":"Bonfire Elementals","player_choice":"Offered Basic","floor":47.0,"gold_loss":0.0,"damage_taken":0.0}],"is_beta":false,"boss_relics":[{"not_picked":["SacredBark","Empty Cage"],"picked":"Black Star"},{"not_picked":["Velvet Choker","Tiny House"],"picked":"Coffee Dripper"}],"items_purged_floors":[13,45],"is_endless":false,"potions_floor_spawned":[5,7,8,10,16,20,28,30,33,35,39,46,48],"killed_by":"Time Eater","ascension_level":20}}