{"host":"sl4rf9j4s63ev6os","time":1609828982,"event":{"mods":["AchievementEnabler","BaseMod","Colored Map","Colored Powertips","DeckTracker","Minty Spire (QoL Compilation)","Relic Sorter"],"gold_per_floor":[113,129,129,147,97,97,124,124,124,124,135,155,155,169,169,169,169],"floor_reached":16,"playtime":822,"items_purged":[],"score":92,"play_id":"9dab0296-a2b0-4181-b693-0890a3caeeca","local_time":"20210105164302","is_ascension_mode":false,"campfire_choices":[{"floor":6,"key":"RECALL"},{"data":"FlurryOfBlows","floor":8,"key":"SMITH"},{"data":"FlurryOfBlows","floor":15,"key":"SMITH"}],"circlet_count":0,"master_deck":["Strike_P+1","Strike_P","Strike_P+1","Strike_P","Defend_P","Defend_P","Defend_P","Eruption","Vigilance","Halt","EmptyBody","FlurryOfBlows+1","FlurryOfBlows+1"],"relics":["PureWater","TungstenRod","Unceasing Top"],"acts_visited":["Exordium"],"potions_floor_usage":[2,16],"damage_taken":[{"damage":9,"enemies":"Small Slimes","floor":1,"turns":3},{"damage":0,"enemies":"Jaw Worm","floor":2,"turns":3},{"damage":0,"enemies":"2 Louse","floor":4,"turns":4},{"damage":12,"enemies":"Exordium Wildlife","floor":11,"turns":4},{"damage":0,"enemies":"3 Louse","floor":12,"turns":4},{"damage":0,"enemies":"Looter","floor":14,"turns":3},{"damage":32,"enemies":"The Guardian","floor":16,"turns":8}],"seed_played":"-5841698467996566560","potions_obtained":[{"floor":1,"key":"Fire Potion"},{"floor":11,"key":"Explosive Potion"}],"is_trial":false,"path_per_floor":["M","M","?","M","?","R","T","R","T","?","M","M","?","M","R","B"],"character_chosen":"WATCHER","items_purchased":[],"campfire_rested":0,"item_purchase_floors":[],"current_hp_per_floor":[70,70,75,75,75,75,75,75,75,55,43,43,27,27,27,0,0],"gold":169,"neow_bonus":"TEN_PERCENT_HP_BONUS","is_daily":false,"chose_seed":false,"campfire_upgraded":2,"win_rate":0.0,"timestamp":1609828982,"path_taken":["M","M","?","M","?","R","?","R","T","?","M","?","?","M","R","BOSS"],"items_purchased_type":[],"build_version":"2020-12-22","purchased_purges":0,"victory":false,"max_hp_per_floor":[79,79,84,84,84,84,84,84,84,84,84,84,84,84,84,84,84],"card_choices":[{"not_picked":["Tantrum","Fasting2"],"picked":"Halt","floor":1},{"not_picked":["FlyingSleeves","Nirvana"],"picked":"EmptyBody","floor":2},{"not_picked":["BowlingBash","Pray"],"picked":"FlurryOfBlows","floor":4},{"not_picked":["Adaptation","Wallop"],"picked":"FlurryOfBlows","floor":11},{"not_picked":["EmptyBody","Crescendo","ThirdEye"],"picked":"SKIP","floor":12},{"not_picked":["ThirdEye","SashWhip","FlyingSleeves"],"picked":"SKIP","floor":14}],"player_experience":165243,"relics_obtained":[{"floor":9,"key":"TungstenRod"}],"event_choices":[{"damage_healed":0,"gold_gain":0,"player_choice":"Donut","damage_taken":0,"max_hp_gain":5,"max_hp_loss":0,"event_name":"Big Fish","floor":3,"gold_loss":0},{"cards_removed":["Defend_P"],"damage_healed":0,"gold_gain":0,"player_choice":"Card Removal","damage_taken":0,"max_hp_gain":0,"max_hp_loss":0,"event_name":"The Cleric","floor":5,"gold_loss":50},{"damage_healed":0,"gold_gain":0,"player_choice":"Success","damage_taken":25,"relics_obtained":["Unceasing Top"],"max_hp_gain":0,"max_hp_loss":0,"event_name":"Scrap Ooze","floor":10,"gold_loss":0},{"damage_healed":0,"gold_gain":0,"player_choice":"Entered Light","damage_taken":17,"max_hp_gain":0,"max_hp_loss":0,"event_name":"Shining Light","floor":13,"gold_loss":0,"cards_upgraded":["Strike_P","Strike_P"]}],"is_beta":false,"boss_relics":[],"items_purged_floors":[],"is_endless":false,"potions_floor_spawned":[1,11],"killed_by":"The Guardian","ascension_level":0}}