{"host":"2lrkmsuh7nz013qb","time":1609845162,"event":{"mods":["BaseMod","Colored Map","DeckTracker","Minty Spire (QoL Compilation)","SuperFastMode","everything is the same but u backflip on backflip"],"gold_per_floor":[113,113,124,49,49,79,79,4,4,23,23,23,56,11,11,85,85,96,16,16,30,30,60,60,60,60,106,123,123,142,152,152,224,224,239,239,249,149,169,169,44,44,44,44,57,72,72,72,72,72,72],"floor_reached":50,"playtime":1612,"items_purged":["Defend_G","Decay","Strike_G"],"score":982,"play_id":"c8dd043d-3b7d-4325-8f27-e95bcfdd2cfb","local_time":"20210105201242","is_ascension_mode":true,"campfire_choices":[{"data":"Blade Dance","floor":7.0,"key":"SMITH"},{"data":"Neutralize","floor":12.0,"key":"SMITH"},{"data":"Caltrops","floor":15.0,"key":"SMITH"},{"data":"Accuracy","floor":24.0,"key":"SMITH"},{"floor":29.0,"key":"REST"},{"floor":32.0,"key":"REST"},{"floor":40.0,"key":"REST"},{"data":"Blur","floor":42.0,"key":"SMITH"},{"data":"Prepared","floor":44.0,"key":"SMITH"},{"data":"Concentrate","floor":49.0,"key":"SMITH"}],"circlet_count":0,"master_deck":["AscendersBane","Strike_G","Defend_G","Defend_G","Defend_G","Defend_G+1","Survivor+1","Neutralize+1","Blade Dance+1","Caltrops+1","Malaise","Prepared+1","Accuracy+1","Acrobatics","Blur+1","Concentrate+1","Madness","Madness"],"relics":["Ring of the Snake","NeowsBlessing","Happy Flower","PreservedInsect","Gambling Chip","Black Star","Ancient Tea Set","Shuriken","Regal Pillow","Runic Pyramid","Pocketwatch"],"acts_visited":["Exordium","TheCity","TheBeyond"],"potions_floor_usage":[],"damage_taken":[{"damage":0.0,"enemies":"Small Slimes","floor":1.0,"turns":1.0},{"damage":0.0,"enemies":"2 Louse","floor":3.0,"turns":1.0},{"damage":0.0,"enemies":"Lagavulin","floor":6.0,"turns":1.0},{"damage":0.0,"enemies":"Jaw Worm","floor":10.0,"turns":3.0},{"damage":15.0,"enemies":"3 Sentries","floor":13.0,"turns":8.0},{"damage":2.0,"enemies":"Hexaghost","floor":16.0,"turns":9.0},{"damage":31.0,"enemies":"Spheric Guardian","floor":18.0,"turns":8.0},{"damage":0.0,"enemies":"Shell Parasite","floor":21.0,"turns":7.0},{"damage":13.0,"enemies":"Slavers","floor":23.0,"turns":5.0},{"damage":0.0,"enemies":"3 Cultists","floor":28.0,"turns":4.0},{"damage":0.0,"enemies":"Chosen and Byrds","floor":30.0,"turns":2.0},{"damage":9.0,"enemies":"Snake Plant","floor":31.0,"turns":5.0},{"damage":32.0,"enemies":"Automaton","floor":33.0,"turns":9.0},{"damage":12.0,"enemies":"Orb Walker","floor":35.0,"turns":3.0},{"damage":17.0,"enemies":"3 Darklings","floor":37.0,"turns":4.0},{"damage":27.0,"enemies":"Spire Growth","floor":39.0,"turns":6.0},{"damage":0.0,"enemies":"Transient","floor":45.0,"turns":6.0},{"damage":0.0,"enemies":"4 Shapes","floor":46.0,"turns":13.0},{"damage":12,"enemies":"Time Eater","floor":50,"turns":6}],"seed_played":"-7676977555212273128","potions_obtained":[{"floor":13.0,"key":"Strength Potion"},{"floor":16.0,"key":"SpeedPotion"},{"floor":18.0,"key":"SteroidPotion"},{"floor":30.0,"key":"Block Potion"},{"floor":31.0,"key":"Block Potion"},{"floor":35.0,"key":"DuplicationPotion"},{"floor":39.0,"key":"ColorlessPotion"}],"is_trial":false,"path_per_floor":["M","?","M","?","?","E","R","$","T","M","?","R","E","$","R","B",null,"M","$","?","M","$","E","R","?","T","T","M","R","M","M","R","B",null,"M","?","M","$","M","R","$","R","T","R","M","M","?","$","R","B"],"character_chosen":"THE_SILENT","items_purchased":["Caltrops","Accuracy"],"campfire_rested":3,"item_purchase_floors":[14,19],"current_hp_per_floor":[59,64,64,64,57,57,57,57,57,57,36,36,21,21,21,19,58,27,27,27,27,27,14,14,14,14,14,14,50,50,41,71,39,63,51,51,34,34,7,43,43,43,43,43,43,43,30,30,30,18,18],"gold":72,"neow_bonus":"THREE_ENEMY_KILL","is_daily":false,"chose_seed":false,"campfire_upgraded":7,"win_rate":0.0,"timestamp":1609845162,"path_taken":["M","?","M","?","?","E","R","?","T","M","?","R","E","$","R","BOSS","M","$","?","M","$","E","R","?","T","?","M","R","M","M","R","BOSS","M","?","M","$","M","R","$","R","T","R","M","?","?","?","R","BOSS"],"items_purchased_type":["Card","Card"],"build_version":"2020-12-22","purchased_purges":3,"victory":false,"max_hp_per_floor":[66,71,71,71,71,71,71,71,71,71,71,71,71,71,71,71,71,71,71,71,71,71,71,71,71,71,71,71,71,71,71,71,71,71,71,71,71,71,71,71,71,71,71,71,71,71,71,71,71,71,71],"card_choices":[{"not_picked":["Backflip","Cloak And Dagger"],"picked":"Blade Dance","floor":1.0},{"not_picked":["Dagger Throw","Bane","Backstab"],"picked":"SKIP","floor":3.0},{"not_picked":["Slice","A Thousand Cuts","Outmaneuver"],"picked":"SKIP","floor":6.0},{"not_picked":["Sucker Punch","Expertise","Dagger Spray"],"picked":"SKIP","floor":10.0},{"not_picked":["Blade Dance","Setup","Endless Agony"],"picked":"SKIP","floor":13.0},{"not_picked":["Glass Knife","Night Terror"],"picked":"Malaise","floor":16.0},{"not_picked":["Dagger Spray","Prepared","Slice"],"picked":"SKIP","floor":18.0},{"not_picked":["Dagger Spray","Slice"],"picked":"Prepared","floor":18.0},{"not_picked":["Leg Sweep","Blade Dance","Dodge and Roll"],"picked":"SKIP","floor":21.0},{"not_picked":["Leg Sweep","Blade Dance","Dodge and Roll"],"picked":"SKIP","floor":21.0},{"not_picked":["PiercingWail","Dagger Throw","Catalyst"],"picked":"SKIP","floor":23.0},{"not_picked":["Poisoned Stab","Bane"],"picked":"Acrobatics","floor":28.0},{"not_picked":["Prepared","Flying Knee","Poisoned Stab+1"],"picked":"SKIP","floor":30.0},{"not_picked":["Quick Slash+1","Endless Agony","Flying Knee"],"picked":"SKIP","floor":31.0},{"not_picked":["Leg Sweep","Flechettes","Prepared"],"picked":"SKIP","floor":35.0},{"not_picked":["PiercingWail+1","Outmaneuver"],"picked":"Blur","floor":37.0},{"not_picked":["Flechettes","Deflect","Cloak And Dagger"],"picked":"SKIP","floor":39.0},{"not_picked":["Outmaneuver","Quick Slash+1","PiercingWail+1"],"picked":"SKIP","floor":45.0},{"not_picked":["Deadly Poison","Envenom"],"picked":"Concentrate","floor":46.0}],"player_experience":728938,"relics_obtained":[{"floor":6.0,"key":"Happy Flower"},{"floor":9.0,"key":"PreservedInsect"},{"floor":13.0,"key":"Gambling Chip"},{"floor":23.0,"key":"Ancient Tea Set"},{"floor":23.0,"key":"Shuriken"},{"floor":27.0,"key":"Regal Pillow"},{"floor":43.0,"key":"Pocketwatch"}],"event_choices":[{"damage_healed":0.0,"max_hp_gain":5.0,"max_hp_loss":0.0,"gold_gain":0.0,"event_name":"Big Fish","player_choice":"Donut","floor":2.0,"gold_loss":0.0,"damage_taken":0.0},{"cards_removed":["Strike_G"],"damage_healed":0.0,"max_hp_gain":0.0,"max_hp_loss":0.0,"gold_gain":0.0,"event_name":"The Cleric","player_choice":"Card Removal","floor":4.0,"gold_loss":75.0,"damage_taken":0.0},{"cards_removed":["Strike_G"],"damage_healed":0.0,"max_hp_gain":0.0,"max_hp_loss":0.0,"gold_gain":0.0,"event_name":"Golden Wing","player_choice":"Card Removal","floor":5.0,"gold_loss":0.0,"damage_taken":7.0},{"damage_healed":0.0,"max_hp_gain":0.0,"max_hp_loss":0.0,"gold_gain":0.0,"event_name":"Shining Light","player_choice":"Entered Light","floor":11.0,"gold_loss":0.0,"damage_taken":21.0,"cards_upgraded":["Defend_G","Survivor"]},{"cards_removed":["Strike_G"],"damage_healed":0.0,"max_hp_gain":0.0,"max_hp_loss":0.0,"gold_gain":0.0,"event_name":"Back to Basics","player_choice":"Elegance","floor":20.0,"gold_loss":0.0,"damage_taken":0.0},{"damage_healed":0.0,"max_hp_gain":0.0,"max_hp_loss":0.0,"gold_gain":0.0,"event_name":"Cursed Tome","player_choice":"Ignored","floor":25.0,"gold_loss":0.0,"damage_taken":0.0},{"damage_healed":0.0,"max_hp_gain":0.0,"max_hp_loss":0.0,"gold_gain":0.0,"event_name":"Wheel of Change","player_choice":"Cursed","floor":36.0,"gold_loss":0.0,"damage_taken":0.0,"cards_obtained":["Decay"]},{"damage_healed":0.0,"max_hp_gain":0.0,"max_hp_loss":0.0,"gold_gain":0.0,"event_name":"Winding Halls","player_choice":"Embrace Madness","floor":47.0,"gold_loss":0.0,"damage_taken":13.0,"cards_obtained":["Madness","Madness"]}],"is_beta":false,"boss_relics":[{"not_picked":["Snecko Eye","Ectoplasm"],"picked":"Black Star"},{"not_picked":["Fusion Hammer","Velvet Choker"],"picked":"Runic Pyramid"}],"items_purged_floors":[8,38,41],"is_endless":false,"potions_floor_spawned":[13,16,18,30,31,35,39],"killed_by":"Time Eater","ascension_level":20}}