{"host":"nnqdcpockwq7zc6f","time":1609829683,"event":{"mods":["BaseMod","Better Note","Downfall","Hubris","Minty Spire (QoL Compilation)","Replay The Spire","StSLib"],"gold_per_floor":[114,114,114,129,143,143,172,172,195,211,231,231,201,212,212,317,317,332,343,82,82,92,92,108,139,164,177,157,157,157,157,157,257,257,269,269,280,280,280,280,311,311,311,343,43,60,87,106,106,106],"floor_reached":51,"playtime":6014,"items_purged":["Strike_P"],"score":980,"play_id":"4f115cbf-8f34-4ad1-9d1b-1874dff7b001","local_time":"20210104235442","is_ascension_mode":false,"campfire_choices":[{"data":"Perseverance","floor":6,"key":"SMITH"},{"data":"Vigilance","floor":8,"key":"SMITH"},{"floor":15,"key":"REST"},{"data":"Mayhem","floor":23,"key":"SMITH"},{"data":"Blasphemy","floor":32,"key":"SMITH"},{"floor":40,"key":"REST"},{"floor":49,"key":"REST"}],"circlet_count":0,"master_deck":["Strike_P","Defend_P","Defend_P+1","Eruption+1","Vigilance+1","Perseverance+1","Pray+1","Replay:Anticipation","EmptyFist+1","Prostrate+1","Judgement","Study+1","WindmillStrike+1","Mayhem+1","Establishment+1","Meditate+1","CarveReality","Blasphemy+1","Brilliance","Replay:AtTheReady+1","hubris:NaturalOne","Adaptation+1","BattleHymn","ClearTheMind+1","FollowUp+1","Replay:DivineShield+1"],"relics":["PureWater","Pet Ghost","Gremlin Food","Replay:Drink Me","Nloth\u0027s Gift","Ancient Tea Set","ReplayTheSpireMod:Lightbulb","Sozu","hubris:Icosahedron","Ring of Fury","ReplayTheSpireMod:Ring of Challenge","Dream Catcher","hubris:MysteriousPyramids","Peace Pipe","Centennial Puzzle","Strawberry","Replay:WaspNest"],"acts_visited":["Exordium","TheCity","TheBeyond"],"potions_floor_usage":[7,16,20,22,24,25,33,33,33,37],"damage_taken":[{"damage":0,"enemies":"Jaw Worm","floor":1,"turns":1},{"damage":0,"enemies":"2 Louse","floor":4,"turns":1},{"damage":0,"enemies":"Small Slimes","floor":5,"turns":1},{"damage":16,"enemies":"Gremlin Nob","floor":7,"turns":4},{"damage":0,"enemies":"Exordium Thugs","floor":10,"turns":4},{"damage":11,"enemies":"3 Louse","floor":11,"turns":6},{"damage":5,"enemies":"Looter","floor":13,"turns":4},{"damage":0,"enemies":"Gremlin Gang","floor":14,"turns":4},{"damage":67,"enemies":"Fading Forest","floor":16,"turns":11},{"damage":0,"enemies":"Spheric Guardian","floor":18,"turns":2},{"damage":0,"enemies":"Chosen","floor":19,"turns":4},{"damage":0,"enemies":"Centurion and Healer","floor":22,"turns":5},{"damage":14,"enemies":"Snake Plant","floor":24,"turns":3},{"damage":0,"enemies":"Slavers","floor":25,"turns":4},{"damage":0,"enemies":"Cultist and Chosen","floor":27,"turns":4},{"damage":4,"enemies":"Collector","floor":33,"turns":5},{"damage":13,"enemies":"Orb Walker","floor":35,"turns":3},{"damage":34,"enemies":"3 Darklings","floor":37,"turns":4},{"damage":0,"enemies":"R_Hoarder","floor":41,"turns":5},{"damage":0,"enemies":"Giant Head","floor":44,"turns":6},{"damage":0,"enemies":"Spire Growth","floor":46,"turns":3},{"damage":26,"enemies":"Reptomancer","floor":47,"turns":3},{"damage":3,"enemies":"Sphere and 2 Shapes","floor":48,"turns":4},{"damage":0,"enemies":"Donu and Deca","floor":50,"turns":7}],"seed_played":"-1249132000872527350","potions_obtained":[{"floor":1,"key":"Block Potion"},{"floor":7,"key":"BottledMiracle"},{"floor":10,"key":"Toxic Potion"},{"floor":14,"key":"AttackPotion"},{"floor":19,"key":"SteroidPotion"},{"floor":22,"key":"EntropicBrew"},{"floor":28,"key":"Cursed Concoction"},{"floor":33,"key":"PowerPotion"}],"is_trial":false,"path_per_floor":["M","?","?","M","M","R","E","R","T","M","M","?","M","M","R","B",null,"M","M","$","?","M","R","M","E","T","M","?","?","?","?","R","B",null,"M","?","M","?","?","R","E","T","T","E","$","M","E","M","R","B",null],"character_chosen":"WATCHER","items_purchased":["Mayhem","Fruit Juice","Strawberry","BattleHymn"],"campfire_rested":3,"item_purchase_floors":[20,20,45,45],"current_hp_per_floor":[72,72,77,77,77,77,61,61,61,61,50,50,45,45,68,9,58,58,58,63,63,63,63,49,49,49,49,49,49,49,49,49,45,63,50,50,16,16,16,34,34,34,34,34,41,41,15,12,33,33],"gold":106,"neow_bonus":"THREE_ENEMY_KILL","is_daily":false,"chose_seed":false,"campfire_upgraded":4,"win_rate":0.0,"timestamp":1609829682,"path_taken":["M","?","?","M","M","R","E","R","T","M","M","?","?","M","R","BOSS","M","M","$","?","M","R","?","E","T","M","?","?","?","?","R","BOSS","M","?","M","?","?","R","E","?","T","E","$","M","E","?","R","BOSS"],"items_purchased_type":["Card","Potion","Relic","Card"],"build_version":"2020-12-22","purchased_purges":1,"victory":true,"max_hp_per_floor":[72,72,77,77,77,77,77,77,77,77,77,77,77,77,77,77,58,58,58,63,63,63,63,63,63,63,63,63,63,63,63,63,63,63,63,63,63,63,63,63,63,63,63,63,70,70,70,70,70,70],"card_choices":[{"not_picked":["CarveReality","Consecrate"],"picked":"InnerPeace","floor":1},{"not_picked":["Prostrate","Protect"],"picked":"Perseverance","floor":4},{"not_picked":["Replay:AtTheReady","Crescendo"],"picked":"Pray","floor":5},{"not_picked":["Replay:ManipulateFuture","JustLucky"],"picked":"Replay:Anticipation","floor":7},{"not_picked":["Weave","Consecrate"],"picked":"EmptyFist","floor":10},{"not_picked":["Evaluate","Blasphemy"],"picked":"Prostrate","floor":11},{"not_picked":["Consecrate","InnerPeace","BowlingBash"],"picked":"SKIP","floor":13},{"not_picked":["Vengeance","CarveReality","CutThroughFate"],"picked":"SKIP","floor":14},{"not_picked":["Blasphemy","Omniscience"],"picked":"Judgement","floor":16},{"not_picked":["FollowUp","ClearTheMind"],"picked":"Study+1","floor":18},{"not_picked":["Vengeance","PathToVictory"],"picked":"WindmillStrike+1","floor":19},{"not_picked":["Meditate","JustLucky","WreathOfFlame+1"],"picked":"SKIP","floor":22},{"not_picked":["Wallop","WindmillStrike","Vengeance"],"picked":"SKIP","floor":24},{"not_picked":["Omniscience","Halt"],"picked":"Establishment","floor":25},{"not_picked":["Collect","Crescendo"],"picked":"Meditate+1","floor":27},{"not_picked":["Replay:AllIn","Judgement"],"picked":"Brilliance","floor":33},{"not_picked":["EmptyBody","EmptyMind"],"picked":"Replay:AtTheReady+1","floor":35},{"not_picked":["LikeWater+1","Replay:AtTheReady+1","ClearTheMind+1"],"picked":"SKIP","floor":37},{"not_picked":["Ragnarok","Sanctity"],"picked":"Adaptation+1","floor":41},{"not_picked":["ThirdEye","Meditate+1","ConjureBlade"],"picked":"SKIP","floor":44},{"not_picked":["Replay:AtTheReady+1","Protect+1"],"picked":"ClearTheMind+1","floor":46},{"not_picked":["Collect+1","Crescendo+1","MasterReality"],"picked":"SKIP","floor":47},{"not_picked":["DeceiveReality+1","Study+1"],"picked":"FollowUp+1","floor":48},{"not_picked":["Replay:ManipulateFuture+1","JustLucky"],"picked":"Replay:DivineShield+1","floor":49}],"player_experience":342704,"relics_obtained":[{"floor":7,"key":"Pet Ghost"},{"floor":9,"key":"Gremlin Food"},{"floor":25,"key":"Ancient Tea Set"},{"floor":26,"key":"ReplayTheSpireMod:Lightbulb"},{"floor":38,"key":"Ring of Fury"},{"floor":38,"key":"ReplayTheSpireMod:Ring of Challenge"},{"floor":41,"key":"Dream Catcher"},{"floor":42,"key":"hubris:MysteriousPyramids"},{"floor":43,"key":"Peace Pipe"},{"floor":44,"key":"Centennial Puzzle"},{"floor":47,"key":"Replay:WaspNest"}],"event_choices":[{"damage_healed":0,"gold_gain":0,"player_choice":"Donut","damage_taken":0,"max_hp_gain":5,"max_hp_loss":0,"event_name":"Big Fish","floor":3,"gold_loss":0},{"damage_healed":0,"gold_gain":0,"player_choice":"Upgraded","damage_taken":0,"max_hp_gain":0,"max_hp_loss":0,"event_name":"Upgrade Shrine","floor":12,"gold_loss":0,"cards_upgraded":["Pray"]},{"damage_healed":0,"gold_gain":0,"player_choice":"Traded Relic","damage_taken":0,"relics_obtained":["Nloth\u0027s Gift"],"max_hp_gain":0,"max_hp_loss":0,"event_name":"N\u0027loth","floor":21,"relics_lost":["NeowsBlessing"],"gold_loss":0},{"damage_healed":0,"gold_gain":0,"player_choice":"Bought 1 Potion","damage_taken":0,"max_hp_gain":0,"max_hp_loss":0,"event_name":"The Woman in Blue","floor":28,"gold_loss":0},{"damage_healed":0,"gold_gain":0,"player_choice":"Forge","damage_taken":0,"max_hp_gain":0,"max_hp_loss":0,"event_name":"Accursed Blacksmith","floor":29,"gold_loss":0,"cards_upgraded":["Establishment"]},{"damage_healed":0,"gold_gain":0,"cards_transformed":["InnerPeace","Defend_P"],"player_choice":"Became Test Subject","damage_taken":0,"max_hp_gain":0,"max_hp_loss":0,"event_name":"Drug Dealer","floor":30,"gold_loss":0,"cards_obtained":["CarveReality","Blasphemy"]},{"damage_healed":0,"gold_gain":0,"player_choice":"Ignored","damage_taken":0,"max_hp_gain":0,"max_hp_loss":0,"event_name":"Tomb of Lord Red Mask","floor":39,"gold_loss":0}],"is_beta":false,"boss_relics":[{"not_picked":["hubris:ScarierMask","Ectoplasm"],"picked":"Replay:Drink Me"},{"not_picked":["hubris:GrandSneckoEye","hubris:RunicObelisk"],"picked":"Sozu"}],"items_purged_floors":[45],"is_endless":false,"potions_floor_spawned":[1,7,10,14,19,22,33,35,37,46,48],"ascension_level":0}}