{"host":"dcj2yvrgcvh5dl2s","time":1609805305,"event":{"mods":["BaseMod","Better Note","Block Reminder","Colored Powertips","DeckTracker","Minty Spire (QoL Compilation)","Quick Restart","Rare Cards Sparkle","Relic Stats","StSLib"],"gold_per_floor":[109,126,146,221,64,64,90,100,100,120,120,134,134,146,146,146,146],"floor_reached":16,"playtime":933,"items_purged":[],"score":203,"play_id":"887f0d14-51fe-46f7-85f4-3b27092b5488","local_time":"20210105100825","is_ascension_mode":true,"campfire_choices":[{"data":"Armaments","floor":6,"key":"SMITH"},{"floor":11,"key":"REST"},{"data":"Body Slam","floor":15,"key":"SMITH"}],"circlet_count":0,"master_deck":["AscendersBane","Strike_R","Strike_R","Strike_R","Strike_R+1","Strike_R","Defend_R","Defend_R","Bash","Armaments+1","Immolate","Infernal Blade","Body Slam+1","Shrug It Off","Flex","Body Slam","Body Slam+1"],"relics":["Burning Blood","Centennial Puzzle","Bag of Marbles","Frozen Egg 2"],"acts_visited":["Exordium"],"potions_floor_usage":[7,16,16],"damage_taken":[{"damage":0,"enemies":"2 Louse","floor":1,"turns":1},{"damage":2,"enemies":"Jaw Worm","floor":2,"turns":3},{"damage":11,"enemies":"Small Slimes","floor":3,"turns":3},{"damage":22,"enemies":"Lagavulin","floor":7,"turns":7},{"damage":0,"enemies":"Gremlin Gang","floor":8,"turns":1},{"damage":5,"enemies":"Blue Slaver","floor":10,"turns":2},{"damage":0,"enemies":"Exordium Wildlife","floor":12,"turns":1},{"damage":3,"enemies":"Looter","floor":14,"turns":2},{"damage":55,"enemies":"Hexaghost","floor":16,"turns":10}],"seed_played":"-6697139908711879351","potions_obtained":[{"floor":1,"key":"Weak Potion"},{"floor":8,"key":"SpeedPotion"},{"floor":10,"key":"Block Potion"}],"is_trial":false,"path_per_floor":["M","M","M","?","$","R","E","M","T","M","R","M","?","M","R","B"],"character_chosen":"IRONCLAD","items_purchased":["Centennial Puzzle"],"campfire_rested":1,"item_purchase_floors":[5],"current_hp_per_floor":[68,68,63,52,52,52,36,42,42,43,63,68,48,51,51,0,0],"gold":146,"neow_bonus":"TRANSFORM_TWO_CARDS","is_daily":false,"chose_seed":false,"campfire_upgraded":2,"win_rate":0.0,"timestamp":1609805305,"path_taken":["M","M","M","?","$","R","E","M","T","M","R","M","?","?","R","BOSS"],"items_purchased_type":["Relic"],"build_version":"2020-12-22","purchased_purges":0,"victory":false,"max_hp_per_floor":[68,68,68,68,68,68,68,68,68,68,68,68,68,68,68,68,68],"relic_stats":{"Centennial Puzzle":[12],"counters":[9,30],"obtain_stats":[{"Centennial Puzzle":5,"Bag of Marbles":7,"Frozen Egg 2":9,"Burning Blood":0},{"Centennial Puzzle":3,"Bag of Marbles":4,"Frozen Egg 2":5,"Burning Blood":0},{"Centennial Puzzle":7,"Bag of Marbles":14,"Frozen Egg 2":15,"Burning Blood":0}],"Burning Blood":37},"card_choices":[{"not_picked":["Sword Boomerang","Thunderclap"],"picked":"Infernal Blade","floor":1},{"not_picked":["Dual Wield","Wild Strike"],"picked":"Body Slam","floor":2},{"not_picked":["Fire Breathing","Hemokinesis"],"picked":"Shrug It Off","floor":3},{"not_picked":["Power Through","Spot Weakness","Sever Soul"],"picked":"SKIP","floor":7},{"not_picked":["Uppercut","Pommel Strike"],"picked":"Flex","floor":8},{"not_picked":["Heavy Blade","Thunderclap"],"picked":"Body Slam","floor":10},{"not_picked":["Uppercut","Headbutt"],"picked":"Body Slam","floor":12},{"not_picked":["Thunderclap","Twin Strike","True Grit"],"picked":"SKIP","floor":14}],"player_experience":2185487,"relics_obtained":[{"floor":7,"key":"Bag of Marbles"},{"floor":9,"key":"Frozen Egg 2"}],"event_choices":[{"damage_healed":0,"gold_gain":75,"player_choice":"Gather Gold","damage_taken":11,"max_hp_gain":0,"max_hp_loss":0,"event_name":"World of Goop","floor":4,"gold_loss":0},{"damage_healed":0,"gold_gain":0,"player_choice":"Entered Light","damage_taken":20,"max_hp_gain":0,"max_hp_loss":0,"event_name":"Shining Light","floor":13,"gold_loss":0,"cards_upgraded":["Strike_R","Body Slam"]}],"is_beta":false,"boss_relics":[],"items_purged_floors":[],"is_endless":false,"potions_floor_spawned":[1,8,10,14],"killed_by":"Hexaghost","ascension_level":19}}