{"host":"yp47u74hk6n79vj1","time":1609831647,"event":{"mods":["BaseMod","Colored Map","Highlight Path","Minty Spire (QoL Compilation)"],"gold_per_floor":[217,292,292,292,592,618,618,618,618,618,651,670,682,341,341,341,341],"floor_reached":16,"playtime":296,"items_purged":["Bash"],"score":179,"play_id":"6b928f41-56c3-4734-b600-90132fa6e3dd","local_time":"20210105022727","is_ascension_mode":true,"campfire_choices":[{"data":"Cleave","floor":7,"key":"SMITH"},{"floor":10,"key":"RECALL"},{"data":"Body Slam","floor":15,"key":"SMITH"}],"circlet_count":0,"master_deck":["Strike_R","Strike_R","Strike_R","Strike_R","Strike_R","Defend_R","Defend_R","Defend_R","Defend_R","Cleave+1","Demon Form","Body Slam+1"],"relics":["Burning Blood","Old Coin","Regal Pillow","Blue Candle","FossilizedHelix","Smiling Mask","Strawberry","ClockworkSouvenir"],"acts_visited":["Exordium"],"potions_floor_usage":[],"damage_taken":[{"damage":7,"enemies":"Small Slimes","floor":1,"turns":4},{"damage":24,"enemies":"Gremlin Nob","floor":6,"turns":4},{"damage":20,"enemies":"Lagavulin","floor":11,"turns":5},{"damage":0,"enemies":"Jaw Worm","floor":12,"turns":3},{"damage":0,"enemies":"2 Louse","floor":13,"turns":2}],"seed_played":"-4566238402127160536","potions_obtained":[{"floor":12,"key":"Ancient Potion"},{"floor":13,"key":"SmokeBomb"}],"is_trial":false,"path_per_floor":["M","?","T","?","?","E","R","?","T","R","E","M","M","$","R","B"],"character_chosen":"IRONCLAD","items_purchased":["Strawberry","ClockworkSouvenir"],"campfire_rested":0,"item_purchase_floors":[14,14],"current_hp_per_floor":[79,68,68,68,56,38,38,38,38,38,24,30,36,43,43,0,0],"gold":341,"neow_bonus":"HUNDRED_GOLD","is_daily":false,"chose_seed":false,"campfire_upgraded":2,"win_rate":0.0,"timestamp":1609831647,"path_taken":["M","?","?","?","?","E","R","?","T","R","E","?","M","$","R","BOSS"],"items_purchased_type":["Relic","Relic"],"build_version":"2020-12-22","purchased_purges":1,"victory":false,"max_hp_per_floor":[80,80,80,80,80,80,80,80,80,80,80,80,80,87,87,87,87],"card_choices":[{"not_picked":["Havoc","Headbutt"],"picked":"Cleave","floor":1},{"not_picked":["Headbutt","Flex","Clothesline"],"picked":"SKIP","floor":6},{"not_picked":["Anger","Rampage","Sword Boomerang"],"picked":"SKIP","floor":11},{"not_picked":["Burning Pact","Sword Boomerang"],"picked":"Demon Form","floor":12},{"not_picked":["Iron Wave","Clothesline"],"picked":"Body Slam","floor":13}],"player_experience":595062,"relics_obtained":[{"floor":6,"key":"Regal Pillow"},{"floor":9,"key":"FossilizedHelix"},{"floor":11,"key":"Smiling Mask"}],"event_choices":[{"damage_healed":0,"gold_gain":75,"player_choice":"Gather Gold","damage_taken":11,"max_hp_gain":0,"max_hp_loss":0,"event_name":"World of Goop","floor":2,"gold_loss":0},{"damage_healed":0,"gold_gain":0,"player_choice":"Ignored","damage_taken":0,"max_hp_gain":0,"max_hp_loss":0,"event_name":"Liars Game","floor":4,"gold_loss":0},{"damage_healed":0,"gold_gain":0,"player_choice":"Success","damage_taken":12,"relics_obtained":["Old Coin"],"max_hp_gain":0,"max_hp_loss":0,"event_name":"Scrap Ooze","floor":5,"gold_loss":0},{"damage_healed":0,"gold_gain":0,"player_choice":"Searched \u00271\u0027 times","damage_taken":0,"relics_obtained":["Blue Candle"],"max_hp_gain":0,"max_hp_loss":0,"event_name":"Dead Adventurer","floor":8,"gold_loss":0}],"is_beta":false,"boss_relics":[],"items_purged_floors":[14],"is_endless":false,"potions_floor_spawned":[12,13],"killed_by":"The Guardian","ascension_level":3}}