{"host":"q1yq0ibtlljsjzm9","time":1609810597,"event":{"mods":["BaseMod","DeckTracker","Hermit","Minty Spire (QoL Compilation)","StSLib"],"gold_per_floor":[117,131,78,153,153,184,184,218,299,299,310,322,338,357,357,454,454,454,454,454,454,369,369,369,369,369,369,369,106,106,106,106,106,106,106,106,106,106,106,106,106],"floor_reached":40,"playtime":2940,"items_purged":[],"score":419,"play_id":"afa2daff-d4c9-4b86-a05e-9547d9de0ae2","local_time":"20210104173637","is_ascension_mode":false,"campfire_choices":[{"floor":7,"key":"RECALL"},{"floor":10,"key":"REST"},{"floor":15,"key":"REST"},{"floor":23,"key":"REST"},{"floor":25,"key":"REST"},{"floor":27,"key":"REST"},{"floor":32,"key":"REST"}],"circlet_count":0,"master_deck":["Strike_R","Strike_R","Defend_R+1","Defend_R","Defend_R+1","Defend_R","Bash","Anger","Iron Wave","Flex","Rage","Thunderclap","Perfected Strike","Entrench+1","Warcry+1","Demon Form","Limit Break+1","Heavy Blade","Infernal Blade+1","Cleave","Searing Blow","Spot Weakness+1","Juggernaut","Armaments+1","Bludgeon","Searing Blow+1","Transmutation+1","Iron Wave+1"],"relics":["Burning Blood","NeowsBlessing","War Paint","Toxic Egg 2","Matryoshka","Ectoplasm","Red Mask","Lantern","Bag of Preparation","Juzu Bracelet","Cursed Key"],"acts_visited":["Exordium","TheCity","TheBeyond"],"potions_floor_usage":[8,16,16,16,20,20],"damage_taken":[{"damage":0,"enemies":"Cultist","floor":1,"turns":1},{"damage":0,"enemies":"Small Slimes","floor":2,"turns":1},{"damage":0,"enemies":"3 Sentries","floor":6,"turns":1},{"damage":31,"enemies":"Lagavulin","floor":8,"turns":6},{"damage":5,"enemies":"Jaw Worm","floor":11,"turns":4},{"damage":9,"enemies":"2 Fungi Beasts","floor":12,"turns":3},{"damage":20,"enemies":"Exordium Thugs","floor":13,"turns":5},{"damage":0,"enemies":"Large Slime","floor":14,"turns":5},{"damage":38,"enemies":"Hexaghost","floor":16,"turns":9},{"damage":23,"enemies":"Spheric Guardian","floor":18,"turns":6},{"damage":37,"enemies":"Masked Bandits","floor":20,"turns":4},{"damage":10,"enemies":"Shell Parasite","floor":24,"turns":4},{"damage":19,"enemies":"Sentry and Sphere","floor":28,"turns":4},{"damage":27,"enemies":"Cultist and Chosen","floor":31,"turns":5},{"damage":54,"enemies":"Automaton","floor":33,"turns":9},{"damage":39,"enemies":"3 Darklings","floor":35,"turns":5},{"damage":13,"enemies":"3 Shapes","floor":39,"turns":2},{"damage":47,"enemies":"Maw","floor":40,"turns":6}],"seed_played":"-6444178515830994279","potions_obtained":[{"floor":6,"key":"Fire Potion"},{"floor":11,"key":"ColorlessPotion"},{"floor":13,"key":"Explosive Potion"},{"floor":14,"key":"LiquidMemories"},{"floor":16,"key":"PowerPotion"},{"floor":18,"key":"Weak Potion"},{"floor":35,"key":"Strength Potion"}],"is_trial":false,"path_per_floor":["M","M","$","?","?","E","R","E","T","R","M","M","M","M","R","B",null,"M","?","?","?","?","R","M","R","T","R","M","$","?","M","R","B",null,"M","?","?","?","M","M"],"character_chosen":"IRONCLAD","items_purchased":["Flex","Juzu Bracelet","Flame Barrier+1","Spot Weakness+1"],"campfire_rested":6,"item_purchase_floors":[3,29,29,29],"current_hp_per_floor":[80,80,80,69,69,75,75,50,50,74,75,72,58,64,80,48,80,63,48,17,17,17,42,38,63,63,85,72,72,72,51,76,28,85,52,52,52,52,45,0,0],"gold":106,"neow_bonus":"THREE_ENEMY_KILL","is_daily":false,"chose_seed":false,"campfire_upgraded":0,"win_rate":0.0,"timestamp":1609810597,"path_taken":["M","M","$","?","?","E","R","E","T","R","M","M","M","?","R","BOSS","M","?","?","?","?","R","M","R","T","R","M","$","?","M","R","BOSS","M","?","?","?","M","M"],"items_purchased_type":["Card","Relic","Card","Card"],"build_version":"2020-12-22","purchased_purges":0,"victory":false,"max_hp_per_floor":[80,80,80,80,80,80,80,80,80,80,80,80,80,80,80,80,80,80,85,85,85,85,85,85,85,85,85,85,85,85,85,85,85,85,85,85,85,85,85,85,85],"card_choices":[{"not_picked":["Body Slam","Twin Strike"],"picked":"Anger","floor":1},{"not_picked":["Headbutt","Pummel"],"picked":"Iron Wave","floor":2},{"not_picked":["Feed","Sword Boomerang"],"picked":"Rage","floor":6},{"not_picked":["True Grit+1","Battle Trance+1"],"picked":"Thunderclap","floor":8},{"not_picked":["True Grit+1","Anger"],"picked":"Perfected Strike","floor":11},{"not_picked":["Bloodletting+1","Flex+1"],"picked":"Entrench+1","floor":12},{"not_picked":["True Grit+1","Headbutt"],"picked":"Warcry+1","floor":13},{"not_picked":["Flex+1","Heavy Blade"],"picked":"Demon Form","floor":14},{"not_picked":["Corruption","Fiend Fire"],"picked":"Limit Break+1","floor":16},{"not_picked":["Flex+1","Iron Wave"],"picked":"Heavy Blade","floor":18},{"not_picked":["Pommel Strike","Disarm+1"],"picked":"Infernal Blade+1","floor":20},{"not_picked":["Flex+1","True Grit+1"],"picked":"Cleave","floor":24},{"not_picked":["Dual Wield+1","Seeing Red+1"],"picked":"Searing Blow","floor":28},{"not_picked":["Combust","Battle Trance+1"],"picked":"Armaments+1","floor":31},{"not_picked":["Corruption","Reaper"],"picked":"Bludgeon","floor":33},{"not_picked":["Wild Strike","Pommel Strike+1"],"picked":"Searing Blow+1","floor":35},{"not_picked":["Secret Weapon+1","Forethought+1"],"picked":"Transmutation+1","floor":38},{"not_picked":["Flex+1","Disarm+1"],"picked":"Iron Wave+1","floor":39}],"player_experience":50631,"relics_obtained":[{"floor":6,"key":"War Paint"},{"floor":8,"key":"Toxic Egg 2"},{"floor":9,"key":"Matryoshka"},{"floor":20,"key":"Red Mask"},{"floor":26,"key":"Bag of Preparation"}],"event_choices":[{"damage_healed":0,"gold_gain":75,"player_choice":"Gather Gold","damage_taken":11,"max_hp_gain":0,"max_hp_loss":0,"event_name":"World of Goop","floor":4,"gold_loss":0},{"cards_removed":["Strike_R"],"damage_healed":0,"gold_gain":0,"player_choice":"Offered Basic","damage_taken":0,"max_hp_gain":0,"max_hp_loss":0,"event_name":"Bonfire Elementals","floor":5,"gold_loss":0},{"damage_healed":0,"gold_gain":0,"player_choice":"Shed Blood","damage_taken":20,"max_hp_gain":5,"max_hp_loss":0,"event_name":"Forgotten Altar","floor":19,"gold_loss":0},{"damage_healed":0,"gold_gain":0,"player_choice":"Fought Bandits","damage_taken":0,"max_hp_gain":0,"max_hp_loss":0,"event_name":"Masked Bandits","floor":20,"gold_loss":0},{"damage_healed":0,"gold_gain":0,"player_choice":"Ignored","damage_taken":0,"max_hp_gain":0,"max_hp_loss":0,"event_name":"Ghosts","floor":21,"gold_loss":0},{"damage_healed":0,"gold_gain":0,"player_choice":"Obtained Relic","damage_taken":0,"relics_obtained":["Lantern"],"max_hp_gain":0,"max_hp_loss":0,"event_name":"Addict","floor":22,"gold_loss":85},{"damage_healed":0,"gold_gain":0,"cards_transformed":["Strike_R"],"player_choice":"Transformed","damage_taken":0,"max_hp_gain":0,"max_hp_loss":0,"event_name":"Transmorgrifier","floor":30,"gold_loss":0,"cards_obtained":["Juggernaut"]},{"cards_removed":["Strike_R"],"damage_healed":0,"gold_gain":0,"player_choice":"Purged","damage_taken":0,"max_hp_gain":0,"max_hp_loss":0,"event_name":"Purifier","floor":36,"gold_loss":0},{"cards_removed":["Flame Barrier"],"damage_healed":0,"gold_gain":0,"player_choice":"Removed Skill","damage_taken":0,"max_hp_gain":0,"max_hp_loss":0,"event_name":"Falling","floor":37,"gold_loss":0},{"damage_healed":0,"gold_gain":0,"player_choice":"Memory 1","damage_taken":0,"max_hp_gain":0,"max_hp_loss":0,"event_name":"SensoryStone","floor":38,"gold_loss":0}],"is_beta":false,"boss_relics":[{"not_picked":["Tiny House","Philosopher\u0027s Stone"],"picked":"Ectoplasm"},{"not_picked":["SacredBark","Black Star"],"picked":"Cursed Key"}],"items_purged_floors":[],"is_endless":false,"potions_floor_spawned":[6,11,13,14,16,18,35],"killed_by":"Maw","ascension_level":0}}