{"host":"56ghxnzsglgdq727","time":1609823105,"event":{"mods":["AchievementEnabler","BaseMod","Downfall","Minty Spire (QoL Compilation)","StSLib"],"gold_per_floor":[0,100,92,122,147,174,174,220,145,174,349,389,389,70,104,104,104,104],"floor_reached":16,"playtime":615,"items_purged":["Doubt"],"score":98,"play_id":"5c4aad97-bed0-4853-9950-2f1fb519c205","local_time":"20210105000505","is_ascension_mode":false,"campfire_choices":[{"data":"hexamod:Float","floor":1,"key":"SMITH"},{"floor":9,"key":"REST"},{"floor":13,"key":"REST"}],"circlet_count":0,"master_deck":["hexamod:Strike","hexamod:Strike","hexamod:Strike","hexamod:Strike","hexamod:Defend","hexamod:Defend","hexamod:Defend","hexamod:Defend","hexamod:Sear","hexamod:Float+1","hexamod:SecondSeal","hexamod:SecondSeal","hexamod:FastForward","hexamod:CrushingStance","hexamod:FastForward","hexamod:FirstSeal"],"relics":["hexamod:SpiritBrand","Ice Cream","Dream Catcher","Odd Mushroom","downfall:HeartBlessingBlue","PreservedInsect","Matryoshka"],"acts_visited":["Exordium"],"potions_floor_usage":[12],"damage_taken":[{"damage":4,"enemies":"2 Louse","floor":5,"turns":3},{"damage":4,"enemies":"Small Slimes","floor":6,"turns":3},{"damage":49,"enemies":"The Mushroom Lair","floor":8,"turns":6},{"damage":5,"enemies":"Jaw Worm","floor":10,"turns":3},{"damage":13,"enemies":"3 Sentries","floor":12,"turns":8},{"damage":0,"enemies":"downfall:FleeingMerchant","floor":14,"turns":4},{"damage":0,"enemies":"3 Louse","floor":15,"turns":4},{"damage":55,"enemies":"downfall:Defect","floor":16,"turns":5}],"seed_played":"3502048931140663049","potions_obtained":[{"floor":10,"key":"AttackPotion"}],"is_trial":false,"path_per_floor":["R","?","?","?","M","M","T","?","R","M","?","E","R","$","M","B"],"character_chosen":"THE_SPIRIT","items_purchased":["Matryoshka"],"campfire_rested":2,"item_purchase_floors":[14],"current_hp_per_floor":[70,70,70,70,66,62,62,13,47,42,42,29,53,53,53,0,0,0],"gold":104,"neow_bonus":"ONE_RARE_RELIC","is_daily":false,"chose_seed":false,"campfire_upgraded":1,"win_rate":0.0,"timestamp":1609823105,"path_taken":["R","?","?","?","?","M","T","?","R","M","?","E","R","$","M","BOSS"],"items_purchased_type":["Relic"],"build_version":"2020-12-22","purchased_purges":1,"victory":false,"max_hp_per_floor":[70,70,70,70,70,70,70,70,80,80,80,80,80,80,80,80,80,80],"card_choices":[{"not_picked":["hexamod:HauntingEcho","hexamod:GhostLash"],"picked":"hexamod:SecondSeal","floor":5},{"not_picked":["hexamod:AdvancingGuard","hexamod:SpectersWail"],"picked":"hexamod:FastForward","floor":6},{"not_picked":["hexamod:ShieldOfDarkness","hexamod:HauntingEcho"],"picked":"hexamod:CrushingStance","floor":9},{"not_picked":["hexamod:SwordOfDarkness","hexamod:ThermalTransfer"],"picked":"hexamod:FastForward","floor":10},{"not_picked":["hexamod:AdvancingGuard","hexamod:InspiringFlames","hexamod:SwordOfDarkness"],"picked":"SKIP","floor":12},{"not_picked":["hexamod:RadiantFlame","hexamod:NecessarySacrifice","hexamod:HauntingEcho"],"picked":"SKIP","floor":14},{"not_picked":["hexamod:EtherealExpedition","hexamod:InspiringFlames"],"picked":"hexamod:FirstSeal","floor":15}],"player_experience":149819,"relics_obtained":[{"floor":8,"key":"Odd Mushroom"},{"floor":12,"key":"PreservedInsect"}],"event_choices":[{"damage_healed":0,"gold_gain":0,"player_choice":"Fought Mushrooms","damage_taken":0,"max_hp_gain":0,"max_hp_loss":0,"event_name":"Mushrooms","floor":8,"gold_loss":0}],"is_beta":false,"boss_relics":[],"items_purged_floors":[14],"is_endless":false,"potions_floor_spawned":[10],"killed_by":"downfall:Defect","ascension_level":0}}