{"host":"4q8tqz186r0pap1a","time":1609860318,"event":{"mods":["ATMod(阿瑾Mod)","Act Like it!","Arknights The Spire","BaseMod","Bestiary","Block Reminder","Colored Powertips","Curses Come First","Dota2Spire","Downfall","Filter the Spire","Gensokyo","GungeonMod","Hallownest","Highlight Path","Hunter 猎人","KinomotoSakuraMod(木之本樱)","Lobotomy","LobotomyExtend","Luminous","Minty Spire (QoL Compilation)","Nova Terra(诺娃・泰拉)","Pale of the Ancients","Quarter Circle Forward PUNCH!","Red Circlet Mod","Relic Stats","Replay The Spire","SIMod","Shop Mod","Spicy Shops","StSLib","The Construct","The Cursed","The Hierophant","The Marked","TheWitcher","WarShipGirlsR/战舰少女R mod","Yakumo Yukari mod","[地精首领爬塔]The Maniac","【功能Mod】混沌之环修复补丁","【功能Mod】聪明的最终Boss","【遗物卡牌】REMEMod","残留之物"],"gold_per_floor":[110,99025,97926,97926,97226,97226,97226,97271,97294,97294,97294,97246,97246,97276,97276,97378,97378,97414,97414,97491,97054,97070,97070,97099,97130,97210,97244,97368,97398,97398,97398],"floor_reached":30,"playtime":9780,"items_purged":["ClowCardTheSword","SpellCardRelease"],"score":576,"play_id":"40fdde9f-a091-462f-a49f-aaf3ff345114","local_time":"20210105232518","daily_mods":["Time Dilation","Flight","DeadlyEvents","Elite Swarm","Terminal"],"is_ascension_mode":true,"campfire_choices":[{"data":"ClowCardTheSword","floor":6.0,"key":"SMITH"},{"data":"ClowCardTheSword","floor":7.0,"key":"SMITH"},{"data":"SpellCardSeal","floor":10.0,"key":"SMITH"},{"data":"ClowCardTheShield","floor":11.0,"key":"SMITH"},{"data":"ClowCardTheShield","floor":13.0,"key":"SMITH"},{"data":"ClowCardTheSword","floor":15.0,"key":"SMITH"},{"floor":23.0,"key":"REST"}],"circlet_count":10,"master_deck":["SakuraCardTheVoice+","ClowCardTheShield","SakuraCardTheShield+","ClowCardTheSword+1","ClowCardTheSword+1","ClowCardTheSword+1","ClowCardTheShield+1","ClowCardTheShield+1","ClowCardTheShield+1","SpellCardSeal+1","ClowCardTheShadow+1","ClowCardTheErase+1","ClowCardTheTime+1","ClowCardTheArrow+1","ClowCardTheArrow+1","Madness+1","ClowCardTheArrow+1","ClowCardTheTime+1","ClowCardTheLight+1","ClowCardTheDash+1","ClowCardTheBubbles+1","ClowCardTheSleep+1","ClowCardTheLittle+1","ClowCardTheFloat+1","ClowCardTheEarthy+1","Mayhem+1","ClowCardTheStorm+1","ClowCardTheFight+1","ClowCardTheThunder+1","ClowCardTheThrough+1","ClowCardTheThrough+1","ClowCardTheCreate","ClowCardTheCreate"],"relics":["KSMOD_SealedBook","KSMOD_SealedWand","Circlet","Toxic Egg 2","Molten Egg 2","Frozen Egg 2","Chemical X","KSMOD_YukitosBentoBox","Frozen Eye","Letter Opener","KSMOD_GemBrooch","Replay:Towering Pillar of Hats","ReplayTheSpireMod:TigerMarble","Thread and Needle","War Paint","KSMOD_Yue","Fusion Hammer","Red Mask","Mirror","Potion Belt","Ornamental Fan","FossilizedHelix","Happy Flower","Tiny Chest"],"acts_visited":[],"potions_floor_usage":[],"damage_taken":[{"damage":0.0,"enemies":"Jaw Worm","floor":1.0,"turns":3.0},{"damage":0.0,"enemies":"Lagavulin","floor":8.0,"turns":3.0},{"damage":0.0,"enemies":"3 Sentries","floor":14.0,"turns":3.0},{"damage":0.0,"enemies":"HollowMod:FalseKnight","floor":16.0,"turns":6.0},{"damage":0.0,"enemies":"Shell Parasite","floor":18.0,"turns":3.0},{"damage":0.0,"enemies":"Masked Bandits","floor":20.0,"turns":1.0},{"damage":0.0,"enemies":"Spheric Guardian","floor":22.0,"turns":1.0},{"damage":5.0,"enemies":"Slavers","floor":24.0,"turns":3.0},{"damage":0.0,"enemies":"Gremlin Leader","floor":25.0,"turns":1.0},{"damage":0.0,"enemies":"HollowMod:Nosk","floor":27.0,"turns":5.0},{"damage":0.0,"enemies":"Gremlin Leader","floor":28.0,"turns":4.0},{"damage":0.0,"enemies":"Slavers","floor":29.0,"turns":2.0}],"seed_played":"7153154512862786560","potions_obtained":[{"floor":14.0,"key":"LiquidBronze"},{"floor":16.0,"key":"Venom Potion"},{"floor":24.0,"key":"SteroidPotion"},{"floor":25.0,"key":"Energy Potion"},{"floor":29.0,"key":"Weak Potion"}],"is_trial":true,"path_per_floor":["M","$","$","T","$","R","R","E","T","R","R","?","R","E","R","B",null,"M","$","?","$","M","R","E","E","T","E","E","E","$"],"character_chosen":"KINOMOTOSAKURA","items_purchased":["YumHeart","PunchingBag","Chemical X","ClowCardTheErase+1","ClowCardTheTime+1","GuppysPaw","KSMOD_YukitosBentoBox","Frozen Eye","ClowCardTheArrow+1","Searching+1","Explosive Potion","GamblersBrew","KSMOD_GemBrooch","Replay:Towering Pillar of Hats","ReplayTheSpireMod:TigerMarble","ClowCardTheArrow+1","BelialBook","ClowCardTheBubbles+1","ClowCardTheSleep+1","ClowCardTheLittle+1","Mirror","Potion Belt","DollysMirror","Mayhem+1","ClowCardTheStorm+1"],"campfire_rested":1,"item_purchase_floors":[2,2,2,2,2,3,3,3,3,3,3,3,5,5,5,5,17,17,17,17,21,21,21,21,21],"current_hp_per_floor":[88,97,106,115,124,133,142,151,160,169,178,187,196,205,214,223,209,218,227,236,245,254,263,268,278,288,298,308,317,317,317],"gold":97398,"neow_bonus":"","is_daily":false,"chose_seed":false,"campfire_upgraded":6,"win_rate":0.0,"timestamp":1609860318,"path_taken":["M","$","$","?","$","R","R","E","T","R","R","?","R","E","R","BOSS","M","$","?","$","?","R","E","E","T","E","?","E","$"],"items_purchased_type":["Undefined","Undefined","Relic","Card","Card","Undefined","Relic","Relic","Card","Undefined","Potion","Potion","Relic","Relic","Relic","Card","Undefined","Card","Card","Card","Relic","Relic","Relic","Card","Card"],"build_version":"2020-12-22","purchased_purges":2,"victory":false,"max_hp_per_floor":[88,97,106,115,124,133,142,151,160,169,178,187,196,205,214,223,209,218,227,236,245,254,263,272,281,290,299,308,317,317,317],"relic_stats":{"Happy Flower":[0],"counters":[0,0],"Ornamental Fan":[0],"Tiny Chest":0,"Chemical X":[0],"Letter Opener":[0],"War Paint":[],"obtain_stats":[{"KSMOD_GemBrooch":0,"Potion Belt":0,"KSMOD_Yue":0,"Replay:Towering Pillar of Hats":0,"Happy Flower":0,"KSMOD_SealedBook":0,"Circlet":0,"Thread and Needle":0,"KSMOD_YukitosBentoBox":0,"Letter Opener":0,"Frozen Egg 2":0,"War Paint":0,"Frozen Eye":0,"Ornamental Fan":0,"Molten Egg 2":0,"Tiny Chest":0,"KSMOD_SealedWand":0,"Fusion Hammer":0,"ReplayTheSpireMod:TigerMarble":0,"Red Mask":0,"Chemical X":0,"Toxic Egg 2":0,"Mirror":0,"FossilizedHelix":0},{"KSMOD_GemBrooch":0,"Potion Belt":0,"KSMOD_Yue":0,"Replay:Towering Pillar of Hats":0,"Happy Flower":0,"KSMOD_SealedBook":0,"Circlet":0,"Thread and Needle":0,"KSMOD_YukitosBentoBox":0,"Letter Opener":0,"Frozen Egg 2":0,"War Paint":0,"Frozen Eye":0,"Ornamental Fan":0,"Molten Egg 2":0,"Tiny Chest":0,"KSMOD_SealedWand":0,"Fusion Hammer":0,"ReplayTheSpireMod:TigerMarble":0,"Red Mask":0,"Chemical X":0,"Toxic Egg 2":0,"Mirror":0,"FossilizedHelix":0},{"KSMOD_GemBrooch":0,"Potion Belt":0,"KSMOD_Yue":0,"Replay:Towering Pillar of Hats":0,"Happy Flower":0,"KSMOD_SealedBook":0,"Circlet":0,"Thread and Needle":0,"KSMOD_YukitosBentoBox":0,"Letter Opener":0,"Frozen Egg 2":0,"War Paint":0,"Frozen Eye":0,"Ornamental Fan":0,"Molten Egg 2":0,"Tiny Chest":0,"KSMOD_SealedWand":0,"Fusion Hammer":0,"ReplayTheSpireMod:TigerMarble":0,"Red Mask":0,"Chemical X":0,"Toxic Egg 2":0,"Mirror":0,"FossilizedHelix":0}]},"card_choices":[{"not_picked":["ClowCardTheLock+1","ClowCardTheFloat+1"],"picked":"ClowCardTheShadow+1","floor":1.0},{"not_picked":["ClowCardTheReturn+1","ClowCardTheCreate"],"picked":"ClowCardTheTime+1","floor":8.0},{"not_picked":["ClowCardTheThrough+1","ClowCardTheTwin+1"],"picked":"ClowCardTheLight+1","floor":14.0},{"not_picked":["ClowCardTheThrough+1","ClowCardTheThunder+1"],"picked":"ClowCardTheDash+1","floor":16.0},{"not_picked":["ClowCardTheShot+1","ClowCardTheBubbles+1"],"picked":"ClowCardTheFloat+1","floor":18.0},{"not_picked":["ClowCardTheSilent+1","ClowCardTheWood+1"],"picked":"ClowCardTheEarthy+1","floor":20.0},{"not_picked":["ClowCardTheMirror+1","ClowCardTheCloud+1"],"picked":"ClowCardTheVoice+1","floor":22.0},{"not_picked":["ClowCardTheThunder+1","ClowCardTheFight+1"],"picked":"ClowCardTheCreate","floor":24.0},{"not_picked":["ClowCardTheReturn+1","ClowCardTheDark+1"],"picked":"ClowCardTheFight+1","floor":24.0},{"not_picked":["ClowCardTheReturn+1","ClowCardTheThrough+1"],"picked":"ClowCardTheThunder+1","floor":25.0},{"not_picked":["ClowCardTheFight+1","ClowCardTheThunder+1"],"picked":"ClowCardTheCreate","floor":25.0},{"not_picked":["ClowCardTheTime+1","ClowCardTheThunder+1"],"picked":"ClowCardTheThrough+1","floor":27.0},{"not_picked":["ClowCardTheThunder+1","ClowCardTheTime+1"],"picked":"ClowCardTheThrough+1","floor":27.0},{"not_picked":["ClowCardTheTime+1","ClowCardTheReturn+1","ClowCardTheThrough+1"],"picked":"SKIP","floor":28.0},{"not_picked":["ClowCardTheThunder+1","ClowCardTheDark+1"],"picked":"ClowCardTheCreate","floor":29.0},{"not_picked":["ClowCardTheReturn+1","ClowCardTheThunder+1"],"picked":"ClowCardTheCreate","floor":29.0}],"player_experience":98756,"relics_obtained":[{"floor":4.0,"key":"Letter Opener"},{"floor":8.0,"key":"SteamSale"},{"floor":8.0,"key":"Thread and Needle"},{"floor":9.0,"key":"War Paint"},{"floor":14.0,"key":"KSMOD_Yue"},{"floor":20.0,"key":"Red Mask"},{"floor":22.0,"key":"Ornamental Fan"},{"floor":24.0,"key":"FossilizedHelix"},{"floor":25.0,"key":"Happy Flower"},{"floor":26.0,"key":"Tiny Chest"},{"floor":27.0,"key":"AnarchistCookbook"},{"floor":27.0,"key":"SharpPlug"},{"floor":27.0,"key":"EdensBlessing"},{"floor":28.0,"key":"Leech"},{"floor":29.0,"key":"Runesmith:Nanobots"}],"event_choices":[{"damage_healed":0.0,"max_hp_gain":0.0,"max_hp_loss":0.0,"gold_gain":0.0,"event_name":"World of Goop","player_choice":"Left Gold","floor":12.0,"gold_loss":48.0,"damage_taken":0.0},{"damage_healed":0.0,"max_hp_gain":0.0,"max_hp_loss":0.0,"gold_gain":0.0,"event_name":"Masked Bandits","player_choice":"Fought Bandits","floor":20.0,"gold_loss":0.0,"damage_taken":0.0}],"is_beta":false,"boss_relics":[{"not_picked":["Cursed Key","Astrolabe"],"picked":"Fusion Hammer"},{"not_picked":[]}],"items_purged_floors":[17,21],"is_endless":true,"potions_floor_spawned":[14,16,24,25,29],"ascension_level":0}}