{"host":"202rh853cfmsp27s","time":1609826369,"event":{"mods":["2.2 Compatiblity","AchievementEnabler","BaseMod","Bestiary","Better Altar","Better Match","Better Note","Better Sensory Stone","Better Skull","Better Third Choice","Better Vampires","BetterRewards","Colored Map","Colored Powertips","Curses Come First","DeckTracker","Displayed Cursed Tome","Downfall","Evolution","GifTheSpireLib","Gold Saver","Googly Eyes","Gremlin Mod","Hermit","Highlight Path","Infinite Spire","Minty Spire (QoL Compilation)","Permanent Neow","Random Character Button","Rare Cards Sparkle","Relic Stats","Replay The Spire","Robot Space Explorer","Shade Mod","Spicy Shops","StSLib","The Animator","The Bug Knight","The Caster","The Wild Card","Transform Curses","Unceasing Turn Reminder","??????REMEMod"],"gold_per_floor":[3160,3182,3206,3199,3199,3238,3238,3258,3299,3149,3255,3281,3298,3337,3364,3470,3470,3395,3414,3430,3458,3481,3481,3481,3481,3481,3508,3535,3535,3545,3545,3551,3551,3551],"floor_reached":32,"playtime":2389,"items_purged":[],"score":284,"play_id":"f596c7d1-3195-4e08-9302-b4ab25f7a79b","local_time":"20210104225929","is_ascension_mode":false,"campfire_choices":[{"floor":1.0,"key":"RECALL"},{"data":"hexamod:ExtraCrispy","floor":10,"key":"SMITH"},{"floor":18,"key":"DIG"},{"floor":29,"key":"REST"}],"circlet_count":0,"master_deck":["hexamod:Strike","hexamod:Strike","hexamod:Defend","hexamod:Defend","hexamod:Defend","hexamod:Defend","hexamod:Sear","hexamod:Float","Mayhem","hexamod:BurningTouch","hexamod:BurningTouch","hexamod:ExtraCrispy+1","hexamod:HeatMetal","hexamod:DynamicBlow","hexamod:ThermalTransfer","ReplayTheSpireMod:Splinters","hexamod:Firestarter","hexamod:ChargedBarrage","hexamod:RainOfEmbers","hexamod:SwordOfDarkness","hexamod:TimeOfNeed","hexamod:CrushingStance","hexamod:ThirdSeal","hexamod:BurningTouch","hexamod:AdvancingGuard","hexamod:ThermalTransfer","hexamod:ChargedBarrage","Pot Of Greed","Pot Of Greed","Pot Of Greed","hexamod:RadiantFlame"],"relics":["hexamod:SpiritBrand","EVO:Axolotl","REME_ComplimentaryCards","Replay:Bandana","infinitespire:CursedDice","The Courier","downfall:HeartBlessingRed","downfall:HeartBlessingBlue","Question Card","REME_DuelDisc","downfall:HeartBlessingGreen","CaptainsWheel","Grinning Jar","Tiny Chest"],"acts_visited":["Exordium","TheCity"],"potions_floor_usage":[9,9,16,16,30,30],"damage_taken":[{"damage":0.0,"enemies":"Small Slimes","floor":2.0,"turns":5.0},{"damage":1.0,"enemies":"Jaw Worm","floor":3.0,"turns":4.0},{"damage":0.0,"enemies":"downfall:FleeingMerchant","floor":4.0,"turns":4.0},{"damage":16,"enemies":"Replay:BlueRogue","floor":6,"turns":5},{"damage":0,"enemies":"2 Louse","floor":8,"turns":2},{"damage":13,"enemies":"HollowMod:MossKnight","floor":9,"turns":4},{"damage":2,"enemies":"Blue Slaver","floor":12,"turns":3},{"damage":13,"enemies":"Red Slaver","floor":13,"turns":3},{"damage":8,"enemies":"Gremlin Nob","floor":14,"turns":3},{"damage":27,"enemies":"Exordium Thugs","floor":15,"turns":4},{"damage":16,"enemies":"downfall:Defect","floor":16,"turns":5},{"damage":4,"enemies":"Chosen","floor":19,"turns":3},{"damage":7,"enemies":"Snecko","floor":20,"turns":6},{"damage":9,"enemies":"Snake Plant","floor":21,"turns":3},{"damage":44,"enemies":"3 Cultists","floor":22,"turns":7},{"damage":9,"enemies":"Shelled Parasite and Fungi","floor":27,"turns":5},{"damage":1,"enemies":"Snake Plant","floor":28,"turns":5},{"damage":15,"enemies":"Gremlin Leader","floor":30,"turns":5},{"damage":18,"enemies":"3 Cultists","floor":32,"turns":4}],"seed_played":"-3641973378113321325","potions_obtained":[{"floor":2.0,"key":"Regen Potion"},{"floor":8,"key":"Weak Potion"},{"floor":12,"key":"SteroidPotion"},{"floor":14,"key":"infinitespire:BlackPotion"},{"floor":16,"key":"Venom Potion"},{"floor":22,"key":"Toxic Potion"},{"floor":28,"key":"SmokeBomb"}],"is_trial":false,"path_per_floor":["R","M","M","$","?","E","T","M","E","R","?","M","M","E","M","B",null,"R_BF","M","M","M","M","PTL","PTL","?","T","M","M","R","E","T","M"],"character_chosen":"THE_SPIRIT","items_purchased":[],"campfire_rested":1,"item_purchase_floors":[],"current_hp_per_floor":[70,70,69,69,69,53,53,53,52,62,62,60,47,39,12,29,80,80,76,69,60,16,16,16,16,16,7,6,30,15,15,0,0,0],"gold":3551,"neow_bonus":"RANDOM_COMMON_RELIC","is_daily":false,"chose_seed":false,"campfire_upgraded":1,"win_rate":0.0,"timestamp":1609826369,"path_taken":["R","M","M","$","?","E","T","M","E","R","?","M","M","E","M","BOSS","R_BF","M","M","M","M","PTL","PTL","?","T","M","?","R","E","?","M"],"items_purchased_type":[],"build_version":"2020-12-22","purchased_purges":0,"victory":false,"max_hp_per_floor":[70,70,70,70,70,70,70,70,70,80,80,80,80,80,80,80,80,80,80,80,80,80,80,80,80,80,80,80,80,80,80,80,80,80],"relic_stats":{"counters":[19,80],"Tiny Chest":0,"Question Card":12,"obtain_stats":[{"downfall:HeartBlessingRed":10,"infinitespire:CursedDice":6,"downfall:HeartBlessingGreen":18,"The Courier":9,"REME_DuelDisc":17,"EVO:Axolotl":0,"Question Card":14,"Replay:Bandana":0,"CaptainsWheel":18,"downfall:HeartBlessingBlue":10,"Tiny Chest":31,"Grinning Jar":26,"hexamod:SpiritBrand":0,"REME_ComplimentaryCards":0},{"downfall:HeartBlessingRed":6,"infinitespire:CursedDice":4,"downfall:HeartBlessingGreen":11,"The Courier":6,"REME_DuelDisc":11,"EVO:Axolotl":0,"Question Card":9,"Replay:Bandana":0,"CaptainsWheel":11,"downfall:HeartBlessingBlue":6,"Tiny Chest":18,"Grinning Jar":15,"hexamod:SpiritBrand":0,"REME_ComplimentaryCards":0},{"downfall:HeartBlessingRed":24,"infinitespire:CursedDice":18,"downfall:HeartBlessingGreen":42,"The Courier":24,"REME_DuelDisc":42,"EVO:Axolotl":0,"Question Card":33,"Replay:Bandana":0,"CaptainsWheel":42,"downfall:HeartBlessingBlue":24,"Tiny Chest":76,"Grinning Jar":61,"hexamod:SpiritBrand":0,"REME_ComplimentaryCards":0}]},"card_choices":[{"not_picked":["hexamod:NecessarySacrifice","hexamod:SkipABeat"],"picked":"hexamod:BurningTouch","floor":2.0},{"not_picked":["hexamod:GhostOfSpirePast","hexamod:InspiringFlames"],"picked":"hexamod:BurningTouch","floor":3.0},{"not_picked":["hexamod:PhantomCloak","hexamod:TimeOfNeed"],"picked":"hexamod:ExtraCrispy","floor":4},{"not_picked":["hexamod:Hexaguard","hexamod:ShieldOfDarkness"],"picked":"hexamod:HeatMetal","floor":6},{"not_picked":["hexamod:NightmareStrike","hexamod:HauntingEcho"],"picked":"hexamod:DynamicBlow","floor":8},{"not_picked":["hexamod:RetreatToShadows","hexamod:UnleashSpirits"],"picked":"hexamod:ThermalTransfer","floor":9},{"not_picked":["hexamod:NightmareGuise","hexamod:SpectralAdrenaline"],"picked":"hexamod:Firestarter","floor":11},{"not_picked":["hexamod:NightmareStrike","hexamod:SpectralAdrenaline"],"picked":"hexamod:ChargedBarrage","floor":11},{"not_picked":["hexamod:GhostShield","hexamod:NightmareGuise"],"picked":"hexamod:RainOfEmbers","floor":11},{"not_picked":["hexamod:Rewind","hexamod:SecondSeal"],"picked":"hexamod:SwordOfDarkness","floor":12},{"not_picked":["hexamod:SpectersWail","hexamod:GhostShield","hexamod:UnleashSpirits"],"picked":"SKIP","floor":13},{"not_picked":["hexamod:GhostShield","hexamod:SkipABeat"],"picked":"hexamod:TimeOfNeed","floor":14},{"not_picked":["hexamod:GhostOfSpirePresent","hexamod:SpectersWail","hexamod:GhostLash","hexamod:InspiringFlames"],"picked":"SKIP","floor":15},{"not_picked":["hexamod:TimeWarp","hexamod:UnleashSpirits","hexamod:ParanormalForm"],"picked":"hexamod:CrushingStance","floor":16},{"not_picked":["hexamod:GhostOfSpireFuture","hexamod:RecurringNightmare+1","hexamod:SkipABeat"],"picked":"hexamod:ThirdSeal","floor":19},{"not_picked":["hexamod:GhostLash","hexamod:SpectersWail","hexamod:GhostOfSpireFuture"],"picked":"hexamod:BurningTouch","floor":20},{"not_picked":["hexamod:GhostOfSpireFuture","hexamod:GhostShield","hexamod:ThirdSeal"],"picked":"hexamod:AdvancingGuard","floor":21},{"not_picked":["hexamod:NightmareStrike+1","hexamod:FastForward","hexamod:NightmareGuise"],"picked":"hexamod:ThermalTransfer","floor":22},{"not_picked":["hexamod:GhostLash","hexamod:ThirdSeal","hexamod:SpectersWail+1","hexamod:SwordOfDarkness"],"picked":"SKIP","floor":27},{"not_picked":["hexamod:InspiringFlames","hexamod:ThermalTransfer+1","hexamod:BurningTouch"],"picked":"hexamod:RadiantFlame","floor":28}],"player_experience":196641,"relics_obtained":[{"floor":6,"key":"infinitespire:CursedDice"},{"floor":9,"key":"The Courier"},{"floor":14,"key":"Question Card"},{"floor":18,"key":"CaptainsWheel"},{"floor":26,"key":"Grinning Jar"},{"floor":31,"key":"Tiny Chest"}],"event_choices":[{"damage_healed":0,"gold_gain":0,"cards_transformed":["hexamod:Strike"],"player_choice":"Transformed","damage_taken":0,"max_hp_gain":0,"max_hp_loss":0,"event_name":"Transmorgrifier","floor":25,"gold_loss":0,"cards_obtained":["hexamod:ChargedBarrage"]}],"is_beta":false,"boss_relics":[{"not_picked":["Abe\u0027s Treasure","Calling Bell"],"picked":"REME_DuelDisc"}],"items_purged_floors":[],"is_endless":false,"potions_floor_spawned":[2,8,12,14,16,22,28,30],"killed_by":"3 Cultists","ascension_level":0}}