{"host":"a5lz0e76zb3fcwkm","time":1609831968,"event":{"mods":["AchievementEnabler","BaseMod","Colored Map","Colored Powertips","Minty Spire (QoL Compilation)","StSLib","SuperFastMode"],"gold_per_floor":[118,17,17,17,17,43,43,77,100,119,150,150,167,184,184,184,184],"floor_reached":16,"playtime":294,"items_purged":["Strike_R"],"score":336,"play_id":"88ee57ab-1d45-4b4c-9e14-d28e5608bfff","local_time":"20210105163248","is_ascension_mode":true,"campfire_choices":[{"data":"Sword Boomerang","floor":7,"key":"SMITH"},{"data":"Bash","floor":15,"key":"SMITH"}],"circlet_count":0,"master_deck":["AscendersBane","Strike_R","Strike_R","Defend_R","Defend_R","Defend_R","Defend_R","Bash+1","Sword Boomerang+1","Flex+1","Anger","Dropkick","Second Wind","Battle Trance","Twin Strike"],"relics":["Burning Blood","NeowsBlessing","Orichalcum","Red Skull","Meat on the Bone"],"acts_visited":["Exordium"],"potions_floor_usage":[11,11],"damage_taken":[{"damage":0.0,"enemies":"Cultist","floor":1.0,"turns":1.0},{"damage":0,"enemies":"3 Sentries","floor":6,"turns":1},{"damage":0,"enemies":"Lagavulin","floor":8,"turns":1},{"damage":2,"enemies":"2 Louse","floor":10,"turns":3},{"damage":14,"enemies":"3 Sentries","floor":11,"turns":7},{"damage":2,"enemies":"Jaw Worm","floor":13,"turns":3},{"damage":7,"enemies":"Looter","floor":14,"turns":3},{"damage":75,"enemies":"Slime Boss","floor":16,"turns":9}],"seed_played":"4952694509606988957","potions_obtained":[{"floor":8,"key":"DistilledChaos"},{"floor":10,"key":"DuplicationPotion"},{"floor":13,"key":"GamblersBrew"}],"is_trial":false,"path_per_floor":["M","$","?","?","?","E","R","E","T","M","E","?","M","M","R","B"],"character_chosen":"IRONCLAD","items_purchased":["Flex"],"campfire_rested":0,"item_purchase_floors":[2],"current_hp_per_floor":[74,74,67,67,67,73,73,75,75,75,67,67,71,70,70,0,0],"gold":184,"neow_bonus":"THREE_ENEMY_KILL","is_daily":false,"chose_seed":false,"campfire_upgraded":2,"win_rate":0.0,"timestamp":1609831968,"path_taken":["M","$","?","?","?","E","R","E","T","?","E","?","?","M","R","BOSS"],"items_purchased_type":["Card"],"build_version":"2020-12-22","purchased_purges":1,"victory":false,"max_hp_per_floor":[75,75,75,75,75,75,75,75,75,75,75,75,75,75,75,75,75],"card_choices":[{"not_picked":["Ghostly Armor","Headbutt"],"picked":"Sword Boomerang","floor":1.0},{"not_picked":["Warcry","Clothesline"],"picked":"Anger","floor":6},{"not_picked":["Iron Wave","Armaments","Heavy Blade"],"picked":"SKIP","floor":8},{"not_picked":["Clash","Thunderclap"],"picked":"Dropkick","floor":10},{"not_picked":["Cleave","Rage"],"picked":"Second Wind","floor":11},{"not_picked":["Iron Wave","Rampage"],"picked":"Battle Trance","floor":13},{"not_picked":["Combust","Seeing Red"],"picked":"Twin Strike","floor":14}],"player_experience":1670431,"relics_obtained":[{"floor":6,"key":"Orichalcum"},{"floor":8,"key":"Red Skull"},{"floor":11,"key":"Meat on the Bone"}],"event_choices":[{"cards_removed":["Strike_R"],"damage_healed":0.0,"max_hp_gain":0.0,"max_hp_loss":0.0,"gold_gain":0.0,"event_name":"Golden Wing","player_choice":"Card Removal","floor":3.0,"gold_loss":0.0,"damage_taken":7.0},{"cards_removed":["Strike_R"],"damage_healed":0,"gold_gain":0,"player_choice":"Forget","damage_taken":0,"max_hp_gain":0,"max_hp_loss":0,"event_name":"Living Wall","floor":4,"gold_loss":0},{"damage_healed":0,"gold_gain":0,"player_choice":"Ignored","damage_taken":0,"max_hp_gain":0,"max_hp_loss":0,"event_name":"Liars Game","floor":5,"gold_loss":0},{"damage_healed":0,"gold_gain":0,"player_choice":"Upgraded","damage_taken":0,"max_hp_gain":0,"max_hp_loss":0,"event_name":"Upgrade Shrine","floor":12,"gold_loss":0,"cards_upgraded":["Flex"]}],"is_beta":false,"boss_relics":[],"items_purged_floors":[2],"is_endless":false,"potions_floor_spawned":[8,10,13],"killed_by":"Slime Boss","ascension_level":20}}