{"host":"0t11pkp2julks910","time":1609879346,"event":{"mods":["Astrologer","Bard","BaseMod","BetterRewards","Colored Map","Curses Come First","Downfall","Friendly Minions","GungeonMod","Hermit","Hubris","Infinite Spire","Minty Spire (QoL Compilation)","Replay The Spire","Robot Space Explorer","Shop Mod","Somnambulant","StSLib","The Blackbeard","The Bug Knight","The Construct","The Cursed","The Disciple","The Forsaken","The Hierophant","The Jungle","The Marked","The Mystic","The Necromancer","The Poker Player","The Problem Sleuth","The Runesmith","[IsaacMod]????"],"gold_per_floor":[119,47,47,47,47,59,2,2,27,27,56,106,122,134,134,230,230,240,240,255,255,255,287,287,287,335,335,354,354,354,354],"floor_reached":30,"playtime":1025,"items_purged":[],"score":269,"play_id":"d64f6d6a-f3c7-4e26-b868-55211ee8c699","local_time":"20210105124226","is_ascension_mode":false,"campfire_choices":[{"data":"RobotSpaceExplorer:DoubleFind","floor":8,"key":"SMITH"},{"data":"RobotSpaceExplorer:RigExplosive","floor":10,"key":"SMITH"},{"data":"RobotSpaceExplorer:LuckyStrike","floor":15,"key":"SMITH"},{"data":"RobotSpaceExplorer:Fix","floor":25,"key":"SMITH"},{"floor":27,"key":"RECALL"}],"circlet_count":0,"master_deck":["RobotSpaceExplorer:Scan","RobotSpaceExplorer:MiniLasers","RobotSpaceExplorer:DoubleFind+1","RobotSpaceExplorer:RigExplosive+1","RobotSpaceExplorer:MakeshiftVolley+1","RobotSpaceExplorer:ScrapToss","Bomb","RobotSpaceExplorer:LuckyStrike+1","RobotSpaceExplorer:ScrapMissile","RobotSpaceExplorer:DroneSwarm","RobotSpaceExplorer:Explosion","RobotSpaceExplorer:FreezeRay","RobotSpaceExplorer:ToxicBomb","RobotSpaceExplorer:ScrapShield","RobotSpaceExplorer:ShovelStrike","RobotSpaceExplorer:Fix+1","RobotSpaceExplorer:SelfCleaning","RobotSpaceExplorer:ShockKick","RobotSpaceExplorer:MetalStrike+1","RobotSpaceExplorer:StarLightning","RobotSpaceExplorer:ScrapMissile+1","RobotSpaceExplorer:Jetpack"],"relics":["RobotSpaceExplorer:RoboCore","HushsDoor","GuppysPaw","NeowsBlessing","Happy Flower","Turnip","Mirror","DemoMod:PoisonVial","Pandora\u0027s Box","Nunchaku","MutagenicStrength","DemoMod:GlassGuonStoneRelic","theForsaken:PaleLantern"],"acts_visited":["Exordium","TheCity"],"potions_floor_usage":[12,14,16,16,16,20,23,23,23,30],"damage_taken":[{"damage":0,"enemies":"2 Louse","floor":1,"turns":1},{"damage":0,"enemies":"Jaw Worm","floor":6,"turns":1},{"damage":0,"enemies":"3 Sentries","floor":11,"turns":1},{"damage":18,"enemies":"Hiden Room Battle","floor":12,"turns":3},{"damage":0,"enemies":"Cultist","floor":13,"turns":3},{"damage":0,"enemies":"3 Louse","floor":14,"turns":2},{"damage":16,"enemies":"Slime Boss","floor":16,"turns":8},{"damage":20,"enemies":"Shell Parasite","floor":18,"turns":4},{"damage":0,"enemies":"Chosen","floor":20,"turns":3},{"damage":34,"enemies":"Slavers","floor":23,"turns":3},{"damage":24,"enemies":"Snake Plant","floor":28,"turns":3},{"damage":12,"enemies":"Gremlin Leader","floor":30,"turns":2}],"seed_played":"-1660922274579765863","potions_obtained":[{"floor":11,"key":"sneckomod:MuddlingPotion"},{"floor":12,"key":"Elixir"},{"floor":14,"key":"AttackPotion"},{"floor":18,"key":"Adrenaline Potion"}],"is_trial":false,"path_per_floor":["M","$","?","?","$","M","$","R","T","R","E","?","M","M","R","B",null,"M","?","M","?","?","E","?","R","T","R","M","AVR","E"],"character_chosen":"RobotSpaceExplorer","items_purchased":["RobotSpaceExplorer:DoubleFind","RobotSpaceExplorer:MakeshiftVolley+1"],"campfire_rested":0,"item_purchase_floors":[2,7],"current_hp_per_floor":[75,75,75,60,60,60,60,60,60,60,60,42,42,42,42,26,75,55,55,59,59,59,29,29,29,29,29,11,11,0,0],"gold":354,"neow_bonus":"THREE_ENEMY_KILL","is_daily":false,"chose_seed":false,"campfire_upgraded":4,"win_rate":0.0,"timestamp":1609879346,"path_taken":["M","$","?","?","$","M","?","R","T","R","E","?","M","M","R","BOSS","M","?","M","?","?","E","?","R","T","R","M","AVR","E"],"items_purchased_type":["Card","Card"],"build_version":"2020-12-22","purchased_purges":0,"victory":false,"max_hp_per_floor":[75,75,75,75,75,75,75,75,75,75,75,75,75,75,75,75,75,75,75,75,75,75,75,75,75,75,75,75,75,75,75],"card_choices":[{"not_picked":[],"picked":"Bomb","floor":0},{"not_picked":["RobotSpaceExplorer:SwiftStep","RobotSpaceExplorer:SurgingStrike","RobotSpaceExplorer:Counterblock"],"picked":"SKIP","floor":1},{"not_picked":["RobotSpaceExplorer:DoubleFind","RobotSpaceExplorer:Smokescreen"],"picked":"RobotSpaceExplorer:RigExplosive","floor":6},{"not_picked":["RobotSpaceExplorer:Blitz","RobotSpaceExplorer:ScrapShield"],"picked":"RobotSpaceExplorer:ScrapToss","floor":11},{"not_picked":["RobotSpaceExplorer:PlasmaMissile","RobotSpaceExplorer:TurboDodge"],"picked":"Bomb","floor":12},{"not_picked":["RobotSpaceExplorer:Reload","RobotSpaceExplorer:Blitz"],"picked":"RobotSpaceExplorer:LuckyStrike","floor":13},{"not_picked":["RobotSpaceExplorer:LaserBurst","RobotSpaceExplorer:SurgingStrike"],"picked":"RobotSpaceExplorer:ScrapMissile","floor":14},{"not_picked":["RobotSpaceExplorer:TrailblazerForm","RobotSpaceExplorer:BlastShield"],"picked":"RobotSpaceExplorer:DroneSwarm","floor":16},{"not_picked":["RobotSpaceExplorer:MiniDrones","RobotSpaceExplorer:Counterblock"],"picked":"RobotSpaceExplorer:MetalStrike+1","floor":18},{"not_picked":["RobotSpaceExplorer:ShovelStrike","RobotSpaceExplorer:FreezeRay+1"],"picked":"RobotSpaceExplorer:StarLightning","floor":20},{"not_picked":["RobotSpaceExplorer:FrostMissile","RobotSpaceExplorer:PowerGlove"],"picked":"RobotSpaceExplorer:ScrapMissile+1","floor":23},{"not_picked":["RobotSpaceExplorer:Probe","RobotSpaceExplorer:SlimeMissile"],"picked":"RobotSpaceExplorer:Jetpack","floor":28}],"player_experience":306962,"relics_obtained":[{"floor":9,"key":"Happy Flower"},{"floor":11,"key":"Turnip"},{"floor":12,"key":"Mirror"},{"floor":12,"key":"DemoMod:PoisonVial"},{"floor":23,"key":"Nunchaku"}],"event_choices":[{"damage_healed":0,"gold_gain":0,"player_choice":"Entered Light","damage_taken":15,"max_hp_gain":0,"max_hp_loss":0,"event_name":"Shining Light","floor":4,"gold_loss":0,"cards_upgraded":["RobotSpaceExplorer:Strike","RobotSpaceExplorer:Defend"]},{"damage_healed":0,"gold_gain":0,"player_choice":"Fight","damage_taken":0,"max_hp_gain":0,"max_hp_loss":0,"event_name":"HidenRoomEvent","floor":12,"gold_loss":0},{"damage_healed":0,"gold_gain":0,"player_choice":"Ignored","damage_taken":0,"max_hp_gain":0,"max_hp_loss":0,"event_name":"Beggar","floor":22,"gold_loss":0},{"damage_healed":0,"gold_gain":0,"player_choice":"Inject Mutagens","damage_taken":0,"relics_obtained":["MutagenicStrength"],"max_hp_gain":0,"max_hp_loss":0,"event_name":"Drug Dealer","floor":24,"gold_loss":0}],"is_beta":false,"boss_relics":[{"not_picked":["Honey Jar","infinitespire:Cupcake"],"picked":"Pandora\u0027s Box"},{"not_picked":[]}],"items_purged_floors":[],"is_endless":false,"potions_floor_spawned":[11,12,14,18],"killed_by":"Gremlin Leader","ascension_level":0}}