{"host":"os9owiyb0rak6c8n","time":1609873018,"event":{"mods":["AchievementEnabler","Astrologer","BaseMod","Beaked The Cultist","Better Third Choice","Block Reminder","Colored Map","Colored Powertips","Dio Mod","Minty Spire (QoL Compilation)","Robot Space Explorer","Spicy Shops","StSLib","The Death Knight","The Necromancer"],"gold_per_floor":[114,114,114,129,140,140,169,169,169,169,169,244,12,30,30,134,134,144,144,159,159,175,175,175],"floor_reached":23,"playtime":767,"items_purged":["DeathKnight:Strike_DeathKnight"],"score":236,"play_id":"7642b9aa-97fb-4a0e-9950-c31b1b38fd5c","local_time":"20210105195658","is_ascension_mode":true,"campfire_choices":[{"data":"DeathKnight:MindFreeze","floor":6,"key":"SMITH"},{"data":"DeathKnight:UnholyPresence","floor":8,"key":"SMITH"},{"floor":10,"key":"REST"},{"data":"DeathKnight:RuneShock","floor":15,"key":"SMITH"}],"circlet_count":0,"master_deck":["DeathKnight:Strike_DeathKnight","DeathKnight:Strike_DeathKnight","DeathKnight:Strike_DeathKnight","DeathKnight:Strike_DeathKnight","DeathKnight:Defend_DeathKnight","DeathKnight:Defend_DeathKnight","DeathKnight:Defend_DeathKnight","DeathKnight:Defend_DeathKnight","DeathKnight:RuneTap+1","DeathKnight:RuneStrike","DeathKnight:MindFreeze+1","DeathKnight:BloodStrike","DeathKnight:UnholyPresence+1","DeathKnight:UnholyFrenzy+1","DeathKnight:DeathsAdvance+1","DeathKnight:RuneShock+1","DeathKnight:Defile","DeathKnight:Pestilence+1","DeathKnight:Pestilence+1"],"relics":["DeathKnight:BrokenRuneblade","NeowsBlessing","DeathKnight:TomeOfUnholySpecialization","Bag of Marbles","DeathKnight:ScourgeInsignia","Nloth\u0027s Gift"],"acts_visited":["Exordium","TheCity"],"potions_floor_usage":[18,23],"damage_taken":[{"damage":0,"enemies":"Jaw Worm","floor":1,"turns":1},{"damage":0,"enemies":"2 Louse","floor":4,"turns":1},{"damage":0,"enemies":"Cultist","floor":5,"turns":1},{"damage":31,"enemies":"3 Sentries","floor":7,"turns":10},{"damage":9,"enemies":"Blue Slaver","floor":14,"turns":3},{"damage":18,"enemies":"Slime Boss","floor":16,"turns":8},{"damage":16,"enemies":"Chosen","floor":18,"turns":5},{"damage":19,"enemies":"3 Byrds","floor":20,"turns":6},{"damage":42,"enemies":"Shelled Parasite and Fungi","floor":22,"turns":5},{"damage":11,"enemies":"Gremlin Leader","floor":23,"turns":1}],"seed_played":"-4150888734308925986","potions_obtained":[{"floor":4,"key":"Dexterity Potion"},{"floor":5,"key":"GamblersBrew"},{"floor":20,"key":"Swift Potion"}],"is_trial":false,"path_per_floor":["M","?","?","M","M","R","E","R","T","R","?","?","$","M","R","B",null,"M","?","M","?","M","E"],"character_chosen":"DEATH_KNIGHT","items_purchased":["DeathKnight:DeathsAdvance+1","DeathKnight:RuneShock"],"campfire_rested":1,"item_purchase_floors":[13,13],"current_hp_per_floor":[75,63,63,63,63,63,32,32,32,54,54,43,43,34,34,16,60,44,44,25,50,8,0,0],"gold":175,"neow_bonus":"THREE_ENEMY_KILL","is_daily":false,"chose_seed":false,"campfire_upgraded":3,"win_rate":0.0,"timestamp":1609873018,"path_taken":["M","?","?","M","?","R","E","R","T","R","?","?","$","M","R","BOSS","M","?","?","?","M","E"],"items_purchased_type":["Card","Card"],"build_version":"2020-12-22","purchased_purges":1,"victory":false,"max_hp_per_floor":[75,75,75,75,75,75,75,75,75,75,75,75,75,75,75,75,75,75,75,75,75,75,75,75],"card_choices":[{"not_picked":["DeathKnight:DeathCoil","DeathKnight:PillarOfFrost"],"picked":"DeathKnight:MindFreeze","floor":1},{"not_picked":["DeathKnight:FrosPresence","DeathKnight:WraithWalk+1"],"picked":"DeathKnight:BloodStrike","floor":4},{"not_picked":["DeathKnight:RaiseAlly","DeathKnight:ChainsOfIce"],"picked":"DeathKnight:UnholyPresence","floor":5},{"not_picked":["DeathKnight:UnholyPresence","DeathKnight:BoneStorm"],"picked":"DeathKnight:UnholyFrenzy+1","floor":7},{"not_picked":["DeathKnight:RunicCorruption","DeathKnight:HowlingBlast","DeathKnight:Parry"],"picked":"SKIP","floor":14},{"not_picked":["DeathKnight:RunicDetonation","DeathKnight:SindragosasBreath"],"picked":"DeathKnight:Defile","floor":16},{"not_picked":["DeathKnight:HowlingBlast+1","DeathKnight:Rot+1","DeathKnight:Hemostasis"],"picked":"SKIP","floor":18},{"not_picked":["DeathKnight:ThirstingStrike","DeathKnight:UnholyPresence+1"],"picked":"DeathKnight:Pestilence+1","floor":20},{"not_picked":["DeathKnight:BoneSpear","DeathKnight:UnholyPresence"],"picked":"DeathKnight:Pestilence+1","floor":22}],"player_experience":590257,"relics_obtained":[{"floor":7,"key":"Bag of Marbles"},{"floor":9,"key":"StrikeDummy"}],"event_choices":[{"damage_healed":0,"gold_gain":0,"player_choice":"Relic ","damage_taken":12,"max_hp_gain":0,"max_hp_loss":0,"event_name":"betterThird:BetterScrap","floor":2,"gold_loss":0,"cards_obtained":["Vengeance"]},{"cards_removed":["DeathKnight:Defend_DeathKnight"],"damage_healed":0,"gold_gain":0,"player_choice":"Card Removal","damage_taken":0,"max_hp_gain":0,"max_hp_loss":0,"event_name":"Wheel of Change","floor":3,"gold_loss":0},{"damage_healed":0,"gold_gain":0,"player_choice":"Grow","damage_taken":0,"max_hp_gain":0,"max_hp_loss":0,"event_name":"Living Wall","floor":11,"gold_loss":0,"cards_upgraded":["DeathKnight:RuneTap"]},{"damage_healed":0,"gold_gain":75,"player_choice":"Gold","damage_taken":11,"max_hp_gain":0,"max_hp_loss":0,"event_name":"betterThird:BetterGoop","floor":12,"gold_loss":0},{"damage_healed":0,"gold_gain":0,"player_choice":"Traded Relic","damage_taken":0,"relics_obtained":["Nloth\u0027s Gift"],"max_hp_gain":0,"max_hp_loss":0,"event_name":"N\u0027loth","floor":19,"relics_lost":["StrikeDummy"],"gold_loss":0},{"damage_healed":25,"gold_gain":0,"player_choice":"Heal","damage_taken":0,"max_hp_gain":0,"max_hp_loss":0,"event_name":"The Library","floor":21,"gold_loss":0}],"is_beta":false,"boss_relics":[{"not_picked":["SacredBark","Runic Dome"],"picked":"DeathKnight:ScourgeInsignia"}],"items_purged_floors":[13],"is_endless":false,"potions_floor_spawned":[4,5,20],"killed_by":"Gremlin Leader","ascension_level":5}}