{"host":"hbwa3kjetxrogfq8","time":1609812456,"event":{"mods":["AchievementEnabler","BaseMod","Block Reminder","Colored Map","Colored Powertips","Highlight Path","Minty Spire (QoL Compilation)","Rare Cards Sparkle","Relic Stats","StSLib"],"gold_per_floor":[115,65,84,102,102,102,128,138,138,150,150,7,27,42,42,144,144,144,0,0,0,0,0,0,0,0],"floor_reached":25,"playtime":1376,"items_purged":["Strike_G"],"score":279,"play_id":"434644fc-f188-46ed-9f42-2e7a834d39fb","local_time":"20210105030736","is_ascension_mode":true,"campfire_choices":[{"data":"Neutralize","floor":6,"key":"SMITH"},{"floor":11,"key":"REST"},{"floor":15,"key":"REST"},{"floor":23,"key":"REST"}],"circlet_count":0,"master_deck":["Strike_G","Strike_G","Strike_G","Defend_G","Defend_G","Defend_G","Defend_G","Defend_G","Survivor","Neutralize+1","Slice","Poisoned Stab","Sucker Punch","Leg Sweep","Quick Slash","Poisoned Stab","Well Laid Plans","Backflip","Crippling Poison","Corpse Explosion","Caltrops","Dodge and Roll","Blade Dance","Acrobatics"],"relics":["WristBlade","CultistMask","Du-Vu Doll","Pocketwatch","Ectoplasm","Happy Flower"],"acts_visited":["Exordium","TheCity"],"potions_floor_usage":[24],"damage_taken":[{"damage":0,"enemies":"2 Louse","floor":1,"turns":3},{"damage":0,"enemies":"Small Slimes","floor":3,"turns":4},{"damage":1,"enemies":"Cultist","floor":4,"turns":3},{"damage":22,"enemies":"Gremlin Nob","floor":7,"turns":5},{"damage":6,"enemies":"Looter","floor":8,"turns":3},{"damage":22,"enemies":"Gremlin Gang","floor":10,"turns":4},{"damage":1,"enemies":"3 Louse","floor":13,"turns":3},{"damage":18,"enemies":"Lots of Slimes","floor":14,"turns":4},{"damage":16,"enemies":"Hexaghost","floor":16,"turns":9},{"damage":10,"enemies":"Spheric Guardian","floor":18,"turns":4},{"damage":8,"enemies":"3 Byrds","floor":20,"turns":4},{"damage":26,"enemies":"Snecko","floor":21,"turns":7},{"damage":12,"enemies":"3 Cultists","floor":24,"turns":3},{"damage":22,"enemies":"Slavers","floor":25,"turns":3}],"seed_played":"-5557505283167053463","potions_obtained":[{"floor":3,"key":"GhostInAJar"},{"floor":14,"key":"BlessingOfTheForge"},{"floor":16,"key":"LiquidMemories"}],"is_trial":false,"path_per_floor":["M","?","M","M","?","R","E","M","T","M","R","$","M","M","R","B",null,"M","$","M","M","$","R","M","E"],"character_chosen":"THE_SILENT","items_purchased":["Well Laid Plans","Happy Flower"],"campfire_rested":3,"item_purchase_floors":[12,19],"current_hp_per_floor":[63,63,63,62,62,62,40,34,34,12,33,33,32,14,35,19,57,47,47,39,13,13,34,22,0,0],"gold":0,"neow_bonus":"BOSS_RELIC","is_daily":false,"chose_seed":false,"campfire_upgraded":1,"win_rate":0.0,"timestamp":1609812456,"path_taken":["M","?","M","M","?","R","E","M","T","M","R","$","M","M","R","BOSS","M","$","M","?","$","R","M","E"],"items_purchased_type":["Card","Relic"],"build_version":"2020-12-22","purchased_purges":1,"victory":false,"max_hp_per_floor":[70,70,70,70,70,70,70,70,70,70,70,70,70,70,70,70,70,70,70,70,70,70,70,70,70,70],"relic_stats":{"Happy Flower":[5],"counters":[14,59],"Ectoplasm":55,"obtain_stats":[{"Du-Vu Doll":7,"WristBlade":0,"Happy Flower":19,"CultistMask":5,"Ectoplasm":17,"Ring of the Snake":0,"Pocketwatch":9},{"Du-Vu Doll":4,"WristBlade":0,"Happy Flower":10,"CultistMask":3,"Ectoplasm":9,"Ring of the Snake":0,"Pocketwatch":5},{"Du-Vu Doll":15,"WristBlade":0,"Happy Flower":42,"CultistMask":10,"Ectoplasm":38,"Ring of the Snake":0,"Pocketwatch":18}],"Pocketwatch":[39]},"card_choices":[{"not_picked":["Prepared","Flechettes"],"picked":"Slice","floor":1},{"not_picked":["Deadly Poison","Caltrops"],"picked":"Poisoned Stab","floor":3},{"not_picked":["Poisoned Stab","All Out Attack"],"picked":"Sucker Punch","floor":4},{"not_picked":["Noxious Fumes","Well Laid Plans"],"picked":"Leg Sweep","floor":7},{"not_picked":["Distraction","Flying Knee"],"picked":"Quick Slash","floor":8},{"not_picked":["PiercingWail","Burst"],"picked":"Poisoned Stab","floor":10},{"not_picked":["Bane","Calculated Gamble"],"picked":"Backflip","floor":13},{"not_picked":["Dagger Throw","Bouncing Flask"],"picked":"Crippling Poison","floor":14},{"not_picked":["Doppelganger","Unload"],"picked":"Corpse Explosion","floor":16},{"not_picked":["Crippling Poison","Acrobatics"],"picked":"Caltrops","floor":18},{"not_picked":["Blade Dance","Outmaneuver"],"picked":"Dodge and Roll","floor":20},{"not_picked":["Tactician","Grand Finale"],"picked":"Blade Dance","floor":21},{"not_picked":["Slice","Riddle With Holes"],"picked":"Acrobatics","floor":24}],"player_experience":609873,"relics_obtained":[{"floor":7,"key":"Du-Vu Doll"},{"floor":9,"key":"Pocketwatch"}],"event_choices":[{"cards_removed":["Strike_G"],"damage_healed":0,"gold_gain":0,"player_choice":"Card Removal","damage_taken":0,"max_hp_gain":0,"max_hp_loss":0,"event_name":"The Cleric","floor":2,"gold_loss":50},{"damage_healed":0,"gold_gain":0,"player_choice":"Trade","damage_taken":0,"relics_obtained":["CultistMask"],"max_hp_gain":0,"max_hp_loss":0,"event_name":"FaceTrader","floor":5,"gold_loss":0}],"is_beta":false,"boss_relics":[{"not_picked":["Runic Dome","HoveringKite"],"picked":"Ectoplasm"}],"items_purged_floors":[12],"is_endless":false,"potions_floor_spawned":[3,14,16,20],"killed_by":"Slavers","ascension_level":7}}