{"host":"bq4pt811tk9yrmjl","time":1609852451,"event":{"mods":["AchievementEnabler","BaseMod","Colored Map","Colored Powertips","Defuse TimeMaze Blight","Hermit","Minty Spire (QoL Compilation)","StSLib","SuperFastMode"],"gold_per_floor":[117,117,117,117,292,319,319,350,350,362,362,383,333,347,347,445,445,445],"floor_reached":17,"playtime":316,"items_purged":[],"score":222,"play_id":"bd0ade45-9dbe-4b3f-b871-94e269967584","local_time":"20210105111411","is_ascension_mode":true,"campfire_choices":[{"data":"hermit:Snapshot","floor":7,"key":"SMITH"},{"data":"hermit:GoldenBullet","floor":11,"key":"SMITH"},{"data":"hermit:Vantage","floor":15,"key":"SMITH"}],"circlet_count":0,"master_deck":["hermit:Strike_Hermit","hermit:Strike_Hermit","hermit:Strike_Hermit","hermit:Strike_Hermit","hermit:Defend_Hermit","hermit:Defend_Hermit","hermit:Defend_Hermit","hermit:Defend_Hermit","hermit:Snapshot+1","hermit:Covet","hermit:Vantage+1","Regret","hermit:GoldenBullet+1","hermit:HighNoon"],"relics":["hermit:Momento","NeowsBlessing","Gambling Chip","Question Card","Vajra","Kunai","Odd Mushroom","Busted Crown"],"acts_visited":["Exordium","TheCity"],"potions_floor_usage":[12,16,16],"damage_taken":[{"damage":0,"enemies":"Cultist","floor":1,"turns":1},{"damage":0,"enemies":"Lagavulin","floor":6,"turns":1},{"damage":0,"enemies":"Gremlin Nob","floor":8,"turns":1},{"damage":2,"enemies":"2 Louse","floor":10,"turns":5},{"damage":10,"enemies":"The Mushroom Lair","floor":12,"turns":4},{"damage":0,"enemies":"Small Slimes","floor":14,"turns":2},{"damage":46,"enemies":"Slime Boss","floor":16,"turns":18}],"seed_played":"8757529380304978887","potions_obtained":[{"floor":1,"key":"Weak Potion"},{"floor":6,"key":"SpeedPotion"},{"floor":10,"key":"BlessingOfTheForge"},{"floor":12,"key":"SkillPotion"}],"is_trial":false,"path_per_floor":["M","T","$","?","?","E","R","E","T","M","R","?","?","M","R","B",null],"character_chosen":"HERMIT","items_purchased":[],"campfire_rested":0,"item_purchase_floors":[],"current_hp_per_floor":[75,75,75,75,75,75,75,75,75,73,73,63,63,63,63,17,75,75],"gold":445,"neow_bonus":"THREE_ENEMY_KILL","is_daily":false,"chose_seed":false,"campfire_upgraded":3,"win_rate":0.0,"timestamp":1609852451,"path_taken":["M","?","$","?","?","E","R","E","T","M","R","?","?","M","R","BOSS"],"items_purchased_type":[],"build_version":"2020-12-22","purchased_purges":0,"victory":false,"max_hp_per_floor":[75,75,75,75,75,75,75,75,75,75,75,75,75,75,75,75,75,75],"card_choices":[{"not_picked":["hermit:Spite","hermit:HighCaliber"],"picked":"hermit:Vantage","floor":1},{"not_picked":["hermit:HighCaliber","hermit:Malice","hermit:WideOpen"],"picked":"SKIP","floor":6},{"not_picked":["hermit:DeadMansHand","hermit:BlackWind","hermit:Quickdraw"],"picked":"hermit:GoldenBullet","floor":8},{"not_picked":["hermit:Scavenge","hermit:Ricochet","hermit:Snipe","hermit:TakeAim"],"picked":"SKIP","floor":10},{"not_picked":["hermit:Scavenge","hermit:Combo","hermit:Snipe","hermit:CalledShot"],"picked":"SKIP","floor":14},{"not_picked":["hermit:Gambit","hermit:Reprieve","hermit:Purgatory"],"picked":"hermit:HighNoon","floor":16}],"player_experience":143420,"relics_obtained":[{"floor":6,"key":"Question Card"},{"floor":8,"key":"Vajra"},{"floor":9,"key":"Kunai"},{"floor":12,"key":"Odd Mushroom"}],"event_choices":[{"damage_healed":0,"gold_gain":0,"player_choice":"Box","damage_taken":0,"relics_obtained":["Gambling Chip"],"max_hp_gain":0,"max_hp_loss":0,"event_name":"Big Fish","floor":4,"gold_loss":0,"cards_obtained":["Regret"]},{"damage_healed":0,"gold_gain":175,"player_choice":"AGREE","damage_taken":0,"max_hp_gain":0,"max_hp_loss":0,"event_name":"Liars Game","floor":5,"gold_loss":0,"cards_obtained":["Doubt"]},{"damage_healed":0,"gold_gain":0,"player_choice":"Fought Mushrooms","damage_taken":0,"max_hp_gain":0,"max_hp_loss":0,"event_name":"Mushrooms","floor":12,"gold_loss":0},{"cards_removed":["Doubt"],"damage_healed":0,"gold_gain":0,"player_choice":"Card Removal","damage_taken":0,"max_hp_gain":0,"max_hp_loss":0,"event_name":"The Cleric","floor":13,"gold_loss":50}],"is_beta":false,"boss_relics":[{"not_picked":["Snecko Eye","Coffee Dripper"],"picked":"Busted Crown"}],"items_purged_floors":[],"is_endless":false,"potions_floor_spawned":[1,6,10,12],"ascension_level":1}}