{"host":"1tmagqyeywr2w44t","time":1609851873,"event":{"mods":["2.2 Compatiblity","BaseMod","Colored Powertips","Downfall","Marisa£¨Ùöéë¡¡Øª×âÞÞ£©","Minty Spire (QoL Compilation)","Rare Cards Sparkle","Replay The Spire","StSLib","SuperFastMode","The Cursed"],"gold_per_floor":[110,60,60,235,235,235,248,574,574,574,592,612,622,722,722,722,722],"floor_reached":16,"playtime":426,"items_purged":[],"score":145,"play_id":"04556bde-9c41-461b-86fe-235e382b4055","local_time":"20210105220433","is_ascension_mode":true,"campfire_choices":[{"data":"Armaments","floor":6,"key":"SMITH"},{"floor":15,"key":"REST"}],"circlet_count":0,"master_deck":["Strike_R","Strike_R","Strike_R","Strike_R","Strike_R","Defend_R","Defend_R","Defend_R","Defend_R","Bash","Survivor","Armaments+1","Doubt","Second Wind","Double Tap","Cleave","ReplayTheSpireMod:Limb From Limb"],"relics":["Burning Blood","Art of War","FaceOfCleric","Old Coin","Shuriken","Replay:Bottled Flurry"],"acts_visited":["Exordium"],"potions_floor_usage":[13,13,16],"damage_taken":[{"damage":6,"enemies":"Cultist","floor":1,"turns":4},{"damage":5,"enemies":"Small Slimes","floor":7,"turns":5},{"damage":57,"enemies":"Lagavulin","floor":8,"turns":11},{"damage":10,"enemies":"2 Louse","floor":11,"turns":4},{"damage":0,"enemies":"Gremlin Gang","floor":12,"turns":1},{"damage":12,"enemies":"Exordium Wildlife","floor":13,"turns":4},{"damage":66,"enemies":"Hexaghost","floor":16,"turns":14}],"seed_played":"8974917772644021494","potions_obtained":[{"floor":7,"key":"ElixirPotion"},{"floor":8,"key":"SneckoOil"},{"floor":11,"key":"PowerPotion"}],"is_trial":false,"path_per_floor":["M","?","?","?","?","R","M","E","T","T","M","M","M","?","R","B"],"character_chosen":"IRONCLAD","items_purchased":[],"campfire_rested":1,"item_purchase_floors":[],"current_hp_per_floor":[96,96,78,78,78,78,80,30,30,30,27,34,29,29,59,0,0],"gold":722,"neow_bonus":"TWENTY_PERCENT_HP_BONUS","is_daily":false,"chose_seed":false,"campfire_upgraded":1,"win_rate":0.0,"timestamp":1609851873,"path_taken":["M","?","?","?","?","R","?","E","T","?","?","M","M","?","R","BOSS"],"items_purchased_type":[],"build_version":"2020-12-22","purchased_purges":0,"victory":false,"max_hp_per_floor":[96,96,96,96,96,96,97,98,98,98,99,100,101,101,101,101,101],"card_choices":[{"not_picked":["True Grit","Headbutt"],"picked":"Armaments","floor":1},{"not_picked":["Dropkick","Life Link"],"picked":"Second Wind","floor":7},{"not_picked":["ReplayReversal","Reckless Charge"],"picked":"Double Tap","floor":8},{"not_picked":["Clash","Intimidate"],"picked":"Cleave","floor":11},{"not_picked":["Pommel Strike","Thunderclap"],"picked":"ReplayTheSpireMod:Limb From Limb","floor":12},{"not_picked":["Clash","Flex","Pummel"],"picked":"SKIP","floor":13}],"player_experience":276406,"relics_obtained":[{"floor":8,"key":"Old Coin"},{"floor":9,"key":"Shuriken"},{"floor":10,"key":"Replay:Bottled Flurry"}],"event_choices":[{"cards_removed":["sneckomod:Strike"],"damage_healed":0,"gold_gain":0,"player_choice":"Card Removal","damage_taken":0,"max_hp_gain":0,"max_hp_loss":0,"event_name":"The Cleric","floor":2,"gold_loss":50},{"damage_healed":0,"gold_gain":0,"player_choice":"Success","damage_taken":18,"relics_obtained":["Art of War"],"max_hp_gain":0,"max_hp_loss":0,"event_name":"Scrap Ooze","floor":3,"gold_loss":0},{"damage_healed":0,"gold_gain":175,"player_choice":"AGREE","damage_taken":0,"max_hp_gain":0,"max_hp_loss":0,"event_name":"Liars Game","floor":4,"gold_loss":0,"cards_obtained":["Doubt"]},{"damage_healed":0,"gold_gain":0,"player_choice":"Trade","damage_taken":0,"relics_obtained":["FaceOfCleric"],"max_hp_gain":0,"max_hp_loss":0,"event_name":"FaceTrader","floor":5,"gold_loss":0},{"damage_healed":0,"gold_gain":100,"player_choice":"Pray","damage_taken":0,"max_hp_gain":0,"max_hp_loss":0,"event_name":"Golden Shrine","floor":14,"gold_loss":0}],"is_beta":false,"boss_relics":[],"items_purged_floors":[],"is_endless":false,"potions_floor_spawned":[7,8,11],"killed_by":"Hexaghost","ascension_level":4}}