{"host":"dcj2yvrgcvh5dl2s","time":1609808740,"event":{"mods":["BaseMod","Better Note","Block Reminder","Colored Powertips","DeckTracker","Minty Spire (QoL Compilation)","Quick Restart","Rare Cards Sparkle","Relic Stats","StSLib"],"gold_per_floor":[112,112,132,32,43,43,69,69,69,69,69,95,95,38,38,38,38],"floor_reached":16,"playtime":600,"items_purged":["Strike_R"],"score":207,"play_id":"608dec33-4ad8-41ba-85c3-160aee636a2a","local_time":"20210105110540","is_ascension_mode":true,"campfire_choices":[{"floor":6,"key":"REST"},{"floor":8,"key":"REST"},{"floor":10,"key":"REST"},{"floor":15,"key":"REST"}],"circlet_count":0,"master_deck":["AscendersBane","Strike_R+1","Strike_R","Strike_R","Defend_R","Defend_R","Bash","Cleave","Heavy Blade+1","Pommel Strike","Regret","Shrug It Off"],"relics":["Burning Blood","Gambling Chip","Matryoshka","Blue Candle","PreservedInsect"],"acts_visited":["Exordium"],"potions_floor_usage":[7,12],"damage_taken":[{"damage":9,"enemies":"2 Louse","floor":1,"turns":3},{"damage":6,"enemies":"Cultist","floor":3,"turns":3},{"damage":14,"enemies":"Jaw Worm","floor":5,"turns":3},{"damage":40,"enemies":"Lagavulin","floor":7,"turns":6},{"damage":46,"enemies":"3 Sentries","floor":12,"turns":6},{"damage":39,"enemies":"Slime Boss","floor":16,"turns":3}],"seed_played":"-6103348191612938264","potions_obtained":[{"floor":1,"key":"FearPotion"},{"floor":7,"key":"ColorlessPotion"}],"is_trial":false,"path_per_floor":["M","?","M","$","M","R","E","R","T","R","?","E","?","$","R","B"],"character_chosen":"IRONCLAD","items_purchased":["Pommel Strike","Shrug It Off"],"campfire_rested":4,"item_purchase_floors":[4,14],"current_hp_per_floor":[47,47,47,47,39,61,27,49,49,71,71,31,8,8,30,0,0],"gold":38,"neow_bonus":"REMOVE_TWO","is_daily":false,"chose_seed":false,"campfire_upgraded":0,"win_rate":0.0,"timestamp":1609808740,"path_taken":["M","?","?","$","M","R","E","R","T","R","?","E","?","?","R","BOSS"],"items_purchased_type":["Card","Card"],"build_version":"2020-12-22","purchased_purges":1,"victory":false,"max_hp_per_floor":[75,75,75,75,75,75,75,75,75,75,75,75,75,75,75,75,75],"relic_stats":{"counters":[6,24],"Gambling Chip":[6],"Blue Candle":[2],"PreservedInsect":0,"obtain_stats":[{"Matryoshka":9,"Gambling Chip":7,"Blue Candle":11,"PreservedInsect":12,"Burning Blood":0},{"Matryoshka":4,"Gambling Chip":4,"Blue Candle":4,"PreservedInsect":5,"Burning Blood":0},{"Matryoshka":15,"Gambling Chip":15,"Blue Candle":15,"PreservedInsect":21,"Burning Blood":0}],"Burning Blood":30},"card_choices":[{"not_picked":["Rupture","Entrench"],"picked":"Cleave","floor":1},{"not_picked":["Clothesline","Dropkick"],"picked":"Heavy Blade","floor":3},{"not_picked":["Armaments","Sever Soul","Iron Wave"],"picked":"SKIP","floor":5},{"not_picked":["Burning Pact","Dual Wield","Rampage"],"picked":"SKIP","floor":7},{"not_picked":["Heavy Blade","Rupture","Searing Blow"],"picked":"SKIP","floor":12}],"player_experience":2186420,"relics_obtained":[{"floor":7,"key":"Gambling Chip"},{"floor":9,"key":"Matryoshka"},{"floor":12,"key":"PreservedInsect"}],"event_choices":[{"cards_removed":["Strike_R"],"damage_healed":0,"gold_gain":0,"player_choice":"Offered Basic","damage_taken":0,"max_hp_gain":0,"max_hp_loss":0,"event_name":"Bonfire Elementals","floor":2,"gold_loss":0},{"damage_healed":0,"gold_gain":0,"player_choice":"Box","damage_taken":0,"relics_obtained":["Blue Candle"],"max_hp_gain":0,"max_hp_loss":0,"event_name":"Big Fish","floor":11,"gold_loss":0,"cards_obtained":["Regret"]},{"damage_healed":0,"gold_gain":0,"player_choice":"Entered Light","damage_taken":23,"max_hp_gain":0,"max_hp_loss":0,"event_name":"Shining Light","floor":13,"gold_loss":0,"cards_upgraded":["Heavy Blade","Strike_R"]}],"is_beta":false,"boss_relics":[],"items_purged_floors":[4],"is_endless":false,"potions_floor_spawned":[1,7],"killed_by":"Slime Boss","ascension_level":19}}