{"host":"v0dnu0zs4qo0v13s","time":1609869548,"event":{"mods":["BaseMod","Colored Map","Colored Powertips","Minty Spire (QoL Compilation)","Relic Stats","StSLib","SuperFastMode","everything is the same but u backflip on backflip"],"gold_per_floor":[110,130,142,142,142,142,92,92,139,64,64,83,97,111,111,215,215,230,230,32,32,49,49,61,61,84,84,99,127,27,27,27,125,125,145,20,35,35,35],"floor_reached":38,"playtime":1900,"items_purged":["Defend_P","Strike_P","Strike_P+1"],"score":614,"play_id":"6d20334c-1a46-4ed1-b883-42ccb6ee46c5","local_time":"20210105125908","is_ascension_mode":true,"campfire_choices":[{"data":"MentalFortress","floor":6.0,"key":"SMITH"},{"data":"SandsOfTime","floor":8.0,"key":"SMITH"},{"data":"Vigilance","floor":11.0,"key":"SMITH"},{"floor":15.0,"key":"REST"},{"floor":23.0,"key":"REST"},{"floor":25.0,"key":"REST"},{"data":"EmptyFist","floor":27.0,"key":"SMITH"},{"data":"Alpha","floor":32.0,"key":"SMITH"}],"circlet_count":0,"master_deck":["AscendersBane","Defend_P","Eruption","Vigilance+1","Vengeance+1","SandsOfTime+1","MentalFortress+1","Perseverance","Wireheading","ThirdEye","Omniscience","FollowUp","MentalFortress+1","EmptyFist+1","Alpha+1","EmptyMind","DevaForm"],"relics":["PureWater","NeowsBlessing","HornCleat","Ancient Tea Set","Empty Cage","DollysMirror","Oddly Smooth Stone","Mercury Hourglass","Cursed Key"],"acts_visited":["Exordium","TheCity","TheBeyond"],"potions_floor_usage":[38,38],"damage_taken":[{"damage":0.0,"enemies":"Cultist","floor":1.0,"turns":1.0},{"damage":0.0,"enemies":"Jaw Worm","floor":2.0,"turns":1.0},{"damage":0.0,"enemies":"2 Louse","floor":3.0,"turns":2.0},{"damage":0.0,"enemies":"Exordium Wildlife","floor":12.0,"turns":3.0},{"damage":8.0,"enemies":"Exordium Thugs","floor":13.0,"turns":4.0},{"damage":9.0,"enemies":"3 Louse","floor":14.0,"turns":3.0},{"damage":22.0,"enemies":"Hexaghost","floor":16.0,"turns":9.0},{"damage":23.0,"enemies":"Shell Parasite","floor":18.0,"turns":5.0},{"damage":1.0,"enemies":"Spheric Guardian","floor":22.0,"turns":3.0},{"damage":17.0,"enemies":"Snake Plant","floor":24.0,"turns":6.0},{"damage":0.0,"enemies":"Snecko","floor":28.0,"turns":3.0},{"damage":44.0,"enemies":"Book of Stabbing","floor":29.0,"turns":5.0},{"damage":62.0,"enemies":"Automaton","floor":33.0,"turns":8.0},{"damage":39.0,"enemies":"3 Darklings","floor":35.0,"turns":4.0},{"damage":5.0,"enemies":"Orb Walker","floor":37.0,"turns":5.0},{"damage":0,"enemies":"4 Shapes","floor":38,"turns":1}],"seed_played":"-1938535069605236800","potions_obtained":[{"floor":1.0,"key":"SpeedPotion"},{"floor":13.0,"key":"Swift Potion"},{"floor":14.0,"key":"Energy Potion"},{"floor":22.0,"key":"BlessingOfTheForge"},{"floor":24.0,"key":"DuplicationPotion"},{"floor":29.0,"key":"Block Potion"},{"floor":37.0,"key":"EssenceOfSteel"}],"is_trial":false,"path_per_floor":["M","M","M","?","T","R","?","R","T","$","R","M","M","M","R","B",null,"M","?","$","?","M","R","M","R","T","R","M","E","$","?","R","B",null,"M","$","M","M"],"character_chosen":"WATCHER","items_purchased":["DollysMirror","EmptyFist"],"campfire_rested":3,"item_purchase_floors":[20,20],"current_hp_per_floor":[65,65,65,51,51,51,51,51,51,51,51,51,43,34,55,33,62,39,39,39,39,38,59,42,63,63,63,63,19,19,72,72,10,57,18,18,13,13,13],"gold":35,"neow_bonus":"THREE_ENEMY_KILL","is_daily":false,"chose_seed":false,"campfire_upgraded":5,"win_rate":0.0,"timestamp":1609869548,"path_taken":["M","M","?","?","?","R","?","R","T","$","R","M","?","M","R","BOSS","M","?","$","?","?","R","M","R","T","R","M","E","$","?","R","BOSS","M","$","M","?"],"items_purchased_type":["Relic","Card"],"build_version":"2020-12-22","purchased_purges":3,"victory":false,"max_hp_per_floor":[72,72,72,72,72,72,72,72,72,72,72,72,72,72,72,72,72,72,72,72,72,72,72,72,72,72,72,72,72,72,72,72,72,72,72,72,72,72,72],"relic_stats":{"counters":[16,63],"Cursed Key":0,"obtain_stats":[{"HornCleat":5,"NeowsBlessing":0,"DollysMirror":20,"Oddly Smooth Stone":26,"PureWater":0,"Ancient Tea Set":9,"Empty Cage":17,"Cursed Key":34,"Mercury Hourglass":29},{"HornCleat":3,"NeowsBlessing":0,"DollysMirror":8,"Oddly Smooth Stone":10,"PureWater":0,"Ancient Tea Set":3,"Empty Cage":7,"Cursed Key":13,"Mercury Hourglass":12},{"HornCleat":4,"NeowsBlessing":0,"DollysMirror":28,"Oddly Smooth Stone":37,"PureWater":0,"Ancient Tea Set":4,"Empty Cage":23,"Cursed Key":53,"Mercury Hourglass":45}],"Mercury Hourglass":[94]},"card_choices":[{"not_picked":["ThirdEye","Crescendo"],"picked":"Vengeance","floor":1.0},{"not_picked":["WaveOfTheHand","Crescendo"],"picked":"SandsOfTime","floor":2.0},{"not_picked":["WindmillStrike","PathToVictory"],"picked":"MentalFortress","floor":3.0},{"not_picked":["JustLucky","WreathOfFlame"],"picked":"Perseverance","floor":12.0},{"not_picked":["Protect","Conclude"],"picked":"Wireheading","floor":13.0},{"not_picked":["WheelKick","SashWhip"],"picked":"ThirdEye","floor":14.0},{"not_picked":["Wish","MasterReality"],"picked":"Omniscience","floor":16.0},{"not_picked":["BowlingBash","FearNoEvil+1"],"picked":"FollowUp","floor":18.0},{"not_picked":["Perseverance","FlyingSleeves"],"picked":"EmptyMind","floor":22.0},{"not_picked":["JustLucky","Protect","Halt"],"picked":"SKIP","floor":24.0},{"not_picked":["Protect","ThirdEye","FlyingSleeves"],"picked":"SKIP","floor":28.0},{"not_picked":["ReachHeaven","Evaluate"],"picked":"CarveReality","floor":29.0},{"not_picked":["Brilliance","LessonLearned"],"picked":"DevaForm","floor":33.0},{"not_picked":["EmptyFist+1","ThirdEye+1","FollowUp+1"],"picked":"SKIP","floor":35.0},{"not_picked":["ForeignInfluence","SashWhip","PathToVictory+1"],"picked":"SKIP","floor":37.0}],"player_experience":653361,"relics_obtained":[{"floor":5.0,"key":"HornCleat"},{"floor":9.0,"key":"Ancient Tea Set"},{"floor":26.0,"key":"Oddly Smooth Stone"},{"floor":29.0,"key":"Mercury Hourglass"}],"event_choices":[{"damage_healed":0.0,"max_hp_gain":0.0,"max_hp_loss":0.0,"gold_gain":0.0,"event_name":"Shining Light","player_choice":"Entered Light","floor":4.0,"gold_loss":0.0,"damage_taken":14.0,"cards_upgraded":["Vengeance","Strike_P"]},{"cards_removed":["Defend_P"],"damage_healed":0.0,"max_hp_gain":0.0,"max_hp_loss":0.0,"gold_gain":0.0,"event_name":"The Cleric","player_choice":"Card Removal","floor":7.0,"gold_loss":50.0,"damage_taken":0.0},{"damage_healed":0.0,"max_hp_gain":0.0,"max_hp_loss":0.0,"gold_gain":0.0,"event_name":"Ghosts","player_choice":"Ignored","floor":19.0,"gold_loss":0.0,"damage_taken":0.0},{"damage_healed":0.0,"max_hp_gain":0.0,"max_hp_loss":0.0,"gold_gain":0.0,"cards_transformed":["Strike_P"],"event_name":"Transmorgrifier","player_choice":"Transformed","floor":21.0,"gold_loss":0.0,"damage_taken":0.0,"cards_obtained":["Alpha"]},{"cards_removed":["CarveReality"],"damage_healed":53.0,"max_hp_gain":0.0,"max_hp_loss":0.0,"gold_gain":0.0,"event_name":"Bonfire Elementals","player_choice":"Offered Uncommon","floor":31.0,"gold_loss":0.0,"damage_taken":0.0}],"is_beta":false,"boss_relics":[{"not_picked":["Black Star","Runic Pyramid"],"picked":"Empty Cage"},{"not_picked":["Busted Crown","Velvet Choker"],"picked":"Cursed Key"}],"items_purged_floors":[10,30,36],"is_endless":false,"potions_floor_spawned":[1,13,14,22,24,29,37],"killed_by":"4 Shapes","ascension_level":10}}