{"host":"37dk0reb6x0du8wx","time":1609839663,"event":{"mods":["BaseMod","Colored Map","DeckTracker","Minty Spire (QoL Compilation)","Quick Restart","StSLib"],"gold_per_floor":[115,47,47,47,61,61,92,92,92,117,131,56,91,41,41,41,41],"floor_reached":16,"playtime":538,"items_purged":["Strike_B"],"score":199,"play_id":"3a093152-af75-4011-b64f-b329bc95db24","local_time":"20210105184103","is_ascension_mode":true,"campfire_choices":[{"data":"Reinforced Body","floor":6,"key":"SMITH"},{"data":"Defend_B","floor":8,"key":"SMITH"},{"floor":15,"key":"REST"}],"circlet_count":0,"master_deck":["Strike_B","Defend_B+1","Defend_B","Defend_B","Defend_B","Zap","Dualcast","Redo+1","Reinforced Body+1","Self Repair","Leap+1","Glacier+1","Redo+1"],"relics":["Cracked Core","NeowsBlessing","Toxic Egg 2","Pen Nib","Darkstone Periapt","Singing Bowl"],"acts_visited":["Exordium"],"potions_floor_usage":[13,16],"damage_taken":[{"damage":0,"enemies":"Small Slimes","floor":1,"turns":1},{"damage":0,"enemies":"Cultist","floor":5,"turns":1},{"damage":0,"enemies":"Gremlin Nob","floor":7,"turns":1},{"damage":43,"enemies":"3 Sentries","floor":10,"turns":9},{"damage":2,"enemies":"Jaw Worm","floor":11,"turns":3},{"damage":0,"enemies":"Lagavulin","floor":13,"turns":12},{"damage":72,"enemies":"Hexaghost","floor":16,"turns":16}],"seed_played":"7880113077535724119","potions_obtained":[{"floor":10,"key":"AttackPotion"},{"floor":11,"key":"Fire Potion"}],"is_trial":false,"path_per_floor":["M","$","?","?","M","R","E","R","T","E","M","$","E","?","R","B"],"character_chosen":"DEFECT","items_purchased":["Reinforced Body"],"campfire_rested":1,"item_purchase_floors":[2],"current_hp_per_floor":[75,75,68,68,68,68,68,68,68,32,37,37,46,46,69,0,0],"gold":41,"neow_bonus":"THREE_ENEMY_KILL","is_daily":false,"chose_seed":false,"campfire_upgraded":2,"win_rate":0.0,"timestamp":1609839663,"path_taken":["M","$","?","?","M","R","E","R","T","E","?","?","E","?","R","BOSS"],"items_purchased_type":["Card"],"build_version":"2020-12-22","purchased_purges":1,"victory":false,"max_hp_per_floor":[75,75,75,75,75,75,75,75,75,75,75,75,77,77,77,77,77],"card_choices":[{"not_picked":["Gash","Blizzard"],"picked":"Redo","floor":1},{"not_picked":["Glacier","Ball Lightning"],"picked":"Self Repair","floor":5},{"not_picked":["Barrage","Melter"],"picked":"Leap+1","floor":7},{"not_picked":["Compile Driver","Sweeping Beam"],"picked":"Glacier+1","floor":10},{"not_picked":["Coolheaded+1","Turbo+1"],"picked":"Redo+1","floor":11},{"not_picked":["Sunder","Stack+1","Redo+1"],"picked":"Singing Bowl","floor":13}],"player_experience":155942,"relics_obtained":[{"floor":7,"key":"Toxic Egg 2"},{"floor":9,"key":"Pen Nib"},{"floor":10,"key":"Darkstone Periapt"},{"floor":13,"key":"Singing Bowl"}],"event_choices":[{"cards_removed":["Strike_B"],"damage_healed":0,"gold_gain":0,"player_choice":"Card Removal","damage_taken":7,"max_hp_gain":0,"max_hp_loss":0,"event_name":"Golden Wing","floor":3,"gold_loss":0},{"damage_healed":0,"gold_gain":0,"player_choice":"Forge","damage_taken":0,"max_hp_gain":0,"max_hp_loss":0,"event_name":"Accursed Blacksmith","floor":4,"gold_loss":0,"cards_upgraded":["Redo"]},{"cards_removed":["Strike_B"],"damage_healed":0,"gold_gain":0,"player_choice":"Card Removal","damage_taken":0,"max_hp_gain":0,"max_hp_loss":0,"event_name":"The Cleric","floor":14,"gold_loss":50}],"is_beta":false,"boss_relics":[],"items_purged_floors":[12],"is_endless":false,"potions_floor_spawned":[10,11],"killed_by":"Hexaghost","ascension_level":4}}