{"host":"dcj2yvrgcvh5dl2s","time":1609833115,"event":{"mods":["BaseMod","Better Note","Block Reminder","Colored Powertips","DeckTracker","Minty Spire (QoL Compilation)","Quick Restart","Rare Cards Sparkle","Relic Stats","StSLib"],"gold_per_floor":[111,126,74,54,72,107,54,86,86,86,86,104,0,12,12,12,12],"floor_reached":16,"playtime":567,"items_purged":["Bash"],"score":215,"play_id":"a1136e0f-72e5-4dc0-baba-1af39823c93d","local_time":"20210105175155","is_ascension_mode":true,"campfire_choices":[{"floor":11,"key":"REST"},{"floor":15,"key":"REST"}],"circlet_count":0,"master_deck":["AscendersBane","Strike_R","Strike_R+1","Strike_R","Strike_R","Strike_R+1","Defend_R","Defend_R","Defend_R","Defend_R","Corruption","Perfected Strike","Shockwave","Cleave","Clothesline","Body Slam","Armaments+1","Heavy Blade","Shrug It Off","Shrug It Off","Whirlwind"],"relics":["Burning Blood","Whetstone","Eternal Feather","Lantern"],"acts_visited":["Exordium"],"potions_floor_usage":[6,8,16],"damage_taken":[{"damage":7,"enemies":"Jaw Worm","floor":1,"turns":4},{"damage":6,"enemies":"Cultist","floor":2,"turns":4},{"damage":8,"enemies":"Small Slimes","floor":5,"turns":3},{"damage":24,"enemies":"Gremlin Nob","floor":6,"turns":4},{"damage":27,"enemies":"Lagavulin","floor":8,"turns":7},{"damage":9,"enemies":"Blue Slaver","floor":12,"turns":2},{"damage":23,"enemies":"Exordium Wildlife","floor":14,"turns":5},{"damage":55,"enemies":"Hexaghost","floor":16,"turns":10}],"seed_played":"-5239242387780066344","potions_obtained":[{"floor":2,"key":"Swift Potion"},{"floor":4,"key":"GamblersBrew"},{"floor":14,"key":"PowerPotion"}],"is_trial":false,"path_per_floor":["M","M","$","?","M","E","$","E","T","?","R","M","$","M","R","B"],"character_chosen":"IRONCLAD","items_purchased":["Cleave","Armaments","Shrug It Off"],"campfire_rested":2,"item_purchase_floors":[3,7,13],"current_hp_per_floor":[49,49,49,49,47,29,29,8,8,8,39,36,36,19,53,0,0],"gold":12,"neow_bonus":"THREE_RARE_CARDS","is_daily":false,"chose_seed":false,"campfire_upgraded":0,"win_rate":0.0,"timestamp":1609833115,"path_taken":["M","M","$","?","M","E","?","E","T","?","R","M","$","M","R","BOSS"],"items_purchased_type":["Card","Card","Card"],"build_version":"2020-12-22","purchased_purges":1,"victory":false,"max_hp_per_floor":[75,75,75,75,75,75,75,75,75,75,75,75,75,75,75,75,75],"relic_stats":{"counters":[8,39],"Eternal Feather":21,"Whetstone":["Strike_R","Strike_R"],"obtain_stats":[{"Lantern":9,"Eternal Feather":8,"Whetstone":6,"Burning Blood":0},{"Lantern":5,"Eternal Feather":5,"Whetstone":4,"Burning Blood":0},{"Lantern":22,"Eternal Feather":22,"Whetstone":15,"Burning Blood":0}],"Burning Blood":42},"card_choices":[{"not_picked":["Impervious","Berserk"],"picked":"Corruption","floor":0},{"not_picked":["Warcry","Anger"],"picked":"Perfected Strike","floor":1},{"not_picked":["Sword Boomerang","True Grit"],"picked":"Shockwave","floor":2},{"not_picked":["Havoc","Warcry"],"picked":"Clothesline","floor":5},{"not_picked":["True Grit","Warcry"],"picked":"Body Slam","floor":6},{"not_picked":["Cleave","Fiend Fire"],"picked":"Heavy Blade","floor":8},{"not_picked":["Intimidate","Bloodletting"],"picked":"Shrug It Off","floor":12},{"not_picked":["Headbutt","Iron Wave"],"picked":"Whirlwind","floor":14}],"player_experience":2199988,"relics_obtained":[{"floor":6,"key":"Whetstone"},{"floor":8,"key":"Eternal Feather"},{"floor":9,"key":"Lantern"}],"event_choices":[{"damage_healed":0,"gold_gain":0,"player_choice":"Bought 1 Potion","damage_taken":0,"max_hp_gain":0,"max_hp_loss":0,"event_name":"The Woman in Blue","floor":4,"gold_loss":0},{"damage_healed":0,"gold_gain":0,"player_choice":"Grow","damage_taken":0,"max_hp_gain":0,"max_hp_loss":0,"event_name":"Living Wall","floor":10,"gold_loss":0,"cards_upgraded":["Armaments"]}],"is_beta":false,"boss_relics":[],"items_purged_floors":[13],"is_endless":false,"potions_floor_spawned":[2,14],"killed_by":"Hexaghost","ascension_level":19}}