{"host":"rwmcmr2m88k7tuzm","time":1609811020,"event":{"mods":["BaseMod","BetterRewards","Conspire","Downfall","Hermit","Hubris","Infinite Spire","Minty Spire (QoL Compilation)","Replay The Spire","Shop Mod","StSLib","SuperFastMode","The Cursed","The Necromancer"],"gold_per_floor":[114,114,114,65,65,65,85,85,109,36,136,155,181,196,196,297,297,309,323,343,343,343,343,372,372,372,372,387,387,0,34,34,130,130,146,1,1,1,12,46,46,64,141,141,141,141,153,153,153],"floor_reached":48,"playtime":1895,"items_purged":[],"score":744,"play_id":"a48ff37c-eaff-4f6e-ab06-d092142db9fc","local_time":"20210105014340","is_ascension_mode":false,"campfire_choices":[{"floor":6,"key":"REST"},{"data":"infinitespire:FinalStrike","floor":8,"key":"SMITH"},{"floor":15,"key":"REST"},{"data":"Perfected Strike","floor":23,"key":"SMITH"},{"data":"Double Tap","floor":25,"key":"SMITH"},{"floor":27,"key":"REST"},{"floor":29,"key":"REST"},{"data":"Bandage Up","floor":32,"key":"SMITH"},{"floor":41,"key":"REST"},{"floor":45,"key":"REST"}],"circlet_count":0,"master_deck":["Strike_R+1","Strike_R+1","Strike_R+2","Strike_R+2","Defend_R+1","Defend_R+1","Defend_R+1","Bash","ReplayTheSpireMod:Strike From Hell+1","infinitespire:FinalStrike+1","Perfected Strike+1","Rage","Whirlwind","Dropkick","Shockwave","Twin Strike","Double Tap+1","Twin Strike+1","Seeing Red+1","Bandage Up+1","Offering","Wild Strike"],"relics":["Black Blood","Replay:Rubber Ducky","HandDrill","hubris:Metronome","Simple Rune","Pen Nib","Gambling Chip","conspire:DeflatedDodgeball","Juzu Bracelet","Lee\u0027s Waffle","infinitespire:Broken Mirror","Replay:Mystery Machine","hubris:Icosahedron","Sundial","Bottled Lightning"],"acts_visited":["Exordium","TheCity","TheBeyond"],"potions_floor_usage":[24,24,31,31,40],"damage_taken":[{"damage":4,"enemies":"conspire:RoseBush","floor":1,"turns":3},{"damage":4,"enemies":"2 Louse","floor":7,"turns":3},{"damage":0,"enemies":"Small Slimes","floor":12,"turns":2},{"damage":0,"enemies":"Lagavulin","floor":13,"turns":2},{"damage":23,"enemies":"conspire:2 RoseBushes","floor":14,"turns":3},{"damage":0,"enemies":"Slime Boss","floor":16,"turns":2},{"damage":10,"enemies":"Chosen","floor":18,"turns":2},{"damage":18,"enemies":"Shell Parasite","floor":19,"turns":3},{"damage":0,"enemies":"Sentry and Sphere","floor":20,"turns":2},{"damage":27,"enemies":"Gremlin Leader","floor":24,"turns":3},{"damage":18,"enemies":"Centurion and Healer","floor":28,"turns":3},{"damage":28,"enemies":"Nightmare","floor":31,"turns":5},{"damage":25,"enemies":"conspire:MysteriousRune","floor":33,"turns":5},{"damage":32,"enemies":"3 Darklings","floor":35,"turns":9},{"damage":6,"enemies":"Orb Walker","floor":39,"turns":1},{"damage":60,"enemies":"Reptomancer","floor":40,"turns":3},{"damage":56,"enemies":"Spire Growth","floor":42,"turns":4},{"damage":35,"enemies":"4 Shapes","floor":47,"turns":4},{"damage":48,"enemies":"3 Darklings","floor":48,"turns":2}],"seed_played":"1597550769255271087","potions_obtained":[{"floor":1,"key":"Elixir"},{"floor":24,"key":"Languid Potion"},{"floor":39,"key":"Regen Potion"},{"floor":47,"key":"GamblersBrew"}],"is_trial":false,"path_per_floor":["M","?","?","$","?","R","M","R","T","$","?","M","E","M","R","B",null,"M","M","M","?","?","R","E","R","T","R","M","R","$","NM","R","B",null,"M","$","?","?","M","E","R","M","T","$","R","?","M","M"],"character_chosen":"IRONCLAD","items_purchased":["Replay:Rubber Ducky","HandDrill","hubris:Metronome","FearPotion","champ:CounterPotion","Perfected Strike","Whirlwind","Juzu Bracelet","Lee\u0027s Waffle","Bandage Up","Replay:Mystery Machine"],"campfire_rested":6,"item_purchase_floors":[0,0,0,0,0,4,10,30,30,30,36],"current_hp_per_floor":[66,66,46,46,46,70,72,72,72,72,72,78,80,63,80,80,80,76,64,70,70,70,70,49,49,49,73,61,80,87,65,65,52,87,73,73,73,73,79,44,68,30,30,30,54,54,37,0,0],"gold":153,"neow_bonus":"","is_daily":false,"chose_seed":false,"campfire_upgraded":4,"win_rate":0.0,"timestamp":1609811020,"path_taken":["M","?","?","$","?","R","?","R","T","$","?","M","E","M","R","BOSS","M","?","M","?","?","R","E","R","T","R","M","R","$","NM","R","BOSS","M","?","?","?","M","E","R","M","T","$","R","?","M","M"],"items_purchased_type":["Relic","Relic","Relic","Potion","Potion","Card","Card","Relic","Relic","Card","Relic"],"build_version":"2020-12-22","purchased_purges":0,"victory":false,"max_hp_per_floor":[80,80,80,80,80,80,80,80,80,80,80,80,80,80,80,80,80,80,80,80,80,80,80,80,80,80,80,80,80,87,87,87,87,87,87,87,83,83,83,83,83,83,83,83,83,83,83,83,83],"card_choices":[{"not_picked":["Clothesline","Abandon"],"picked":"Flex","floor":1},{"not_picked":["infinitespire:UltimateForm","infinitespire:NeuralNetwork"],"picked":"infinitespire:FinalStrike","floor":3},{"not_picked":["Shrug It Off","Warcry"],"picked":"Rage","floor":7},{"not_picked":["Sentinel","True Grit"],"picked":"Dropkick","floor":12},{"not_picked":["Wild Strike","Dark Embrace"],"picked":"Shockwave","floor":13},{"not_picked":["Heavy Blade","Fire Breathing"],"picked":"Twin Strike","floor":14},{"not_picked":["Exhume","hubris:StunningStrike"],"picked":"Double Tap","floor":16},{"not_picked":["Reckless Charge+1","Replay:Undeath\u0027s Touch+1"],"picked":"Twin Strike+1","floor":18},{"not_picked":["Heavy Blade+1","Headbutt","Clash"],"picked":"SKIP","floor":19},{"not_picked":["Armaments","Flex"],"picked":"Seeing Red+1","floor":20},{"not_picked":["Clash","Carnage","Fire Breathing"],"picked":"SKIP","floor":24},{"not_picked":["True Grit","Second Wind","Warcry"],"picked":"SKIP","floor":28},{"not_picked":["Searing Blow","Double Tap","Dark Embrace"],"picked":"SKIP","floor":31},{"not_picked":["Replay:Many Hands","Brutality"],"picked":"Offering","floor":33},{"not_picked":["Body Slam","Abandon+1","Dropkick+1"],"picked":"SKIP","floor":35},{"not_picked":["ReplayTheSpireMod:Strike From Hell+1","Iron Wave+1","Shrug It Off+1"],"picked":"SKIP","floor":39},{"not_picked":["Bludgeon","Twin Strike","Body Slam"],"picked":"SKIP","floor":40},{"not_picked":["Body Slam","Wild Strike+1","Disarm"],"picked":"SKIP","floor":42},{"not_picked":["Heavy Blade+1","ReplayTheSpireMod:Limb From Limb","hubris:ReadiedAction"],"picked":"SKIP","floor":47}],"player_experience":182591,"relics_obtained":[{"floor":9,"key":"Simple Rune"},{"floor":13,"key":"Pen Nib"},{"floor":24,"key":"Gambling Chip"},{"floor":26,"key":"conspire:DeflatedDodgeball"},{"floor":31,"key":"infinitespire:Broken Mirror"},{"floor":40,"key":"Sundial"},{"floor":43,"key":"Bottled Lightning"}],"event_choices":[{"damage_healed":0,"gold_gain":0,"player_choice":"Ignored","damage_taken":0,"max_hp_gain":0,"max_hp_loss":0,"event_name":"NoteForYourself","floor":5,"gold_loss":0},{"damage_healed":0,"gold_gain":100,"player_choice":"Pray","damage_taken":0,"max_hp_gain":0,"max_hp_loss":0,"event_name":"Golden Shrine","floor":11,"gold_loss":0},{"damage_healed":0,"gold_gain":0,"player_choice":"Simplicity","damage_taken":0,"max_hp_gain":0,"max_hp_loss":0,"event_name":"Back to Basics","floor":21,"gold_loss":0,"cards_upgraded":["Strike_R","Strike_R","Strike_R","Strike_R","Strike_R","Defend_R","Defend_R","Defend_R"]},{"cards_removed":["Strike_R"],"damage_healed":0,"gold_gain":0,"player_choice":"Purged","damage_taken":0,"max_hp_gain":0,"max_hp_loss":0,"event_name":"Purifier","floor":22,"gold_loss":0},{"damage_healed":0,"gold_gain":0,"player_choice":"Max HP","damage_taken":0,"max_hp_gain":0,"max_hp_loss":4,"event_name":"Winding Halls","floor":37,"gold_loss":0},{"damage_healed":0,"gold_gain":0,"cards_transformed":["Flex"],"player_choice":"Transformed","damage_taken":0,"max_hp_gain":0,"max_hp_loss":0,"event_name":"Transmorgrifier","floor":46,"gold_loss":0,"cards_obtained":["Wild Strike"]}],"is_beta":false,"boss_relics":[{"not_picked":["Replay:Grab Bag","Honey Jar","Velvet Choker"]},{"not_picked":["hubris:Stopwatch","Mark of Pain"],"picked":"Black Blood"}],"items_purged_floors":[],"is_endless":true,"potions_floor_spawned":[1,13,20,24,39,47],"killed_by":"3 Darklings","ascension_level":0}}