{"host":"ta9mufxydm4vkknf","time":1609864860,"event":{"mods":["AchievementEnabler","BaseMod","Minty Spire (QoL Compilation)","Quick Restart"],"gold_per_floor":[110,120,120,195,195,195,220,220,244,244,143,175,175,194,194,299,299,310,335,354,453,453,453],"floor_reached":22,"playtime":1023,"items_purged":["Defend_P"],"score":252,"play_id":"d442e872-87e4-44db-9cf8-65cd4ab6c1c1","local_time":"20210105174100","is_ascension_mode":true,"campfire_choices":[{"data":"Eruption","floor":6,"key":"SMITH"},{"data":"Ragnarok","floor":8,"key":"SMITH"},{"data":"Halt","floor":13,"key":"SMITH"},{"data":"FlurryOfBlows","floor":15,"key":"SMITH"}],"circlet_count":0,"master_deck":["Eruption+1","Vigilance","PathToVictory+1","FlurryOfBlows+1","Ragnarok+1","Halt+1","Crescendo","FollowUp","LikeWater","Devotion","FlurryOfBlows","ConjureBlade","DevaForm","Nirvana","BowlingBash","Consecrate+1","Halt"],"relics":["PureWater","NeowsBlessing","Question Card","Oddly Smooth Stone","Matryoshka","White Beast Statue","Pandora\u0027s Box","Red Mask"],"acts_visited":["Exordium","TheCity"],"potions_floor_usage":[16,18,19],"damage_taken":[{"damage":0,"enemies":"Small Slimes","floor":1,"turns":2},{"damage":0,"enemies":"2 Louse","floor":2,"turns":1},{"damage":0,"enemies":"Gremlin Nob","floor":7,"turns":1},{"damage":0,"enemies":"3 Sentries","floor":12,"turns":4},{"damage":0,"enemies":"Jaw Worm","floor":14,"turns":3},{"damage":33,"enemies":"Slime Boss","floor":16,"turns":10},{"damage":0,"enemies":"3 Byrds","floor":18,"turns":3},{"damage":25,"enemies":"Masked Bandits","floor":19,"turns":3},{"damage":5,"enemies":"Shell Parasite","floor":20,"turns":5},{"damage":36,"enemies":"3 Cultists","floor":22,"turns":4}],"seed_played":"-9135455465359103750","potions_obtained":[{"floor":1,"key":"DistilledChaos"},{"floor":2,"key":"StancePotion"},{"floor":14,"key":"Weak Potion"},{"floor":16,"key":"Explosive Potion"},{"floor":18,"key":"AttackPotion"},{"floor":19,"key":"SneckoOil"},{"floor":20,"key":"Ancient Potion"}],"is_trial":false,"path_per_floor":["M","M","?","?","?","R","E","R","T","T","$","E","R","M","R","B",null,"M","?","M","?","M"],"character_chosen":"WATCHER","items_purchased":["Halt"],"campfire_rested":0,"item_purchase_floors":[11],"current_hp_per_floor":[72,72,58,47,47,47,47,47,47,47,47,47,47,47,47,14,72,72,47,42,42,6,6],"gold":453,"neow_bonus":"THREE_ENEMY_KILL","is_daily":false,"chose_seed":false,"campfire_upgraded":4,"win_rate":0.0,"timestamp":1609864860,"path_taken":["M","M","?","?","?","R","E","R","T","?","?","E","R","M","R","BOSS","M","?","M","?","M"],"items_purchased_type":["Card"],"build_version":"2020-12-22","purchased_purges":1,"victory":false,"max_hp_per_floor":[72,72,72,72,72,72,72,72,72,72,72,72,72,72,72,72,72,72,72,72,72,72,72],"card_choices":[{"not_picked":["CrushJoints","Conclude"],"picked":"PathToVictory","floor":1},{"not_picked":["WheelKick","JustLucky"],"picked":"FlurryOfBlows","floor":2},{"not_picked":["FlurryOfBlows","Meditate"],"picked":"Ragnarok","floor":7},{"not_picked":["FlurryOfBlows","Nirvana","Swivel"],"picked":"Crescendo","floor":12},{"not_picked":["Crescendo","CrushJoints","Protect"],"picked":"FollowUp","floor":14},{"not_picked":["FlurryOfBlows","CrushJoints","Consecrate"],"picked":"BowlingBash","floor":18},{"not_picked":["Evaluate","BowlingBash","FollowUp"],"picked":"Consecrate+1","floor":19},{"not_picked":["Crescendo+1","Halt","Consecrate+1","Ragnarok"],"picked":"SKIP","floor":20},{"not_picked":["Crescendo+1","Consecrate+1","Ragnarok"],"picked":"Halt","floor":20}],"player_experience":230321,"relics_obtained":[{"floor":7,"key":"Question Card"},{"floor":9,"key":"Oddly Smooth Stone"},{"floor":10,"key":"Matryoshka"},{"floor":12,"key":"White Beast Statue"},{"floor":19,"key":"Red Mask"}],"event_choices":[{"damage_healed":0,"gold_gain":0,"player_choice":"Entered Light","damage_taken":14,"max_hp_gain":0,"max_hp_loss":0,"event_name":"Shining Light","floor":3,"gold_loss":0,"cards_upgraded":["Defend_P","PathToVictory"]},{"damage_healed":0,"gold_gain":75,"player_choice":"Gather Gold","damage_taken":11,"max_hp_gain":0,"max_hp_loss":0,"event_name":"World of Goop","floor":4,"gold_loss":0},{"cards_removed":["Strike_P"],"damage_healed":0,"gold_gain":0,"player_choice":"Forget","damage_taken":0,"max_hp_gain":0,"max_hp_loss":0,"event_name":"Living Wall","floor":5,"gold_loss":0},{"damage_healed":0,"gold_gain":0,"player_choice":"Fought Bandits","damage_taken":0,"max_hp_gain":0,"max_hp_loss":0,"event_name":"Masked Bandits","floor":19,"gold_loss":0},{"damage_healed":0,"gold_gain":99,"player_choice":"Stole From Cult","damage_taken":0,"max_hp_gain":0,"max_hp_loss":0,"event_name":"Nest","floor":21,"gold_loss":0}],"is_beta":false,"boss_relics":[{"not_picked":["Velvet Choker","Philosopher\u0027s Stone"],"picked":"Pandora\u0027s Box"}],"items_purged_floors":[11],"is_endless":false,"potions_floor_spawned":[1,2,14,16,18,19,20],"killed_by":"3 Cultists","ascension_level":1}}