{"host":"qbvxbacgnxuisbbe","time":1609810936,"event":{"mods":["AchievementEnabler","Alarm Clock","Ascension Unlocker","BaseMod","Block Reminder","Highlight Path","Minty Spire (QoL Compilation)","Poem Panic","Spicy Shops","StSLib","The Caster","Uncapped"],"gold_per_floor":[118,118,118,118,21,21,55,55,55,55,4,43,43,43,43,43,43],"floor_reached":16,"playtime":416,"items_purged":[],"score":204,"play_id":"054fe3e5-9aac-46b9-84d5-b1198c339ac9","local_time":"20210105014216","is_ascension_mode":true,"campfire_choices":[{"data":"caster:Susanoo","floor":6.0,"key":"SMITH"},{"data":"Panacea","floor":10.0,"key":"SMITH"},{"data":"caster:Sleet","floor":13.0,"key":"SMITH"},{"data":"caster:Sleet","floor":15.0,"key":"SMITH"}],"circlet_count":0,"master_deck":["AscendersBane","caster:strike","caster:strike","caster:strike","caster:strike","caster:defend","caster:defend","caster:defend","caster:defend","caster:Meteor","caster:DivertFocus","caster:Channeling","caster:Susanoo+1","caster:Sleet+1","Panacea+1","caster:BurnItDown","caster:Sleet+1","caster:EchoingVoice"],"relics":["caster:MagicBook","Golden Idol","Frozen Egg 2","Vajra","White Beast Statue","Girya"],"acts_visited":["Exordium"],"potions_floor_usage":[16],"damage_taken":[{"damage":4.0,"enemies":"2 Louse","floor":1.0,"turns":2.0},{"damage":18.0,"enemies":"Lagavulin","floor":7.0,"turns":7.0},{"damage":8.0,"enemies":"Gremlin Nob","floor":12.0,"turns":3.0},{"damage":14,"enemies":"Hexaghost","floor":16,"turns":4}],"seed_played":"6255298421100061582","potions_obtained":[{"floor":7.0,"key":"Fruit Juice"},{"floor":12.0,"key":"ColorlessPotion"}],"is_trial":false,"path_per_floor":["M","?","?","?","$","R","E","?","T","R","$","E","R","?","R","B"],"character_chosen":"THE_CASTER","items_purchased":["Panacea","caster:Sleet"],"campfire_rested":0,"item_purchase_floors":[5,11],"current_hp_per_floor":[50,50,50,43,43,43,30,30,30,30,30,22,22,14,14,0,0],"gold":43,"neow_bonus":"THREE_RARE_CARDS","is_daily":false,"chose_seed":false,"campfire_upgraded":4,"win_rate":0.0,"timestamp":1609810936,"path_taken":["M","?","?","?","$","R","E","?","T","R","$","E","R","?","R","BOSS"],"items_purchased_type":["Card","Card"],"build_version":"2020-12-22","purchased_purges":0,"victory":false,"max_hp_per_floor":[60,60,54,54,54,54,59,59,59,59,59,59,59,59,59,59,59],"card_choices":[{"not_picked":["caster:FreezeInHell","caster:Demi"],"picked":"caster:Susanoo","floor":0.0},{"not_picked":["caster:MagicResonance","caster:FlashFrost"],"picked":"caster:Sleet","floor":1.0},{"not_picked":["caster:Embers","caster:MagicResonance"],"picked":"caster:BurnItDown","floor":7.0},{"not_picked":["caster:WallOfSwords","caster:Grimoire+1"],"picked":"caster:EchoingVoice","floor":12.0}],"player_experience":130894,"relics_obtained":[{"floor":7.0,"key":"Frozen Egg 2"},{"floor":9.0,"key":"White Beast Statue"},{"floor":12.0,"key":"Girya"}],"event_choices":[{"damage_healed":0.0,"max_hp_gain":0.0,"max_hp_loss":0.0,"gold_gain":0.0,"event_name":"Scrap Ooze","player_choice":"Fled","floor":2.0,"gold_loss":0.0,"damage_taken":0.0},{"damage_healed":0.0,"max_hp_gain":0.0,"max_hp_loss":6.0,"gold_gain":0.0,"event_name":"Golden Idol","player_choice":"Lose Max HP","floor":3.0,"gold_loss":0.0,"damage_taken":0.0,"relics_obtained":["Golden Idol"]},{"cards_removed":["Clumsy"],"damage_healed":0.0,"max_hp_gain":0.0,"max_hp_loss":0.0,"gold_gain":0.0,"event_name":"Golden Wing","player_choice":"Card Removal","floor":4.0,"gold_loss":0.0,"damage_taken":7.0},{"damage_healed":0.0,"max_hp_gain":0.0,"max_hp_loss":0.0,"gold_gain":0.0,"event_name":"Wheel of Change","player_choice":"Damaged","floor":14.0,"gold_loss":0.0,"damage_taken":8.0}],"is_beta":false,"boss_relics":[],"items_purged_floors":[],"is_endless":false,"potions_floor_spawned":[7,12],"killed_by":"Hexaghost","ascension_level":20}}