{"host":"appz8zkad29u9482","time":1609808977,"event":{"mods":["2.2 Compatiblity","Act Like it!","Aspiration","BaseMod","Beaked The Cultist","Better Altar","Better Match","Better Note","Better Skull","Better Third Choice","BetterRewards","CapriCore","Conspire","Disable Question Mark Monsters","Energized Spire","Gensokyo","GifTheSpireLib","Gold Saver","Halation","Hermit","Hubris","Infinite Spire","Jedi Mod","Jorbs\u0027s Wanderer Trilogy","Koishi","Marisa????????","Minty Spire (QoL Compilation)","Permanent Neow","Reimu??????","Replay The Spire","Spicy Shops","StSLib","Strawberry Spire","Stuff the Spire","The Administrix","The Cursed","The Hierophant","The Immortal","The Marked","The Servant 0.9.4","yUi"],"gold_per_floor":[609,609,609,621,621,651,651,677,677,705,705,356,376,433,433,535,535,549,549,565,44,44,79,99,99,181,213,233,0,27,46,46,152,152,179,179,179,179,208,254,254],"floor_reached":40,"playtime":21618,"items_purged":[],"score":717,"play_id":"90e5ec86-4390-4396-9e11-073c0380ac3a","local_time":"20210104150937","is_ascension_mode":true,"campfire_choices":[{"data":"ReplayTheSpireMod:Calculation Training","floor":15,"key":"SMITH"},{"data":"Fission","floor":25,"key":"SMITH"}],"circlet_count":0,"master_deck":["Strike_B","Strike_B","Strike_B","Strike_B","Defend_B","Defend_B","Defend_B","Defend_B","Zap","Dualcast","Fission+1","Ball Lightning","Clumsy","Ball Lightning","Crystallizer","ReplayTheSpireMod:Calculation Training+1","Compile Driver","jedi:spotbugs","Fission+1","CurseOfTheBell","hubris:DuctTapeCard","Cold Snap+1","Fusion","jedi:reiji+1","StuffTheSpire:LoadUp","hubris:Disease","Undo+1","Chaos+1","hubris:DuctTapeCard","hubris:DuctTapeCard","hubris:DuctTapeCard","hubris:DuctTapeCard","hubris:DuctTapeCard","Spreading Infection","Hello World+1","Glacier+1","ManaRampage+1","ReplayTheSpireMod:Restless Dread","StuffTheSpire:Plugnplay+1","Wraith","Madness","Madness","Hologram+1"],"relics":["Cracked Core","Blue Doll","strawberrySpire:Icefruit","hubris:ToyBattleship","aspiration:StickyExplosives_weak","conspire:TopHat","strawberrySpire:ShipInABottle","infinitespire:Lychee Nut","Replay:Grab Bag","ReplayTheSpireMod:Onyx Gauntlets","energizedSpire:CursedPentagram","Calling Bell","infinitespire:Beetle Shell","halation:OrihimeAndHikoboshiSamaAndTears","hubris:DuctTape","FaceOfCleric","jedi:laserpointer","Geode","ReplayTheSpireMod:TigerMarble","hubris:BallOfYels","hubris:DisguiseKit","Replay:Bandana","strawberrySpire:BrokenPrinter","aspiration:RitualStick","Snecko Eye"],"acts_visited":["Exordium","TheCity","TheBeyond"],"potions_floor_usage":[10,16,23,27,33,33],"damage_taken":[{"damage":1,"enemies":"2 Louse","floor":1,"turns":3},{"damage":7,"enemies":"infinitespire:Voidling","floor":4,"turns":4},{"damage":16,"enemies":"Replay:BlueRogue","floor":6,"turns":5},{"damage":10,"enemies":"Lagavulin","floor":8,"turns":5},{"damage":17,"enemies":"strawberrySpire:EnergyPylons","floor":10,"turns":4},{"damage":0,"enemies":"Small Slimes","floor":13,"turns":2},{"damage":14,"enemies":"Lagavulin Event","floor":14,"turns":4},{"damage":21,"enemies":"Fading Forest","floor":16,"turns":11},{"damage":5,"enemies":"Spheric Guardian","floor":18,"turns":3},{"damage":13,"enemies":"2 Thieves","floor":20,"turns":2},{"damage":11,"enemies":"Slavers","floor":23,"turns":3},{"damage":13,"enemies":"3 Cultists","floor":24,"turns":3},{"damage":9,"enemies":"Book of Stabbing","floor":27,"turns":2},{"damage":6,"enemies":"Snecko","floor":28,"turns":3},{"damage":0,"enemies":"Shelled Parasite and Fungi","floor":30,"turns":2},{"damage":5,"enemies":"Cultist and Chosen","floor":31,"turns":2},{"damage":0,"enemies":"conspire:MysteriousRune","floor":33,"turns":5},{"damage":2,"enemies":"3 Shapes","floor":35,"turns":2},{"damage":0,"enemies":"Orb Walker","floor":39,"turns":3},{"damage":41,"enemies":"Nightmare","floor":40,"turns":3}],"seed_played":"-6734465252083692793","potions_obtained":[{"floor":4,"key":"LifebloodPotion"},{"floor":10,"key":"PowerPotion"},{"floor":14,"key":"jedi:coolantleak"},{"floor":18,"key":"Elixir"},{"floor":20,"key":"Weak Potion"},{"floor":31,"key":"Ancient Potion"},{"floor":39,"key":"Regen Potion"}],"is_trial":false,"path_per_floor":["M","?","?","M","?","E","R","E","T","E","?","$","M","?","R","B",null,"M","?","M","$","HB","E","M","R","T","E","M","?","M","M","R","B",null,"M","?","?","?","M","NM"],"character_chosen":"DEFECT","items_purchased":["strawberrySpire:ShipInABottle","Crystallizer","ReplayTheSpireMod:Calculation Training","Fusion","jedi:laserpointer","Geode","ReplayTheSpireMod:TigerMarble"],"campfire_rested":0,"item_purchase_floors":[12,12,12,21,21,21,21],"current_hp_per_floor":[74,75,75,75,75,59,59,49,49,32,32,32,32,24,24,23,56,51,51,42,42,29,19,12,12,12,7,7,7,11,10,3,10,36,35,35,30,30,36,0,0],"gold":254,"neow_bonus":"ONE_RANDOM_RARE_CARD","is_daily":false,"chose_seed":false,"campfire_upgraded":2,"win_rate":0.0,"timestamp":1609808977,"path_taken":["M","?","?","?","?","E","R","E","T","E","?","$","M","?","R","BOSS","M","?","M","$","HB","E","M","R","T","E","?","?","?","?","R","BOSS","M","?","?","?","M","NM"],"items_purchased_type":["Relic","Card","Card","Card","Relic","Relic","Relic"],"build_version":"2020-12-22","purchased_purges":0,"victory":false,"max_hp_per_floor":[75,75,75,75,75,75,75,75,75,75,75,75,75,56,56,56,56,56,56,57,57,29,30,31,31,31,32,33,33,34,35,35,36,36,37,37,37,37,38,38,38],"card_choices":[{"not_picked":["strawberrySpire:BlasterWyrm","strawberrySpire:ReturnNull"],"picked":"Chaos","floor":1},{"not_picked":["jedi:BurstFrost","Force Field"],"picked":"Ball Lightning","floor":4},{"not_picked":["Darkness","ReplayTheSpireMod:GoodbyeWorld"],"picked":"Ball Lightning","floor":6},{"not_picked":["Gash","StuffTheSpire:GlassShard"],"picked":"Compile Driver","floor":8},{"not_picked":["strawberrySpire:HateBit","StuffTheSpire:Plugnplay"],"picked":"Coolheaded","floor":10},{"not_picked":["StuffTheSpire:NuclearReactor","ReplayTheSpireMod:Reroute Power+1"],"picked":"Compile Driver","floor":13},{"not_picked":["Compile Driver","jedi:BurstFrost+1"],"picked":"jedi:spotbugs","floor":14},{"not_picked":["StuffTheSpire:EventHorizon+1","hubris:DoWhile"],"picked":"Fission","floor":16},{"not_picked":["Streamline+1","Steam+1"],"picked":"Cold Snap+1","floor":18},{"not_picked":["StuffTheSpire:Plugnplay+1","Force Field","Rebound+1"],"picked":"SKIP","floor":20},{"not_picked":["ReplayTheSpireMod:Repulse","Streamline+1"],"picked":"jedi:reiji+1","floor":23},{"not_picked":["Conserve Battery+1","Turbo"],"picked":"StuffTheSpire:LoadUp","floor":24},{"not_picked":["StuffTheSpire:CleanHardDrive","Go for the Eyes+1","LuminesStrike"],"picked":"Undo+1","floor":27},{"not_picked":["ReplayTheSpireMod:Fabricate Wheel+1","StuffTheSpire:Rend+1","DeepEcoloBomb"],"picked":"Chaos+1","floor":28},{"not_picked":["strawberrySpire:NeonFlight+1","jedi:BurstLightning+1","GalacticHalo+1"],"picked":"Hello World+1","floor":30},{"not_picked":["Stack","BasicCrystalCard+1","SprinkleStarSeal"],"picked":"Glacier+1","floor":31},{"not_picked":["Machine Learning","hubris:DoWhile","strawberrySpire:Gammacceleration"],"picked":"ManaRampage+1","floor":33},{"not_picked":["Turbo+1","Aggregate+1","GrandCross"],"picked":"StuffTheSpire:Plugnplay+1","floor":35},{"not_picked":["Streamline","jedi:blockon+1","ShootingEcho"],"picked":"Hologram+1","floor":39}],"player_experience":442904,"relics_obtained":[{"floor":6,"key":"Blue Doll"},{"floor":7,"key":"strawberrySpire:Icefruit"},{"floor":8,"key":"hubris:ToyBattleship"},{"floor":9,"key":"aspiration:StickyExplosives_weak"},{"floor":10,"key":"conspire:TopHat"},{"floor":17,"key":"infinitespire:Beetle Shell"},{"floor":17,"key":"halation:OrihimeAndHikoboshiSamaAndTears"},{"floor":17,"key":"hubris:DuctTape"},{"floor":23,"key":"hubris:BallOfYels"},{"floor":26,"key":"hubris:DisguiseKit"},{"floor":27,"key":"Replay:Bandana"}],"event_choices":[{"damage_healed":0,"gold_gain":0,"player_choice":"Upgraded","damage_taken":0,"max_hp_gain":0,"max_hp_loss":0,"event_name":"Upgrade Shrine","floor":3,"gold_loss":0,"cards_upgraded":["Fission"]},{"damage_healed":0,"gold_gain":0,"player_choice":"Grow","damage_taken":0,"max_hp_gain":0,"max_hp_loss":0,"event_name":"Living Wall","floor":11,"gold_loss":0,"cards_upgraded":["Chaos"]},{"damage_healed":0,"gold_gain":0,"player_choice":"Searched \u00272\u0027 times","damage_taken":0,"relics_obtained":["infinitespire:Lychee Nut"],"max_hp_gain":0,"max_hp_loss":0,"event_name":"Dead Adventurer","floor":14,"gold_loss":0},{"damage_healed":0,"gold_gain":0,"player_choice":"Trade","damage_taken":0,"relics_obtained":["FaceOfCleric"],"max_hp_gain":0,"max_hp_loss":0,"event_name":"FaceTrader","floor":19,"gold_loss":0},{"damage_healed":0,"gold_gain":0,"player_choice":"Ignored","damage_taken":0,"max_hp_gain":0,"max_hp_loss":0,"event_name":"OrinTheCat","floor":36,"gold_loss":0},{"damage_healed":0,"gold_gain":0,"player_choice":"Embrace Madness","damage_taken":5,"max_hp_gain":0,"max_hp_loss":0,"event_name":"Winding Halls","floor":37,"gold_loss":0,"cards_obtained":["Madness","Madness"]},{"cards_removed":["Compile Driver"],"damage_healed":0,"gold_gain":0,"player_choice":"Removed Attack","damage_taken":0,"max_hp_gain":0,"max_hp_loss":0,"event_name":"Falling","floor":38,"gold_loss":0}],"is_beta":false,"boss_relics":[{"not_picked":["jedi:battlestandard","energizedSpire:HugeHouse"],"picked":"Replay:Grab Bag"},{"not_picked":["Abe\u0027s Treasure","conspire:RoyalGoblet"],"picked":"ReplayTheSpireMod:Onyx Gauntlets"},{"not_picked":["halation:IncompleteEncyclopedia","hubris:CrackedHourglass"],"picked":"energizedSpire:CursedPentagram"},{"not_picked":["Astrolabe","Inserter"],"picked":"Calling Bell"},{"not_picked":["Runic Pyramid","Busted Crown"],"picked":"Snecko Eye"}],"items_purged_floors":[],"is_endless":false,"potions_floor_spawned":[4,10,14,18,20,31,39],"killed_by":"Nightmare","ascension_level":1}}