{"host":"7m635teefjn47zxe","time":1609861356,"event":{"mods":["BaseMod","Colored Map","Minty Spire (QoL Compilation)","Permanent Neow","Relic Stats","StSLib","everything is the same but u backflip on backflip"],"gold_per_floor":[113,133,147,147,147,180,180,212,236,236,268,268,268,297,297,395,395,415,427,427,437,454,454,483,408,408,26,46,46,46,79,79,174,174,190,207,226,237,252,252,284,284,284,106,135,135,147,172,172,172,172,172,47,76,76],"floor_reached":56,"playtime":2047,"items_purged":["Clash","Strike_R"],"score":1648,"play_id":"1c8044fd-b6f7-44fa-9cd0-61e4524752cd","local_time":"20210105164236","is_ascension_mode":true,"campfire_choices":[{"data":"Inflame","floor":7,"key":"SMITH"},{"floor":10,"key":"REST"},{"data":"Clothesline","floor":12,"key":"SMITH"},{"data":"Shrug It Off","floor":15,"key":"SMITH"},{"data":"Demon Form","floor":23,"key":"SMITH"},{"data":"1","floor":30,"key":"LIFT"},{"data":"2","floor":32,"key":"LIFT"},{"floor":40,"key":"RECALL"},{"data":"3","floor":42,"key":"LIFT"},{"data":"Offering","floor":49,"key":"SMITH"},{"data":"Flame Barrier","floor":52,"key":"SMITH"}],"circlet_count":0,"master_deck":["Strike_R","Strike_R","Defend_R+1","Defend_R","Defend_R","Bash","Reaper","Shrug It Off+1","Clothesline+1","Inflame+1","Whirlwind","Shrug It Off+1","Rampage","Demon Form+1","Heavy Blade+1","Necronomicurse","Disarm","Clothesline+1","Offering+1","Sword Boomerang+1","Sword Boomerang+1","Uppercut+1","Bludgeon","Flame Barrier+1","Offering"],"relics":["Burning Blood","Nunchaku","Pen Nib","Lantern","Torii","Eternal Feather","Snecko Eye","Necronomicon","Vajra","Meat on the Bone","Membership Card","Girya","PreservedInsect","Bag of Preparation","Shuriken","Empty Cage","Bottled Tornado","Bag of Marbles","Sundial","Kunai","HornCleat","Oddly Smooth Stone"],"acts_visited":["Exordium","TheCity","TheBeyond","TheEnding"],"potions_floor_usage":[8,47,55,55,55],"damage_taken":[{"damage":10,"enemies":"Cultist","floor":1,"turns":5},{"damage":8,"enemies":"2 Louse","floor":2,"turns":5},{"damage":8,"enemies":"Small Slimes","floor":3,"turns":4},{"damage":27,"enemies":"Lagavulin","floor":6,"turns":9},{"damage":32,"enemies":"3 Sentries","floor":8,"turns":8},{"damage":23,"enemies":"Gremlin Nob","floor":11,"turns":4},{"damage":12,"enemies":"3 Sentries","floor":14,"turns":7},{"damage":32,"enemies":"Hexaghost","floor":16,"turns":13},{"damage":7,"enemies":"Shell Parasite","floor":18,"turns":4},{"damage":2,"enemies":"Chosen","floor":19,"turns":3},{"damage":8,"enemies":"Snecko","floor":21,"turns":3},{"damage":12,"enemies":"Centurion and Healer","floor":22,"turns":5},{"damage":15,"enemies":"Slavers","floor":24,"turns":2},{"damage":0,"enemies":"Sentry and Sphere","floor":28,"turns":2},{"damage":0,"enemies":"Gremlin Leader","floor":31,"turns":2},{"damage":21,"enemies":"Champ","floor":33,"turns":4},{"damage":1,"enemies":"Orb Walker","floor":35,"turns":2},{"damage":6,"enemies":"3 Darklings","floor":36,"turns":2},{"damage":6,"enemies":"Transient","floor":37,"turns":5},{"damage":6,"enemies":"Sphere and 2 Shapes","floor":38,"turns":2},{"damage":6,"enemies":"Jaw Worm Horde","floor":39,"turns":1},{"damage":6,"enemies":"Reptomancer","floor":41,"turns":2},{"damage":19,"enemies":"Giant Head","floor":45,"turns":3},{"damage":7,"enemies":"3 Darklings","floor":47,"turns":2},{"damage":53,"enemies":"Nemesis","floor":48,"turns":3},{"damage":64,"enemies":"Awakened One","floor":50,"turns":4},{"damage":6,"enemies":"Shield and Spear","floor":54,"turns":2},{"damage":44,"enemies":"The Heart","floor":55,"turns":6}],"seed_played":"624120845887368165","potions_obtained":[{"floor":3,"key":"DuplicationPotion"},{"floor":14,"key":"Regen Potion"},{"floor":19,"key":"LiquidMemories"},{"floor":21,"key":"Swift Potion"},{"floor":28,"key":"Explosive Potion"},{"floor":36,"key":"EssenceOfSteel"},{"floor":46,"key":"Block Potion"},{"floor":47,"key":"AttackPotion"}],"is_trial":false,"path_per_floor":["M","M","M","?","?","E","R","E","T","R","E","R","?","E","R","B",null,"M","M","?","M","M","R","E","$","T","$","M","?","R","E","R","B",null,"M","M","M","M","M","R","E","R","T","$","E","?","M","E","R","B",null,"R","$","E","B",null],"character_chosen":"IRONCLAD","items_purchased":["Membership Card","Girya","PreservedInsect","Bag of Marbles","Fruit Juice","HornCleat"],"campfire_rested":1,"item_purchase_floors":[27,27,27,44,44,53],"current_hp_per_floor":[68,72,72,65,51,33,33,31,31,52,42,42,66,67,72,46,66,71,72,56,54,72,72,63,63,63,63,69,69,72,72,72,72,72,72,72,72,72,72,72,72,72,72,72,59,59,77,55,67,21,63,75,75,77,51],"gold":76,"neow_bonus":"THREE_RARE_CARDS","is_daily":false,"chose_seed":false,"campfire_upgraded":6,"win_rate":0.0,"timestamp":1609861356,"path_taken":["M","?","M","?","?","E","R","E","T","R","E","R","?","E","R","BOSS","M","M","?","M","M","R","E","$","T","$","M","?","R","E","R","BOSS","M","M","?","M","M","R","E","R","T","$","E","?","?","E","R","BOSS","R","$","E","BOSS"],"items_purchased_type":["Relic","Relic","Relic","Relic","Potion","Relic"],"build_version":"2020-12-22","purchased_purges":2,"victory":true,"max_hp_per_floor":[72,72,72,72,72,72,72,72,72,72,72,72,72,72,72,72,72,72,72,72,72,72,72,72,72,72,72,72,72,72,72,72,72,72,72,72,72,72,72,72,72,72,72,72,72,72,77,77,77,77,77,77,77,77,77],"relic_stats":{"Torii":33,"counters":[28,114],"Eternal Feather":32,"Pen Nib":[20],"PreservedInsect":347,"Bag of Preparation":[28],"Burning Blood":116,"Nunchaku":[21],"Shuriken":[25],"Sundial":[2],"Snecko Eye":[133,94,110,111],"Necronomicon":[34],"Kunai":[8],"obtain_stats":[{"Girya":27,"Lantern":9,"Torii":11,"Vajra":24,"Oddly Smooth Stone":54,"Eternal Feather":14,"Pen Nib":8,"PreservedInsect":27,"Bag of Preparation":29,"Bottled Tornado":41,"Empty Cage":34,"Burning Blood":0,"Nunchaku":6,"HornCleat":53,"Shuriken":31,"Sundial":45,"Snecko Eye":17,"Necronomicon":20,"Bag of Marbles":44,"Membership Card":27,"Kunai":48,"Meat on the Bone":26},{"Girya":13,"Lantern":5,"Torii":6,"Vajra":13,"Oddly Smooth Stone":27,"Eternal Feather":7,"Pen Nib":5,"PreservedInsect":13,"Bag of Preparation":14,"Bottled Tornado":22,"Empty Cage":16,"Burning Blood":0,"Nunchaku":4,"HornCleat":26,"Shuriken":15,"Sundial":23,"Snecko Eye":8,"Necronomicon":10,"Bag of Marbles":22,"Membership Card":13,"Kunai":25,"Meat on the Bone":13},{"Girya":72,"Lantern":31,"Torii":35,"Vajra":72,"Oddly Smooth Stone":108,"Eternal Feather":42,"Pen Nib":31,"PreservedInsect":72,"Bag of Preparation":74,"Bottled Tornado":94,"Empty Cage":80,"Burning Blood":0,"Nunchaku":23,"HornCleat":106,"Shuriken":76,"Sundial":97,"Snecko Eye":55,"Necronomicon":62,"Bag of Marbles":94,"Membership Card":72,"Kunai":102,"Meat on the Bone":72}],"Meat on the Bone":24},"card_choices":[{"not_picked":["Juggernaut","Fiend Fire"],"picked":"Reaper","floor":0},{"not_picked":["Pommel Strike","Feel No Pain"],"picked":"Shrug It Off","floor":1},{"not_picked":["Body Slam","Warcry"],"picked":"Clash","floor":2},{"not_picked":["Ghostly Armor","Thunderclap"],"picked":"Clothesline","floor":3},{"not_picked":["Seeing Red","Headbutt"],"picked":"Inflame","floor":6},{"not_picked":["Second Wind","Seeing Red"],"picked":"Whirlwind","floor":8},{"not_picked":["Pummel","Entrench"],"picked":"Shrug It Off","floor":11},{"not_picked":["Anger","Perfected Strike"],"picked":"Rampage","floor":14},{"not_picked":["Corruption","Bludgeon"],"picked":"Demon Form","floor":16},{"not_picked":["Clothesline","Sever Soul"],"picked":"Heavy Blade+1","floor":18},{"not_picked":["Ghostly Armor+1","Iron Wave","Pommel Strike"],"picked":"SKIP","floor":19},{"not_picked":["Hemokinesis+1","Iron Wave+1"],"picked":"Disarm","floor":21},{"not_picked":["Anger+1","Perfected Strike","Armaments"],"picked":"SKIP","floor":22},{"not_picked":["Power Through+1","Headbutt"],"picked":"Clothesline+1","floor":24},{"not_picked":["Armaments","Warcry"],"picked":"Offering","floor":28},{"not_picked":["Entrench","True Grit","Evolve"],"picked":"SKIP","floor":31},{"not_picked":["Perfected Strike+1","Thunderclap+1","Armaments+1"],"picked":"SKIP","floor":35},{"not_picked":["Iron Wave","Body Slam","Cleave+1"],"picked":"SKIP","floor":36},{"not_picked":["Cleave","Pummel","Battle Trance+1"],"picked":"SKIP","floor":37},{"not_picked":["Disarm+1","Pommel Strike+1"],"picked":"Sword Boomerang+1","floor":38},{"not_picked":["Rampage+1","Wild Strike+1"],"picked":"Sword Boomerang+1","floor":39},{"not_picked":["Iron Wave+1","Dual Wield","Twin Strike+1"],"picked":"SKIP","floor":41},{"not_picked":["Shockwave","Perfected Strike"],"picked":"Uppercut+1","floor":45},{"not_picked":["Seeing Red+1","Clothesline+1"],"picked":"Bludgeon","floor":47},{"not_picked":["Carnage+1","Infernal Blade+1"],"picked":"Flame Barrier","floor":48},{"not_picked":["Thunderclap+1","Ghostly Armor"],"picked":"Offering","floor":54}],"player_experience":171030,"relics_obtained":[{"floor":6,"key":"Nunchaku"},{"floor":8,"key":"Pen Nib"},{"floor":9,"key":"Lantern"},{"floor":11,"key":"Torii"},{"floor":14,"key":"Eternal Feather"},{"floor":20,"key":"Necronomicon"},{"floor":24,"key":"Vajra"},{"floor":26,"key":"Meat on the Bone"},{"floor":31,"key":"Shuriken"},{"floor":41,"key":"Bottled Tornado"},{"floor":45,"key":"Sundial"},{"floor":48,"key":"Kunai"},{"floor":54,"key":"Oddly Smooth Stone"}],"event_choices":[{"cards_removed":["Strike_R"],"damage_healed":0,"gold_gain":0,"player_choice":"Card Removal","damage_taken":7,"max_hp_gain":0,"max_hp_loss":0,"event_name":"Golden Wing","floor":4,"gold_loss":0},{"damage_healed":0,"gold_gain":0,"player_choice":"Entered Light","damage_taken":14,"max_hp_gain":0,"max_hp_loss":0,"event_name":"Shining Light","floor":5,"gold_loss":0,"cards_upgraded":["Defend_R","Shrug It Off"]},{"damage_healed":24,"gold_gain":0,"player_choice":"Banana","damage_taken":0,"max_hp_gain":0,"max_hp_loss":0,"event_name":"Big Fish","floor":13,"gold_loss":0},{"damage_healed":0,"gold_gain":0,"player_choice":"Obtained Book","damage_taken":16,"max_hp_gain":0,"max_hp_loss":0,"event_name":"Cursed Tome","floor":20,"gold_loss":0},{"damage_healed":0,"gold_gain":0,"player_choice":"Gave Potion","damage_taken":0,"relics_obtained":["Bag of Preparation"],"max_hp_gain":0,"max_hp_loss":0,"event_name":"WeMeetAgain","floor":29,"gold_loss":0},{"damage_healed":0,"gold_gain":0,"player_choice":"Got Potions","damage_taken":0,"max_hp_gain":0,"max_hp_loss":0,"event_name":"Lab","floor":46,"gold_loss":0}],"is_beta":false,"boss_relics":[{"not_picked":["Tiny House","SacredBark"],"picked":"Snecko Eye"},{"not_picked":["Runic Dome","Philosopher\u0027s Stone"],"picked":"Empty Cage"}],"items_purged_floors":[25,44],"is_endless":false,"potions_floor_spawned":[3,14,19,21,28,36,39,41,47,48,54],"ascension_level":5}}