{"host":"6jxiafzta1a1kcvk","time":1609835604,"event":{"mods":["Act Like it!","BaseMod","Conspire","Hubris","Jorbs\u0027s Wanderer Trilogy","Minty Spire (QoL Compilation)","Replay The Spire","SIMod","Spicy Shops","StSLib","SuperFastMode","The Hayseed","The Mystic","vexMod"],"gold_per_floor":[118,118,118,133,147,182,199,199,224,224,124,144,144,154,154,249,249,267,283,283,283],"floor_reached":20,"playtime":1112,"items_purged":["Strike_TS","Defend_TS"],"score":235,"play_id":"ee8a87fe-5d8c-43a4-b291-4dad13fe8f89","local_time":"20210105163324","is_ascension_mode":false,"campfire_choices":[{"floor":8,"key":"REST"},{"floor":10,"key":"REST"},{"floor":15,"key":"REST"}],"circlet_count":0,"master_deck":["Strike_AJ","Strike_RR","Strike_RD","Defend_PP","Defend_FS","Defend_AJ","ConcertedEfforts","HarmonyShield","Return_To_Past","Tornado","Charge","TasteRainbow","LoveMe","mysticmod:Shield","SwiftKick","AllByMyself","mysticmod:Natural20","mysticmod:Grapple","ThrowingApples","ServeMeal","Magic","MirrorLake","MessyAndOrderly","Boundary+1","Smile","AppleFeast"],"relics":["The_element_of_harmony","NeowsBlessing","hubris:DisguiseKit","Spirit Poop","Smiling Mask","MealTicket","hubris:ScarierMask"],"acts_visited":["Exordium","TheCity"],"potions_floor_usage":[13,20,20],"damage_taken":[{"damage":0,"enemies":"Cultist","floor":1,"turns":1},{"damage":0,"enemies":"conspire:RoseBush","floor":4,"turns":1},{"damage":0,"enemies":"Jaw Worm","floor":5,"turns":1},{"damage":45,"enemies":"Replay:BlueRogue","floor":6,"turns":11},{"damage":8,"enemies":"Lots of Slimes","floor":7,"turns":2},{"damage":8,"enemies":"Exordium Thugs","floor":12,"turns":5},{"damage":26,"enemies":"Gremlin Nob","floor":13,"turns":5},{"damage":16,"enemies":"Blue Slaver","floor":14,"turns":4},{"damage":58,"enemies":"Slime Boss","floor":16,"turns":13},{"damage":94,"enemies":"Chosen","floor":18,"turns":12},{"damage":17,"enemies":"3 Byrds","floor":19,"turns":5},{"damage":36,"enemies":"Snecko","floor":20,"turns":4}],"seed_played":"9130383140369948712","potions_obtained":[{"floor":4,"key":"PowerPotion"},{"floor":5,"key":"SkillPotion"},{"floor":6,"key":"Regen Potion"},{"floor":18,"key":"SmokeBomb"}],"is_trial":false,"path_per_floor":["M","?","?","M","M","E","M","R","T","R","$","M","E","M","R","B",null,"M","M","M"],"character_chosen":"TWI_CLASS","items_purchased":[],"campfire_rested":3,"item_purchase_floors":[],"current_hp_per_floor":[82,82,82,82,82,37,29,53,53,77,77,69,52,36,60,2,82,35,18,0,0],"gold":283,"neow_bonus":"THREE_ENEMY_KILL","is_daily":false,"chose_seed":false,"campfire_upgraded":0,"win_rate":0.0,"timestamp":1609835604,"path_taken":["M","?","?","?","M","E","?","R","T","R","?","M","E","?","R","BOSS","M","M","M"],"items_purchased_type":[],"build_version":"2020-12-22","purchased_purges":2,"victory":false,"max_hp_per_floor":[82,82,82,82,82,82,82,82,82,82,82,82,82,82,82,82,82,82,82,164,164],"card_choices":[{"not_picked":["Whining"],"picked":"Return_To_Past","floor":1},{"not_picked":["Dear_Princess","ThrowingApples"],"picked":"SKIP","floor":1},{"not_picked":["AppleFever","mysticmod:Grease"],"picked":"Tornado","floor":4},{"not_picked":["BehindTheScene","mysticmod:Alacrity"],"picked":"Charge","floor":4},{"not_picked":["CleanLibrary","mysticmod:BulkUp"],"picked":"TasteRainbow","floor":5},{"not_picked":["PartyTime","HideCarefully","mysticmod:Grease"],"picked":"SKIP","floor":5},{"not_picked":["Return_To_Past","mysticmod:MightyMagic"],"picked":"LoveMe","floor":6},{"not_picked":["TenInstruments","Whining"],"picked":"mysticmod:Shield","floor":6},{"not_picked":["Louder","mysticmod:Probe"],"picked":"SwiftKick","floor":7},{"not_picked":["Boundary","mysticmod:RapidCaster"],"picked":"AllByMyself","floor":7},{"not_picked":["HideCarefully","Whining"],"picked":"mysticmod:Natural20","floor":12},{"not_picked":["DynamicVision","HideCarefully","mysticmod:Disengage"],"picked":"SKIP","floor":12},{"not_picked":["TasteRainbow","FriendshipIsMagic"],"picked":"mysticmod:Grapple","floor":13},{"not_picked":["ReinventMyself","mysticmod:ComponentsPouch"],"picked":"ThrowingApples","floor":13},{"not_picked":["Whining","mysticmod:Snowball"],"picked":"ServeMeal","floor":14},{"not_picked":["BatchProduction","mysticmod:SuddenClarity"],"picked":"Magic","floor":14},{"not_picked":["Overwhelming","mysticmod:GreaterInvisibility"],"picked":"MirrorLake","floor":16},{"not_picked":["PartyCana","mysticmod:ObscuringMist"],"picked":"MessyAndOrderly","floor":16},{"not_picked":["Anxiousness","mysticmod:IllusionOfCalm"],"picked":"Boundary+1","floor":18},{"not_picked":["ReinventMyself+1","mysticmod:Disengage"],"picked":"Smile","floor":18},{"not_picked":["ISayNo","mysticmod:IllusionOfCalm"],"picked":"AppleFeast","floor":19},{"not_picked":["AppleFeast","TwentyPercentcooler","mysticmod:LightningBolt"],"picked":"SKIP","floor":19}],"player_experience":60395,"relics_obtained":[{"floor":6,"key":"Smiling Mask"},{"floor":13,"key":"MealTicket"}],"event_choices":[{"cards_removed":["hubris:Disease"],"damage_healed":0,"gold_gain":0,"player_choice":"Offered Curse","damage_taken":0,"relics_obtained":["Spirit Poop"],"max_hp_gain":0,"max_hp_loss":0,"event_name":"Bonfire Elementals","floor":3,"gold_loss":0}],"is_beta":false,"boss_relics":[{"not_picked":["Replay:Bronze Core","Fusion Hammer"],"picked":"hubris:ScarierMask"}],"items_purged_floors":[11,11],"is_endless":false,"potions_floor_spawned":[4,5,6,7,18,19],"killed_by":"Snecko","ascension_level":0}}