{"host":"rz01j32460kf2mtw","time":1609814997,"event":{"mods":["BaseMod","Downfall","Minty Spire (QoL Compilation)","Quick Restart","StSLib"],"gold_per_floor":[99,116,133,133,133,153,153,153,180,192,224,237,387,62,82,82,82],"floor_reached":16,"playtime":974,"items_purged":["Regret"],"score":137,"play_id":"51195270-3b05-4a18-8b4a-655cb8c1dd10","local_time":"20210104194957","is_ascension_mode":false,"campfire_choices":[{"data":"sneckomod:TailWhip","floor":1,"key":"SMITH"}],"circlet_count":0,"master_deck":["sneckomod:Strike","sneckomod:Strike","sneckomod:Defend","sneckomod:Defend","sneckomod:Defend","sneckomod:TailWhip+1","sneckomod:SnekBite","sneckomod:Unknown","sneckomod:Unknown","sneckomod:Unknown1Cost","hexamod:ThirdSeal","sneckomod:UnknownDraw","sneckomod:TailWhip+1","sneckomod:UnknownStrike","sneckomod:UnendingSupply","sneckomod:UnknownVulnerable","sneckomod:SerpentMind","sneckomod:SnekBeam","sneckomod:Unknown2Cost","sneckomod:UnknownRarePower","downfall:Icky","sneckomod:SlitherStrike","sneckomod:WideSting","sneckomod:UnknownUncommonPower","sneckomod:UnknownVulnerable"],"relics":["sneckomod:SneckoSoul","White Beast Statue","InkBottle","Pocketwatch","Oddly Smooth Stone","HandDrill"],"acts_visited":["Exordium"],"potions_floor_usage":[10,11,11,16,16,16,16,16,16],"damage_taken":[{"damage":0,"enemies":"Cultist","floor":2,"turns":3},{"damage":10,"enemies":"Small Slimes","floor":3,"turns":4},{"damage":0,"enemies":"2 Louse","floor":6,"turns":2},{"damage":14,"enemies":"Lagavulin","floor":9,"turns":5},{"damage":9,"enemies":"Blue Slaver","floor":10,"turns":2},{"damage":17,"enemies":"Gremlin Nob","floor":11,"turns":4},{"damage":17,"enemies":"Exordium Wildlife","floor":12,"turns":4},{"damage":6,"enemies":"downfall:FleeingMerchant","floor":14,"turns":4},{"damage":6,"enemies":"Blue Slaver","floor":15,"turns":3},{"damage":42,"enemies":"ArchetypeAct1Statuses","floor":16,"turns":4}],"seed_played":"884363023129979339","potions_obtained":[{"floor":2,"key":"Explosive Potion"},{"floor":6,"key":"Weak Potion"},{"floor":9,"key":"PowerPotion"},{"floor":10,"key":"sneckomod:OffclassReductionPotion"},{"floor":11,"key":"DuplicationPotion"},{"floor":12,"key":"bronze:BurnAndBuffPotion"},{"floor":15,"key":"EntropicBrew"}],"is_trial":false,"path_per_floor":["R","M","M","?","?","M","T","?","E","M","E","M","?","$","M","B"],"character_chosen":"THE_SNECKO","items_purchased":["sneckomod:UnknownUncommonPower","HandDrill"],"campfire_rested":0,"item_purchase_floors":[14,14],"current_hp_per_floor":[99,100,91,91,91,92,92,92,79,70,53,38,38,33,28,0,0],"gold":82,"neow_bonus":"TEN_PERCENT_HP_BONUS","is_daily":false,"chose_seed":false,"campfire_upgraded":1,"win_rate":0.0,"timestamp":1609814997,"path_taken":["R","M","M","?","?","?","T","?","E","M","E","M","?","?","M","BOSS"],"items_purchased_type":["Card","Relic"],"build_version":"2020-12-22","purchased_purges":1,"victory":false,"max_hp_per_floor":[99,100,101,101,101,102,102,102,103,103,103,105,105,106,107,107,107],"card_choices":[{"not_picked":["sneckomod:DefensiveFlair","sneckomod:SoulRoll"],"picked":"sneckomod:Unknown1Cost","floor":2},{"not_picked":["hexamod:FourthSeal","hexamod:SecondSeal"],"picked":"hexamod:ThirdSeal","floor":3},{"not_picked":["sneckomod:UnknownExhaust","sneckomod:DiceCrush"],"picked":"sneckomod:UnknownDraw","floor":3},{"not_picked":["sneckomod:SoulRoll","sneckomod:UnknownBlock"],"picked":"sneckomod:UnknownStrike","floor":6},{"not_picked":["sneckomod:DangerNoodle","sneckomod:Unknown1Cost"],"picked":"sneckomod:UnendingSupply","floor":9},{"not_picked":["sneckomod:UnknownStrike","sneckomod:SoulDraw"],"picked":"sneckomod:UnknownVulnerable","floor":9},{"not_picked":["sneckomod:UnknownExhaust","sneckomod:IronFang"],"picked":"sneckomod:SerpentMind","floor":10},{"not_picked":["sneckomod:SoulDraw","sneckomod:ImprovisedGuard"],"picked":"sneckomod:SnekBeam","floor":10},{"not_picked":["sneckomod:SoulDraw","sneckomod:DiceCrush","sneckomod:MasterEye"],"picked":"SKIP","floor":11},{"not_picked":["sneckomod:SoulDraw","sneckomod:UnknownExhaust"],"picked":"sneckomod:Unknown2Cost","floor":12},{"not_picked":["sneckomod:UnknownCommonSkill","sneckomod:DiceCrush"],"picked":"sneckomod:UnknownRarePower","floor":12},{"not_picked":["sneckomod:IronFang","sneckomod:UnknownWeak"],"picked":"sneckomod:SlitherStrike","floor":14},{"not_picked":["sneckomod:Unknown1Cost","sneckomod:QuickMove"],"picked":"sneckomod:WideSting","floor":14},{"not_picked":["sneckomod:UnknownUncommonAttack","sneckomod:Unknown2Cost"],"picked":"sneckomod:UnknownVulnerable","floor":15},{"not_picked":["sneckomod:QuickMove","sneckomod:UnknownDraw","sneckomod:IronFang"],"picked":"SKIP","floor":15}],"player_experience":869428,"relics_obtained":[{"floor":7,"key":"InkBottle"},{"floor":9,"key":"Pocketwatch"},{"floor":11,"key":"Oddly Smooth Stone"}],"event_choices":[{"damage_healed":0,"gold_gain":0,"player_choice":"Box","damage_taken":0,"relics_obtained":["White Beast Statue"],"max_hp_gain":0,"max_hp_loss":0,"event_name":"Big Fish","floor":4,"gold_loss":0,"cards_obtained":["Regret"]}],"is_beta":false,"boss_relics":[],"items_purged_floors":[14],"is_endless":false,"potions_floor_spawned":[2,6,9,10,11,12,14,15],"killed_by":"ArchetypeAct1Statuses","ascension_level":0}}