{"host":"c7yluuzpqlymemjk","time":1609814727,"event":{"mods":["BaseMod","Colored Map","GifTheSpireLib","Minty Spire (QoL Compilation)","Relic Stats","StSLib","slay the spire mod where everything is the same but ironclad has a cowboy hat"],"gold_per_floor":[115,115,115,65,240,240,272,286,286,304,337,356,372,391,391,391,391],"floor_reached":16,"playtime":1009,"items_purged":[],"score":151,"play_id":"fd9a7c11-e816-46ba-a95c-a9d32cff4a91","local_time":"20210104184527","is_ascension_mode":true,"campfire_choices":[{"data":"Neutralize","floor":6,"key":"SMITH"},{"floor":15,"key":"RECALL"}],"circlet_count":0,"master_deck":["Strike_G","Strike_G","Strike_G","Strike_G","Defend_G","Defend_G","Defend_G","Defend_G","Defend_G","Survivor","Neutralize+1","Dagger Spray","Doubt","PiercingWail","Sucker Punch","Well Laid Plans","Underhanded Strike","Escape Plan","Sucker Punch","Backflip"],"relics":["Ring of the Snake","NeowsBlessing","HornCleat","Paper Crane","PreservedInsect","Torii"],"acts_visited":["Exordium"],"potions_floor_usage":[13,16,16],"damage_taken":[{"damage":0,"enemies":"Cultist","floor":1,"turns":1},{"damage":0,"enemies":"Gremlin Nob","floor":7,"turns":1},{"damage":0,"enemies":"Small Slimes","floor":8,"turns":1},{"damage":0,"enemies":"Jaw Worm","floor":10,"turns":8},{"damage":31,"enemies":"Lagavulin","floor":11,"turns":17},{"damage":1,"enemies":"2 Fungi Beasts","floor":12,"turns":5},{"damage":1,"enemies":"Exordium Wildlife","floor":13,"turns":5},{"damage":1,"enemies":"Red Slaver","floor":14,"turns":3},{"damage":47,"enemies":"Slime Boss","floor":16,"turns":14}],"seed_played":"-111253352264783334","potions_obtained":[{"floor":7,"key":"Regen Potion"},{"floor":11,"key":"Fire Potion"},{"floor":14,"key":"AttackPotion"}],"is_trial":false,"path_per_floor":["M","?","?","?","?","R","E","M","T","M","E","M","M","M","R","B"],"character_chosen":"THE_SILENT","items_purchased":[],"campfire_rested":0,"item_purchase_floors":[],"current_hp_per_floor":[70,63,63,63,63,63,63,63,63,63,32,31,30,29,29,0,0],"gold":391,"neow_bonus":"THREE_ENEMY_KILL","is_daily":false,"chose_seed":false,"campfire_upgraded":1,"win_rate":0.0,"timestamp":1609814727,"path_taken":["M","?","?","?","?","R","E","M","T","?","E","M","M","M","R","BOSS"],"items_purchased_type":[],"build_version":"2020-12-22","purchased_purges":0,"victory":false,"max_hp_per_floor":[70,70,70,70,70,70,70,70,70,70,70,70,70,70,70,70,70],"relic_stats":{"Torii":14,"counters":[9,55],"PreservedInsect":35,"obtain_stats":[{"HornCleat":3,"NeowsBlessing":0,"Torii":11,"PreservedInsect":9,"Paper Crane":7,"Ring of the Snake":0},{"HornCleat":1,"NeowsBlessing":0,"Torii":5,"PreservedInsect":3,"Paper Crane":2,"Ring of the Snake":0},{"HornCleat":1,"NeowsBlessing":0,"Torii":28,"PreservedInsect":3,"Paper Crane":2,"Ring of the Snake":0}],"Ring of the Snake":[18]},"card_choices":[{"not_picked":["Slice","Outmaneuver"],"picked":"Dagger Spray","floor":1},{"not_picked":["Tools of the Trade","Dagger Spray"],"picked":"PiercingWail","floor":7},{"not_picked":["Flechettes","Outmaneuver"],"picked":"Sucker Punch","floor":8},{"not_picked":["Tactician","Acrobatics"],"picked":"Well Laid Plans","floor":10},{"not_picked":["Choke","Storm of Steel"],"picked":"Underhanded Strike","floor":11},{"not_picked":["Calculated Gamble","Cloak And Dagger"],"picked":"Escape Plan","floor":12},{"not_picked":["Deadly Poison","Choke"],"picked":"Sucker Punch","floor":13},{"not_picked":["Calculated Gamble","Cloak And Dagger"],"picked":"Backflip","floor":14}],"player_experience":336744,"relics_obtained":[{"floor":7,"key":"Paper Crane"},{"floor":9,"key":"PreservedInsect"},{"floor":11,"key":"Torii"}],"event_choices":[{"cards_removed":["Strike_G"],"damage_healed":0,"gold_gain":0,"player_choice":"Card Removal","damage_taken":7,"max_hp_gain":0,"max_hp_loss":0,"event_name":"Golden Wing","floor":2,"gold_loss":0},{"damage_healed":0,"gold_gain":0,"player_choice":"Box","damage_taken":0,"relics_obtained":["HornCleat"],"max_hp_gain":0,"max_hp_loss":0,"event_name":"Big Fish","floor":3,"gold_loss":0,"cards_obtained":["Regret"]},{"cards_removed":["Regret"],"damage_healed":0,"gold_gain":0,"player_choice":"Card Removal","damage_taken":0,"max_hp_gain":0,"max_hp_loss":0,"event_name":"The Cleric","floor":4,"gold_loss":50},{"damage_healed":0,"gold_gain":175,"player_choice":"AGREE","damage_taken":0,"max_hp_gain":0,"max_hp_loss":0,"event_name":"Liars Game","floor":5,"gold_loss":0,"cards_obtained":["Doubt"]}],"is_beta":false,"boss_relics":[],"items_purged_floors":[],"is_endless":false,"potions_floor_spawned":[7,11,14],"killed_by":"Slime Boss","ascension_level":2}}