{"host":"8hy8aczuekhxmmq8","time":1609837798,"event":{"mods":["Act Like it!","BaseMod","Colored Map","Colored Powertips","DeckTracker","Gensokyo","Koishi","Minty Spire (QoL Compilation)","Quick Restart","StSLib","SuperFastMode"],"gold_per_floor":[115,115,141,168,98,42,42,75,125,151,151,162,162,22,22,22,22],"floor_reached":16,"playtime":259,"items_purged":[],"score":238,"play_id":"ac1d4efc-6a73-4f9c-8f66-07abba3861b9","local_time":"20210105180958","is_ascension_mode":true,"campfire_choices":[{"data":"Koishi:BramblyRoseGarden","floor":7,"key":"SMITH"},{"data":"Koishi:ReflexRadar","floor":11,"key":"SMITH"},{"data":"Koishi:SpiritedAway","floor":13,"key":"SMITH"},{"data":"Koishi:Provoke","floor":15,"key":"SMITH"}],"circlet_count":0,"master_deck":["AscendersBane","Koishi:BasicStrike","Koishi:BasicStrike","Koishi:BasicStrike+1","Koishi:BasicStrike","Koishi:BasicDefend","Koishi:BasicDefend","Koishi:BasicDefend+1","Koishi:BasicDefend","Koishi:Provoke+1","Koishi:HauntingSlash+1","Koishi:BramblyRoseGarden+1","Koishi:FreudianInstinct+1","Koishi:SpiritedAway+1","Koishi:ReflexRadar+1"],"relics":["Koishi:ImaginaryFriend","NeowsBlessing","Boot","Ancient Tea Set","Whetstone","MealTicket","HornCleat","Lizard Tail"],"acts_visited":["Exordium"],"potions_floor_usage":[],"damage_taken":[{"damage":0,"enemies":"Gensokyo:Gryphon","floor":1,"turns":2},{"damage":0,"enemies":"Gensokyo:Mamizou","floor":8,"turns":3},{"damage":4,"enemies":"Gensokyo:Cirno","floor":10,"turns":2},{"damage":0,"enemies":"Gensokyo:3_Fairies","floor":12,"turns":4},{"damage":40,"enemies":"Gensokyo:Kokoro","floor":16,"turns":10}],"seed_played":"9176785487808682030","potions_obtained":[{"floor":8,"key":"Energy Potion"},{"floor":10,"key":"Explosive Potion"}],"is_trial":false,"path_per_floor":["M","?","T","T","?","$","R","E","T","E","R","M","R","?","R","B"],"character_chosen":"KOISHI","items_purchased":["Koishi:ReflexRadar"],"campfire_rested":0,"item_purchase_floors":[6],"current_hp_per_floor":[51,51,51,51,51,51,51,51,51,47,47,47,47,47,47,7,7],"gold":22,"neow_bonus":"THREE_ENEMY_KILL","is_daily":false,"chose_seed":false,"campfire_upgraded":4,"win_rate":0.0,"timestamp":1609837798,"path_taken":["M","?","?","?","?","$","R","E","T","E","R","?","R","?","R","BOSS"],"items_purchased_type":["Card"],"build_version":"2020-12-22","purchased_purges":0,"victory":false,"max_hp_per_floor":[57,57,57,57,57,57,57,57,57,57,57,57,57,57,57,57,57],"card_choices":[{"not_picked":["Koishi:SpiritedAway","Koishi:PhilosophyOfTheDespised"],"picked":"Koishi:BramblyRoseGarden","floor":1},{"not_picked":["Koishi:EmbryosDream","Koishi:PredatoryInstincts"],"picked":"Koishi:FreudianInstinct","floor":2},{"not_picked":["Koishi:RacingHeart","Koishi:DreadfulBlow"],"picked":"Koishi:SpiritedAway","floor":2},{"not_picked":["Koishi:PredatoryInstincts","Koishi:StingingMind","Koishi:MindNumbingTerror"],"picked":"SKIP","floor":8},{"not_picked":["Koishi:ConditionedTeleport","Koishi:JumpScare","Koishi:PhantomBarrier"],"picked":"SKIP","floor":10},{"not_picked":["Koishi:Catatonia","Koishi:YoukaiPolygraph","Koishi:PhilosophyOfTheDespised"],"picked":"SKIP","floor":12}],"player_experience":90416,"relics_obtained":[{"floor":3,"key":"Boot"},{"floor":4,"key":"Ancient Tea Set"},{"floor":8,"key":"Whetstone"},{"floor":9,"key":"MealTicket"},{"floor":10,"key":"HornCleat"}],"event_choices":[],"is_beta":false,"boss_relics":[],"items_purged_floors":[],"is_endless":false,"potions_floor_spawned":[8,10],"killed_by":"Gensokyo:Kokoro","ascension_level":20}}