{"host":"5gc11emcm5chfr5t","time":1609879062,"event":{"mods":["2.2 Compatiblity","AchievementEnabler","BaseMod","Bestiary","Better Note","Colored Map","Colored Powertips","Downfall","Googly Eyes","Minty Spire (QoL Compilation)","Rare Cards Sparkle","StSLib"],"gold_per_floor":[117,117,117,134,209,237,80,80,80,94,94,107,118,133,133,207,207,207,207,207,207,207,207,207,207],"floor_reached":24,"playtime":697,"items_purged":[],"score":546,"play_id":"855a364f-0556-45d4-aaed-0de3d9f06b4c","local_time":"20210105153742","is_ascension_mode":true,"campfire_choices":[{"floor":8,"key":"RECALL"},{"floor":15,"key":"REST"},{"floor":23,"key":"REST"}],"circlet_count":0,"master_deck":["AscendersBane","sneckomod:Defend","sneckomod:Defend","sneckomod:TailWhip","sneckomod:SnekBite","sneckomod:Unknown","sneckomod:Unknown","sneckomod:SoulDraw","sneckomod:UnknownCommonAttack","sneckomod:QuickBite","sneckomod:UnknownDexterity","sneckomod:SerpentIdol","sneckomod:UnknownExhaust","sneckomod:WideSting","sneckomod:ImprovisedGuard","sneckomod:UnknownRarePower","sneckomod:DangerNoodle","sneckomod:SoulRoll","sneckomod:TrashToTreasure","Slimebound:Tackle+1","Slimebound:Tackle+1","Slimebound:Tackle+1","sneckomod:DiceBlock"],"relics":["sneckomod:SneckoSoul","NeowsBlessing","Matryoshka","HornCleat","Akabeko","MealTicket","The Courier","Ectoplasm","Happy Flower"],"acts_visited":["Exordium","TheCity"],"potions_floor_usage":[24],"damage_taken":[{"damage":0,"enemies":"Cultist","floor":1,"turns":1},{"damage":0,"enemies":"Jaw Worm","floor":4,"turns":1},{"damage":0,"enemies":"Lagavulin","floor":6,"turns":1},{"damage":0,"enemies":"Small Slimes","floor":10,"turns":3},{"damage":3,"enemies":"Blue Slaver","floor":12,"turns":3},{"damage":6,"enemies":"3 Louse","floor":13,"turns":2},{"damage":10,"enemies":"Red Slaver","floor":14,"turns":3},{"damage":0,"enemies":"Hexaghost","floor":16,"turns":8},{"damage":12,"enemies":"Chosen","floor":18,"turns":4},{"damage":19,"enemies":"Shell Parasite","floor":20,"turns":5},{"damage":26,"enemies":"Snake Plant","floor":22,"turns":5},{"damage":58,"enemies":"Book of Stabbing","floor":24,"turns":5}],"seed_played":"4724826506275421365","potions_obtained":[{"floor":1,"key":"SpeedPotion"},{"floor":10,"key":"SneckoOil"},{"floor":12,"key":"sneckomod:MuddlingPotion"},{"floor":14,"key":"Guardian:BlockOnCardUsePotion"},{"floor":20,"key":"Ancient Potion"}],"is_trial":false,"path_per_floor":["M","?","?","M","?","E","$","R","T","M","?","M","M","M","R","B",null,"M","?","M","?","M","R","E"],"character_chosen":"THE_SNECKO","items_purchased":["Akabeko"],"campfire_rested":2,"item_purchase_floors":[7],"current_hp_per_floor":[75,70,71,71,60,61,61,61,61,61,62,59,53,44,70,70,83,71,71,52,52,26,52,0,0],"gold":207,"neow_bonus":"THREE_ENEMY_KILL","is_daily":false,"chose_seed":false,"campfire_upgraded":0,"win_rate":0.0,"timestamp":1609879062,"path_taken":["M","?","?","M","?","E","?","R","T","M","?","M","M","M","R","BOSS","M","?","?","?","M","R","E"],"items_purchased_type":["Relic"],"build_version":"2020-12-22","purchased_purges":0,"victory":false,"max_hp_per_floor":[83,83,84,84,84,85,85,85,85,85,86,86,86,87,87,87,87,87,87,87,87,87,87,87,87],"card_choices":[{"not_picked":["sneckomod:UnknownBlock","sneckomod:UnknownVulnerable"],"picked":"sneckomod:SoulDraw","floor":1},{"not_picked":["sneckomod:UnknownClassBLUE","sneckomod:Unknown1Cost"],"picked":"sneckomod:QuickBite","floor":4},{"not_picked":["sneckomod:UnknownEthereal","sneckomod:CheapStock"],"picked":"sneckomod:UnknownDexterity","floor":6},{"not_picked":["sneckomod:UnknownStrike","sneckomod:UnknownDexterity"],"picked":"sneckomod:SerpentIdol","floor":10},{"not_picked":["sneckomod:UnknownClassSLIMEBOUND","sneckomod:DiceCrush"],"picked":"sneckomod:WideSting","floor":12},{"not_picked":["sneckomod:SnekBeam","sneckomod:UnknownWeak"],"picked":"sneckomod:ImprovisedGuard","floor":13},{"not_picked":["sneckomod:Nope","sneckomod:UnknownEthereal"],"picked":"sneckomod:UnknownRarePower","floor":14},{"not_picked":["sneckomod:SerpentMind","sneckomod:SoulExchange"],"picked":"sneckomod:DangerNoodle","floor":16},{"not_picked":["sneckomod:UnknownWeak","sneckomod:WideSting"],"picked":"sneckomod:SoulRoll","floor":18},{"not_picked":["sneckomod:MasterEye","sneckomod:DiceBoulder"],"picked":"sneckomod:TrashToTreasure","floor":20},{"not_picked":["sneckomod:DiceBoulder","sneckomod:SnekBeam"],"picked":"sneckomod:DiceBlock","floor":22}],"player_experience":536166,"relics_obtained":[{"floor":6,"key":"HornCleat"},{"floor":9,"key":"MealTicket"},{"floor":9,"key":"The Courier"}],"event_choices":[{"damage_healed":0,"gold_gain":0,"player_choice":"Success","damage_taken":5,"relics_obtained":["Matryoshka"],"max_hp_gain":0,"max_hp_loss":0,"event_name":"Scrap Ooze","floor":2,"gold_loss":0},{"damage_healed":0,"gold_gain":0,"cards_transformed":["sneckomod:Strike"],"player_choice":"Change","damage_taken":0,"max_hp_gain":0,"max_hp_loss":0,"event_name":"Living Wall","floor":3,"gold_loss":0,"cards_obtained":["sneckomod:UnknownCommonAttack"]},{"damage_healed":0,"gold_gain":75,"player_choice":"Gather Gold","damage_taken":11,"max_hp_gain":0,"max_hp_loss":0,"event_name":"World of Goop","floor":5,"gold_loss":0},{"damage_healed":0,"gold_gain":0,"cards_transformed":["sneckomod:Defend"],"player_choice":"Transformed","damage_taken":0,"max_hp_gain":0,"max_hp_loss":0,"event_name":"Transmorgrifier","floor":11,"gold_loss":0,"cards_obtained":["sneckomod:UnknownExhaust"]},{"damage_healed":0,"gold_gain":0,"player_choice":"Gave Potion","damage_taken":0,"relics_obtained":["Happy Flower"],"max_hp_gain":0,"max_hp_loss":0,"event_name":"WeMeetAgain","floor":19,"gold_loss":0}],"is_beta":false,"boss_relics":[{"not_picked":["Runic Dome","Cursed Key"],"picked":"Ectoplasm"}],"items_purged_floors":[],"is_endless":false,"potions_floor_spawned":[1,10,12,13,14,16,20,22],"killed_by":"Book of Stabbing","ascension_level":20}}