{"host":"sc0o2qwpf9j16a4i","time":1609840629,"event":{"mods":["AchievementEnabler","BaseMod","BetterRewards","Block Reminder","Colored Map","Colored Powertips","Custom Start","Highlight Path","Minty Spire (QoL Compilation)","Relic Stats"],"gold_per_floor":[117,117,137,137,148,162,190,201,201,227,227,240,240,252,252,326,326,326,326,326,326,3,3,3,3,3,3,3,3,3,3,3,3,3],"floor_reached":33,"playtime":1404,"items_purged":[],"score":616,"play_id":"b3ff1f72-93de-490a-a35f-27e6c950001f","local_time":"20210105115709","is_ascension_mode":true,"campfire_choices":[{"floor":11.0,"key":"REST"},{"data":"Adrenaline","floor":15.0,"key":"SMITH"},{"floor":23,"key":"REST"},{"floor":28,"key":"REST"},{"floor":32,"key":"REST"}],"circlet_count":0,"master_deck":["AscendersBane","Strike_G","Strike_G","Strike_G","Strike_G","Defend_G","Defend_G","Defend_G","Defend_G","Defend_G","Survivor","Neutralize+1","Backstab+1","Calculated Gamble","Flying Knee","Dagger Throw","Adrenaline+1","Sucker Punch","Bullet Time+1","Crippling Poison+1","Dodge and Roll+1","Adrenaline+1","Dodge and Roll+1","Terror+1","Leg Sweep+1","Adrenaline+1","A Thousand Cuts","Blur+1","PiercingWail+1","PiercingWail+1","Cloak And Dagger+1"],"relics":["Ring of the Snake","StrikeDummy","Toxic Egg 2","Pantograph","Ectoplasm","DollysMirror","Anchor","Blood Vial","Frozen Egg 2"],"acts_visited":["Exordium","TheCity"],"potions_floor_usage":[29],"damage_taken":[{"damage":3.0,"enemies":"2 Louse","floor":1.0,"turns":5.0},{"damage":7.0,"enemies":"Jaw Worm","floor":3.0,"turns":5.0},{"damage":0.0,"enemies":"Small Slimes","floor":5.0,"turns":3.0},{"damage":23.0,"enemies":"Exordium Thugs","floor":6.0,"turns":6.0},{"damage":10.0,"enemies":"3 Sentries","floor":7.0,"turns":11.0},{"damage":0.0,"enemies":"Large Slime","floor":8.0,"turns":3.0},{"damage":0.0,"enemies":"Gremlin Nob","floor":10.0,"turns":3.0},{"damage":5.0,"enemies":"Gremlin Gang","floor":12.0,"turns":6.0},{"damage":5.0,"enemies":"Blue Slaver","floor":14.0,"turns":3.0},{"damage":53.0,"enemies":"Slime Boss","floor":16.0,"turns":10.0},{"damage":0.0,"enemies":"Chosen","floor":18.0,"turns":3.0},{"damage":0.0,"enemies":"3 Byrds","floor":19.0,"turns":4.0},{"damage":8.0,"enemies":"Snake Plant","floor":20.0,"turns":3.0},{"damage":34,"enemies":"Cultist and Chosen","floor":25,"turns":7},{"damage":10,"enemies":"Centurion and Healer","floor":27,"turns":8},{"damage":3,"enemies":"Snecko","floor":29,"turns":4},{"damage":13,"enemies":"Gremlin Leader","floor":30,"turns":9},{"damage":1,"enemies":"Shelled Parasite and Fungi","floor":31,"turns":4},{"damage":109,"enemies":"Champ","floor":33,"turns":16}],"seed_played":"2223640682406110228","potions_obtained":[{"floor":3.0,"key":"Dexterity Potion"},{"floor":5.0,"key":"CunningPotion"},{"floor":7.0,"key":"Block Potion"},{"floor":8.0,"key":"LiquidMemories"},{"floor":14.0,"key":"PowerPotion"},{"floor":18.0,"key":"ColorlessPotion"},{"floor":19.0,"key":"SteroidPotion"}],"is_trial":false,"path_per_floor":["M","?","M","?","M","M","E","M","T","E","R","M","?","M","R","B",null,"M","M","M","?","$","R","?","M","T","M","R","M","E","M","R","B"],"character_chosen":"THE_SILENT","items_purchased":["DollysMirror","Anchor"],"campfire_rested":4,"item_purchase_floors":[22,22],"current_hp_per_floor":[56,61,54,54,54,31,21,21,21,21,42,37,37,32,32,4,54,54,54,46,40,40,61,61,27,27,19,40,39,28,29,50,0,0],"gold":3,"neow_bonus":"UPGRADE_CARD","is_daily":false,"chose_seed":false,"campfire_upgraded":1,"win_rate":0.0,"timestamp":1609840629,"path_taken":["M","?","M","?","M","M","E","M","T","E","R","M","?","M","R","BOSS","M","M","M","?","?","R","?","M","T","M","R","M","E","?","R","BOSS"],"items_purchased_type":["Relic","Relic"],"build_version":"2020-12-22","purchased_purges":0,"victory":false,"max_hp_per_floor":[66,71,71,71,71,71,71,71,71,71,71,71,71,71,71,71,71,71,71,71,71,71,71,71,71,71,71,71,71,71,71,71,71,71],"relic_stats":{"Blood Vial":10,"counters":[19,113],"Pantograph":44,"Ectoplasm":144,"obtain_stats":[{"Blood Vial":26,"Anchor":22,"DollysMirror":22,"Pantograph":10,"Ectoplasm":17,"Toxic Egg 2":9,"Frozen Egg 2":30,"StrikeDummy":7,"Ring of the Snake":0},{"Blood Vial":14,"Anchor":13,"DollysMirror":13,"Pantograph":7,"Ectoplasm":10,"Toxic Egg 2":6,"Frozen Egg 2":17,"StrikeDummy":5,"Ring of the Snake":0},{"Blood Vial":72,"Anchor":65,"DollysMirror":65,"Pantograph":36,"Ectoplasm":55,"Toxic Egg 2":33,"Frozen Egg 2":93,"StrikeDummy":30,"Ring of the Snake":0}],"Ring of the Snake":[38]},"card_choices":[{"not_picked":["Bane","Expertise"],"picked":"Backstab","floor":1.0},{"not_picked":["Catalyst","Tactician"],"picked":"Calculated Gamble","floor":3.0},{"not_picked":["Flechettes","Slice"],"picked":"Flying Knee","floor":5.0},{"not_picked":["Terror","Deflect"],"picked":"Dagger Throw","floor":6.0},{"not_picked":["Sucker Punch","Deflect"],"picked":"Adrenaline","floor":7.0},{"not_picked":["Distraction","Bane"],"picked":"Sucker Punch","floor":8.0},{"not_picked":["Blur+1","Deflect+1"],"picked":"Bullet Time+1","floor":10.0},{"not_picked":["Outmaneuver+1","Riddle With Holes"],"picked":"Crippling Poison+1","floor":12.0},{"not_picked":["Sucker Punch","Acrobatics+1"],"picked":"Dodge and Roll+1","floor":14.0},{"not_picked":["Die Die Die","Venomology+1"],"picked":"Adrenaline+1","floor":16.0},{"not_picked":["Cloak And Dagger+1","Masterful Stab+1"],"picked":"Dodge and Roll+1","floor":18.0},{"not_picked":["Outmaneuver+1","Underhanded Strike"],"picked":"Terror+1","floor":19.0},{"not_picked":["Dash","Deflect+1"],"picked":"Leg Sweep+1","floor":20.0},{"not_picked":["Finisher+1","Blade Dance+1"],"picked":"A Thousand Cuts","floor":25},{"not_picked":["Deadly Poison+1","Underhanded Strike"],"picked":"Blur+1","floor":27},{"not_picked":["Dagger Spray","Well Laid Plans"],"picked":"PiercingWail+1","floor":29},{"not_picked":["Calculated Gamble+1","Escape Plan+1"],"picked":"PiercingWail+1","floor":30},{"not_picked":["Setup+1","Deflect+1"],"picked":"Cloak And Dagger+1","floor":31}],"player_experience":547834,"relics_obtained":[{"floor":7.0,"key":"StrikeDummy"},{"floor":9.0,"key":"Toxic Egg 2"},{"floor":10.0,"key":"Pantograph"},{"floor":26,"key":"Blood Vial"},{"floor":30,"key":"Frozen Egg 2"}],"event_choices":[{"damage_healed":0.0,"max_hp_gain":5.0,"max_hp_loss":0.0,"gold_gain":0.0,"event_name":"Big Fish","player_choice":"Donut","floor":2.0,"gold_loss":0.0,"damage_taken":0.0},{"damage_healed":0.0,"max_hp_gain":0.0,"max_hp_loss":0.0,"gold_gain":0.0,"event_name":"Living Wall","player_choice":"Grow","floor":4.0,"gold_loss":0.0,"damage_taken":0.0,"cards_upgraded":["Backstab"]},{"damage_healed":0.0,"max_hp_gain":0.0,"max_hp_loss":0.0,"gold_gain":0.0,"event_name":"Shining Light","player_choice":"Ignored","floor":13.0,"gold_loss":0.0,"damage_taken":0.0},{"damage_healed":0,"gold_gain":0,"player_choice":"","damage_taken":6,"max_hp_gain":0,"max_hp_loss":0,"event_name":"Knowing Skull","floor":21,"potions_obtained":[],"gold_loss":0,"cards_obtained":[]},{"cards_removed":["Strike_G"],"damage_healed":0,"gold_gain":0,"player_choice":"Offered Basic","damage_taken":0,"max_hp_gain":0,"max_hp_loss":0,"event_name":"Bonfire Elementals","floor":24,"gold_loss":0}],"is_beta":false,"boss_relics":[{"not_picked":["Busted Crown","WristBlade"],"picked":"Ectoplasm"}],"items_purged_floors":[],"is_endless":false,"potions_floor_spawned":[3,5,7,8,14,18,19,27],"killed_by":"Champ","ascension_level":20}}