{"host":"bf9sa99gaumonoeu","time":1609877028,"event":{"mods":["AchievementEnabler","Act Like it!","BaseMod","Better Sensory Stone","Colored Map","Colored Powertips","Downfall","Duelist Mod","Friendly Minions","Gensokyo","GifTheSpireLib","Hallownest","Hermit","Hubris","Jorbs\u0027s Wanderer Trilogy","KinomotoSakuraMod(????)","Koishi","Lobotomy","Marisa????????","Minty Spire (QoL Compilation)","Rare Cards Sparkle","Reimu??????","Remilia??????","Replay The Spire","Shop Mod","StSLib","The Administrix","The Animator","The Blue Laboratory","The Bug Knight","The Construct","The Cursed","The Disciple","The Hierophant","The Mystic","The Necromancer","The Poker Player","The Runesmith","The Senshi","The Servant 0.9.4"],"gold_per_floor":[123,133,150,174,58,58,90,90,172,200,220,239,239,283,283,386,386,403,423,439,457,473,473,508,526,602,602,634,651,611,113,113,231,231,257,257,467,467,34,34,48,48,71,71,71,71],"floor_reached":45,"playtime":3659,"items_purged":["Pain","ReplayTheSpireMod:Splinters"],"score":714,"play_id":"16cc49df-a4ce-4a4e-b7dc-ef19889c1e58","local_time":"20210105180348","is_ascension_mode":true,"campfire_choices":[{"data":"animator:Rider","floor":6,"key":"SMITH"},{"data":"animator:Lancer","floor":8,"key":"SMITH"},{"data":"animator:Berserker","floor":13,"key":"SMITH"},{"data":"animator:EmiyaShirou","floor":15,"key":"SMITH"},{"data":"animator:ShinjiMatou","floor":23,"key":"SMITH"},{"data":"animator:Mitsurugi","floor":27,"key":"SMITH"},{"floor":32,"key":"REST"},{"data":"animator:Elesis","floor":40,"key":"SMITH"},{"data":"animator:Shimakaze","floor":42,"key":"SMITH"},{"data":"animator:Kira","floor":44,"key":"SMITH"}],"circlet_count":0,"master_deck":["animator:Strike_Fate","animator:Defend_Fate","animator:Strike+1","animator:Strike","animator:Strike+1","animator:Defend","animator:Defend","animator:Defend","animator:Alexander+1","animator:Rider+1","animator:ShinjiMatou+1","animator:RinTohsaka","animator:Berserker+1","animator:Archer","animator:Lancer+1","animator:Illya","animator:Lancer","animator:EmiyaShirou+1","animator:Darkness+1","animator:Darkness","animator:Archer","animator:Mitsurugi+1","animator:Kira+1","animator:GuildGirl","animator:Elesis+1","animator:Shimakaze+1","animator:Caster","Amnesia"],"relics":["animator:LivingPicture","animator:TheMissingPiece","Bird Faced Urn","Meat on the Bone","Anchor","Cursed Key","Vajra","hubris:MysteriousPyramids","Whetstone","ZunR:ReiMu","hubris:EmptyBottle","construct:WeddingRing","Paper Frog","ScarletDevilRocket"],"acts_visited":["Exordium","TheCity","TheBeyond"],"potions_floor_usage":[7,10,20,22,28,45,45],"damage_taken":[{"damage":0,"enemies":"Small Slimes","floor":1,"turns":3},{"damage":5,"enemies":"Jaw Worm","floor":2,"turns":3},{"damage":0,"enemies":"2 Louse","floor":3,"turns":4},{"damage":1,"enemies":"Looter","floor":4,"turns":4},{"damage":13,"enemies":"Lagavulin","floor":7,"turns":6},{"damage":16,"enemies":"3 Sentries","floor":10,"turns":3},{"damage":0,"enemies":"Exordium Thugs","floor":11,"turns":3},{"damage":4,"enemies":"Blue Slaver","floor":12,"turns":5},{"damage":0,"enemies":"2 Fungi Beasts","floor":14,"turns":2},{"damage":16,"enemies":"Hexaghost","floor":16,"turns":9},{"damage":0,"enemies":"Chosen","floor":18,"turns":4},{"damage":0,"enemies":"Spheric Guardian","floor":19,"turns":2},{"damage":10,"enemies":"Snecko","floor":20,"turns":4},{"damage":11,"enemies":"Centurion and Healer","floor":21,"turns":6},{"damage":16,"enemies":"3 Cultists","floor":22,"turns":6},{"damage":2,"enemies":"theDuelist:KaibaA2","floor":24,"turns":6},{"damage":14,"enemies":"Snake Plant","floor":25,"turns":2},{"damage":4,"enemies":"Gremlin Leader","floor":28,"turns":3},{"damage":8,"enemies":"Centurion and Healer","floor":29,"turns":4},{"damage":58,"enemies":"Automaton","floor":33,"turns":7},{"damage":5,"enemies":"3 Darklings","floor":35,"turns":3},{"damage":2,"enemies":"Orb Walker","floor":41,"turns":3},{"damage":75,"enemies":"Time Eater","floor":45,"turns":7}],"seed_played":"3330224766514902489","potions_obtained":[{"floor":2,"key":"DistilledChaos"},{"floor":4,"key":"blueLaboratory:BottleOfRum"},{"floor":12,"key":"hexamod:EctoCoolerPotion"},{"floor":16,"key":"GamblersBrew"},{"floor":18,"key":"blueLaboratory:BubblePotion"},{"floor":19,"key":"blueLaboratory:Moonshine"},{"floor":22,"key":"blueLaboratory:BottleOfRum"},{"floor":25,"key":"Dexterity Potion"},{"floor":29,"key":"SteroidPotion"},{"floor":38,"key":"PowerPotion"},{"floor":38,"key":"blueLaboratory:FruitPreserves"},{"floor":38,"key":"Elixir"}],"is_trial":false,"path_per_floor":["M","M","M","M","$","R","E","R","T","E","M","M","R","M","R","B",null,"M","M","M","M","M","R","E","M","T","R","E","M","?","$","R","B",null,"M","?","?","?","$","R","M","R","T","R","B"],"character_chosen":"THE_ANIMATOR","items_purchased":["animator:Archer","animator:Lancer","hubris:EmptyBottle","animator:Kira","animator:GuildGirl","Paper Frog","animator:Shimakaze"],"campfire_rested":1,"item_purchase_floors":[5,5,31,31,31,39,39],"current_hp_per_floor":[59,55,55,54,54,54,42,42,42,40,42,38,38,38,38,36,60,62,64,54,51,35,35,39,39,39,39,39,37,37,37,57,21,56,61,61,61,61,61,61,67,67,67,67,0,0],"gold":71,"neow_bonus":"UPGRADE_CARD","is_daily":false,"chose_seed":false,"campfire_upgraded":9,"win_rate":0.0,"timestamp":1609877028,"path_taken":["M","M","M","M","$","R","E","R","T","E","M","M","R","M","R","BOSS","M","M","M","M","M","R","E","M","T","R","E","M","?","$","R","BOSS","M","?","?","?","$","R","M","R","T","R","BOSS"],"items_purchased_type":["Card","Card","Relic","Card","Card","Relic","Card"],"build_version":"2020-12-22","purchased_purges":2,"victory":false,"max_hp_per_floor":[66,67,67,67,67,67,68,68,68,68,68,68,68,68,68,68,68,68,68,68,68,68,68,68,68,68,68,68,68,68,68,68,68,68,68,68,68,68,68,68,70,70,70,70,70,70],"card_choices":[{"not_picked":["animator:Elsword","animator:Mitsurugi"],"picked":"animator:ShinjiMatou","floor":1},{"not_picked":["animator:YunYun","animator:Ciel"],"picked":"animator:RinTohsaka","floor":2},{"not_picked":["animator:Vanir","animator:Evileye","animator:Raven"],"picked":"SKIP","floor":3},{"not_picked":["animator:RinTohsaka","animator:Assassin"],"picked":"animator:Berserker","floor":4},{"not_picked":["animator:Boros","animator:Cocytus"],"picked":"animator:Illya","floor":7},{"not_picked":["animator:Aqua","animator:PandorasActor","animator:HighElfArcher"],"picked":"SKIP","floor":10},{"not_picked":["animator:Megumin","animator:Tyuule"],"picked":"animator:Lancer","floor":11},{"not_picked":["animator:YaoHaDucy","animator:Sonic"],"picked":"animator:EmiyaShirou","floor":14},{"not_picked":["animator:Ciel","animator:Melzalgald+1"],"picked":"animator:Darkness+1","floor":18},{"not_picked":["animator:Priestess+1","animator:Spearman"],"picked":"animator:Darkness","floor":19},{"not_picked":["animator:Berserker","animator:EmiyaShirou"],"picked":"animator:Archer","floor":20},{"not_picked":["animator:Entoma","animator:Lu+1","animator:Rena"],"picked":"SKIP","floor":21},{"not_picked":["animator:YaoHaDucy+1","animator:RinTohsaka","animator:EmiyaShirou"],"picked":"SKIP","floor":22},{"not_picked":["animator:Geryuganshoop","animator:Ciel+1","animator:NarberalGamma"],"picked":"SKIP","floor":24},{"not_picked":["animator:Verdia","animator:Hans"],"picked":"animator:Mitsurugi","floor":25},{"not_picked":["animator:Geryuganshoop","animator:Ain","animator:Rena+1"],"picked":"SKIP","floor":28},{"not_picked":["animator:Spearman","animator:Shalltear","animator:Berserker"],"picked":"SKIP","floor":29},{"not_picked":["animator:Albedo","animator:Ainz"],"picked":"animator:Elesis","floor":33},{"not_picked":["animator:Priestess+1","animator:Ara+1","animator:CowGirl+1"],"picked":"SKIP","floor":35},{"not_picked":["animator:Rider","animator:Lancer"],"picked":"animator:Caster","floor":41}],"player_experience":785965,"relics_obtained":[{"floor":7,"key":"Bird Faced Urn"},{"floor":9,"key":"Meat on the Bone"},{"floor":10,"key":"Anchor"},{"floor":24,"key":"Vajra"},{"floor":26,"key":"hubris:MysteriousPyramids"},{"floor":28,"key":"Whetstone"},{"floor":43,"key":"ScarletDevilRocket"}],"event_choices":[{"damage_healed":0,"gold_gain":0,"player_choice":"Keep O-miki","damage_taken":0,"relics_obtained":["ZunR:ReiMu"],"max_hp_gain":0,"max_hp_loss":0,"event_name":"ZunEvent","floor":30,"gold_loss":40},{"damage_healed":0,"gold_gain":0,"player_choice":"Got Potions","damage_taken":0,"max_hp_gain":0,"max_hp_loss":0,"event_name":"Lab","floor":38,"gold_loss":0}],"is_beta":false,"boss_relics":[{"not_picked":["Runesmith:UraniumAnvil","hubris:BlackHole"],"picked":"Cursed Key"},{"not_picked":["Philosopher\u0027s Stone","ReplayTheSpireMod:DimensionalGlitch"],"picked":"construct:WeddingRing"}],"items_purged_floors":[31,39],"is_endless":false,"potions_floor_spawned":[2,4,12,16,18,19,22,25,29,35],"killed_by":"Time Eater","ascension_level":8}}