{"host":"5wznv0010959mrmz","time":1609817612,"event":{"mods":["BaseMod","Highlight Path","Minty Spire (QoL Compilation)","Relic Stats"],"gold_per_floor":[113,113,129,141,155,182,195,212,212,212,212,224,224,242,542,542,542],"floor_reached":16,"playtime":504,"items_purged":[],"score":212,"play_id":"16a7749e-632c-4ffe-9413-d047ac8e7468","local_time":"20210104213332","is_ascension_mode":true,"campfire_choices":[{"floor":10,"key":"DIG"},{"floor":13,"key":"REST"},{"floor":15,"key":"DIG"}],"circlet_count":0,"master_deck":["AscendersBane","Strike_G","Strike_G+1","Strike_G","Strike_G","Strike_G","Defend_G+1","Defend_G","Defend_G","Defend_G","Survivor","Neutralize","Backstab+1","Dagger Throw","Noxious Fumes","Riddle With Holes","Sucker Punch","Poisoned Stab","Choke","Deadly Poison","Crippling Poison"],"relics":["Ring of the Snake","War Paint","Whetstone","Shovel","Kunai","Old Coin"],"acts_visited":["Exordium"],"potions_floor_usage":[6,6,14],"damage_taken":[{"damage":1,"enemies":"Small Slimes","floor":1,"turns":4},{"damage":0,"enemies":"Cultist","floor":3,"turns":4},{"damage":2,"enemies":"Jaw Worm","floor":4,"turns":6},{"damage":23,"enemies":"Large Slime","floor":5,"turns":9},{"damage":11,"enemies":"Lagavulin","floor":6,"turns":7},{"damage":0,"enemies":"2 Fungi Beasts","floor":7,"turns":2},{"damage":10,"enemies":"Red Slaver","floor":8,"turns":2},{"damage":7,"enemies":"Exordium Thugs","floor":12,"turns":4},{"damage":0,"enemies":"Lots of Slimes","floor":14,"turns":2},{"damage":35,"enemies":"Slime Boss","floor":16,"turns":7}],"seed_played":"31785111913042147","potions_obtained":[{"floor":1,"key":"SkillPotion"},{"floor":3,"key":"Swift Potion"},{"floor":5,"key":"Poison Potion"},{"floor":12,"key":"Explosive Potion"},{"floor":14,"key":"GamblersBrew"}],"is_trial":false,"path_per_floor":["M","?","M","M","M","E","M","M","T","R","?","M","R","M","R","B"],"character_chosen":"THE_SILENT","items_purchased":[],"campfire_rested":1,"item_purchase_floors":[],"current_hp_per_floor":[58,58,58,56,33,22,22,12,12,12,12,5,24,24,24,0,0],"gold":542,"neow_bonus":"RANDOM_COMMON_RELIC","is_daily":false,"chose_seed":false,"campfire_upgraded":0,"win_rate":0.0,"timestamp":1609817612,"path_taken":["M","?","?","?","M","E","?","M","T","R","?","M","R","M","R","BOSS"],"items_purchased_type":[],"build_version":"2020-12-22","purchased_purges":0,"victory":false,"max_hp_per_floor":[66,66,66,66,66,66,66,66,66,66,66,66,66,66,66,66,66],"relic_stats":{"Shovel":2,"counters":[10,47],"Whetstone":["Strike_G","Backstab"],"Kunai":[4],"War Paint":["Defend_G","Defend_G"],"obtain_stats":[{"Shovel":9,"Whetstone":6,"Kunai":10,"War Paint":0,"Ring of the Snake":0,"Old Coin":15},{"Shovel":7,"Whetstone":5,"Kunai":7,"War Paint":0,"Ring of the Snake":0,"Old Coin":9},{"Shovel":34,"Whetstone":30,"Kunai":34,"War Paint":0,"Ring of the Snake":0,"Old Coin":40}],"Ring of the Snake":[20]},"card_choices":[{"not_picked":["Caltrops","Flechettes"],"picked":"Deflect","floor":1},{"not_picked":["Infinite Blades","Sucker Punch"],"picked":"Backstab","floor":3},{"not_picked":["Caltrops","Setup"],"picked":"Dagger Throw","floor":4},{"not_picked":["Skewer","All Out Attack"],"picked":"Noxious Fumes","floor":5},{"not_picked":["Noxious Fumes","Outmaneuver"],"picked":"Riddle With Holes","floor":6},{"not_picked":["Burst","Infinite Blades"],"picked":"Sucker Punch","floor":7},{"not_picked":["Dagger Throw","Choke"],"picked":"Poisoned Stab","floor":8},{"not_picked":["Setup","Prepared"],"picked":"Deadly Poison","floor":12},{"not_picked":["Riddle With Holes","Tactician"],"picked":"Crippling Poison","floor":14}],"player_experience":405208,"relics_obtained":[{"floor":6,"key":"Whetstone"},{"floor":9,"key":"Shovel"},{"floor":10,"key":"Kunai"},{"floor":15,"key":"Old Coin"}],"event_choices":[{"cards_removed":["Defend_G"],"damage_healed":0,"gold_gain":0,"player_choice":"Purged","damage_taken":0,"max_hp_gain":0,"max_hp_loss":0,"event_name":"Purifier","floor":2,"gold_loss":0},{"damage_healed":0,"gold_gain":0,"cards_transformed":["Deflect"],"player_choice":"Change","damage_taken":0,"max_hp_gain":0,"max_hp_loss":0,"event_name":"Living Wall","floor":11,"gold_loss":0,"cards_obtained":["Choke"]}],"is_beta":false,"boss_relics":[],"items_purged_floors":[],"is_endless":false,"potions_floor_spawned":[1,3,5,12,14],"killed_by":"Slime Boss","ascension_level":20}}