{"host":"kq2g769nefmuyn7c","time":1609835900,"event":{"mods":["ATMod(°¢èªMod)","Act Like it!","BaseMod","Gensokyo","Koishi","Marisa£¨ìFÓê¡¡Ä§ÀíÉ³£©","Minty Spire (QoL Compilation)","Replay The Spire","StSLib"],"gold_per_floor":[116,116,116,129,178,178,178,178,178,192,224,240,18,29,29,132,132,149,149,43,63,63,63,82,82,109,509,528,598,157,186,186,288,288,307,317,317,317,317,317,317,317],"floor_reached":41,"playtime":4617,"items_purged":["Strike_MRS","Writhe"],"score":567,"play_id":"2a7131e8-f2b1-415e-b1a3-a06c6a96aa7e","local_time":"20210105163820","is_ascension_mode":true,"campfire_choices":[{"data":"OneTimeOff","floor":6,"key":"SMITH"},{"data":"IllusionStar","floor":8,"key":"SMITH"},{"data":"PulseMagic","floor":15,"key":"SMITH"},{"data":"Gensokyo:FourOfAKind","floor":23,"key":"SMITH"},{"data":"Gensokyo:FourOfAKind","floor":25,"key":"SMITH"},{"data":"MillisecondPulsars","floor":32,"key":"SMITH"},{"data":"AT_EmpoweredMortalDraw","floor":40,"key":"SMITH"}],"circlet_count":0,"master_deck":["Defend_MRS","Defend_MRS","Defend_MRS","AT_DiedThrough","IllusionStar+1","Pot Of Greed+1","EnergyRecoil+1","OneTimeOff+1","Pot Of Greed","SprinkleStarSeal","StarBarrage","SatelliteIllusion","PulseMagic+1","MillisecondPulsars+1","LuminesStrike","LuminesStrike","Orbital","AsteroidBelt+1","Gensokyo:FourOfAKind+1","Gensokyo:FourOfAKind","Gensokyo:FourOfAKind+1","Gensokyo:FourOfAKind","Pot Of Greed","PowerUp","MachineGunSpark+1","EarthLightRay+1","MysteriousBeam","ShootingEcho","OortCloud","MagicAbsorber","CollectingQuirk","AT_EmpoweredMortalDraw+1","DarkMatter+1","Pot Of Greed"],"relics":["MiniHakkero","AT_ATBox","Happy Flower","Gensokyo:Mercy","Grinning Jar","Ginger","Replay:Bottled Steam","AT_ForceNature","Lee\u0027s Waffle","RampagingMagicTools","War Paint","Old Coin","Gambling Chip","The Courier","PreservedInsect","Boot","ReplayTheSpireMod:Lightbulb","AT_MortalBlade","AT_TheCollector"],"acts_visited":["Gensokyo:Gensokyo","Gensokyo:Gensokyoer","Gensokyo:Gensokyoest"],"potions_floor_usage":[11,16],"damage_taken":[{"damage":0,"enemies":"Gensokyo:3_Fairies","floor":1,"turns":4},{"damage":4,"enemies":"Gensokyo:2_Kodama","floor":4,"turns":3},{"damage":5,"enemies":"Gensokyo:Gryphon","floor":10,"turns":3},{"damage":23,"enemies":"Gensokyo:Aya","floor":11,"turns":9},{"damage":8,"enemies":"Gensokyo:VengefulSpirit","floor":12,"turns":7},{"damage":0,"enemies":"Gensokyo:Kitsune","floor":14,"turns":3},{"damage":1,"enemies":"Gensokyo:Kokoro","floor":16,"turns":9},{"damage":14,"enemies":"Gensokyo:AngelMirror","floor":18,"turns":7},{"damage":2,"enemies":"Gensokyo:CosmicMonolith","floor":21,"turns":4},{"damage":3,"enemies":"Gensokyo:3_Gloops","floor":24,"turns":5},{"damage":6,"enemies":"Gensokyo:3_Gloops","floor":27,"turns":9},{"damage":22,"enemies":"Gensokyo:Wraith","floor":28,"turns":4},{"damage":2,"enemies":"Gensokyo:Reisen","floor":31,"turns":3},{"damage":13,"enemies":"Gensokyo:Kaguya","floor":33,"turns":6},{"damage":8,"enemies":"Gensokyo:AncientGuardian","floor":35,"turns":3},{"damage":0,"enemies":"Gensokyo:3_Bats","floor":36,"turns":2},{"damage":37,"enemies":"Gensokyo:Marisa","floor":41,"turns":2}],"seed_played":"6984582741514468454","potions_obtained":[{"floor":5,"key":"EntropicBrew"},{"floor":11,"key":"Strength Potion"},{"floor":24,"key":"Reflective Coating"}],"is_trial":false,"path_per_floor":["M","?","?","M","?","R","T","R","T","M","E","M","$","M","R","B",null,"M","?","$","M","?","R","M","R","T","?","M","T","$","E","R","B",null,"M","M","?","?","?","R","E"],"character_chosen":"MARISA","items_purchased":["Lee\u0027s Waffle","LuminesStrike","Orbital","PreservedInsect","Boot","MysteriousBeam","ShootingEcho","OortCloud"],"campfire_rested":0,"item_purchase_floors":[13,20,20,30,30,30,30,30],"current_hp_per_floor":[75,75,75,71,41,41,41,41,41,36,13,5,82,82,82,81,82,68,68,68,66,58,58,55,55,55,49,27,27,27,31,31,30,58,51,58,35,35,35,35,0,0],"gold":317,"neow_bonus":"UPGRADE_CARD","is_daily":false,"chose_seed":false,"campfire_upgraded":7,"win_rate":0.0,"timestamp":1609835900,"path_taken":["M","?","?","?","?","R","?","R","T","M","E","M","?","M","R","BOSS","M","?","?","M","?","R","?","R","T","?","?","?","$","E","R","BOSS","M","M","?","?","?","R","E"],"items_purchased_type":["Relic","Card","Card","Relic","Relic","Card","Card","Card"],"build_version":"2020-12-22","purchased_purges":2,"victory":false,"max_hp_per_floor":[75,75,75,75,75,75,75,75,75,75,75,75,82,82,82,82,82,82,82,82,82,58,58,58,58,58,58,58,58,58,58,58,58,58,58,58,58,58,58,58,58,58],"card_choices":[{"not_picked":["GalacticHalo","Acceleration"],"picked":"IllusionStar","floor":1},{"not_picked":["GravityBeat","Acceleration","AlicesGift"],"picked":"SKIP","floor":4},{"not_picked":["SprinkleStarSeal","DC"],"picked":"EnergyRecoil","floor":5},{"not_picked":["PropBag","6A"],"picked":"OneTimeOff","floor":5},{"not_picked":["GravityBeat","AsteroidBelt"],"picked":"SprinkleStarSeal","floor":10},{"not_picked":["SporeBomb","Acceleration"],"picked":"StarBarrage","floor":11},{"not_picked":["LuminesStrike","Acceleration"],"picked":"SatelliteIllusion","floor":12},{"not_picked":["RefractionSpark","DarkSpark"],"picked":"PulseMagic","floor":14},{"not_picked":["SatelliteIllusion","TreasureHunter"],"picked":"MillisecondPulsars","floor":16},{"not_picked":["GrandCross+1","DoubleSpark","AlicesGift"],"picked":"SKIP","floor":18},{"not_picked":["UnstableBomb","WitchOfGreed"],"picked":"AsteroidBelt+1","floor":21},{"not_picked":["WitchLeyline","NonDirectionalLaser"],"picked":"PowerUp","floor":24},{"not_picked":["JA","GalacticHalo"],"picked":"MachineGunSpark+1","floor":27},{"not_picked":["DC+1","UnstableBomb+1"],"picked":"EarthLightRay+1","floor":28},{"not_picked":["SuperPerseids","6A"],"picked":"MagicAbsorber","floor":31},{"not_picked":["MillisecondPulsars","BigCrunch"],"picked":"CollectingQuirk","floor":33},{"not_picked":["SporeBomb","UnstableBomb+1"],"picked":"DarkMatter+1","floor":35},{"not_picked":["RefractionSpark+1","NonDirectionalLaser","MilkyWay+1"],"picked":"SKIP","floor":36}],"player_experience":119654,"relics_obtained":[{"floor":5,"key":"Grinning Jar"},{"floor":7,"key":"Ginger"},{"floor":9,"key":"Replay:Bottled Steam"},{"floor":11,"key":"AT_ForceNature"},{"floor":26,"key":"War Paint"},{"floor":27,"key":"Old Coin"},{"floor":27,"key":"Gambling Chip"},{"floor":29,"key":"The Courier"},{"floor":31,"key":"ReplayTheSpireMod:Lightbulb"}],"event_choices":[],"is_beta":false,"boss_relics":[{"not_picked":["BewitchedHakkero","Kintsugi"],"picked":"RampagingMagicTools"},{"not_picked":["Calling Bell","Honey Jar"],"picked":"AT_MortalBlade"}],"items_purged_floors":[13,30],"is_endless":false,"potions_floor_spawned":[11,12,14,24,28],"killed_by":"Gensokyo:Marisa","ascension_level":3}}