{"host":"whyfdmrq1ty0e9zp","time":1609851554,"event":{"mods":["Act Like it!","BaseMod","Colored Map","Colored Powertips","Conspire","Gensokyo","LagranYue(¿≠∏Ò¿ °§‘¬)","Marisa£®ÏF”Í°°ƒß¿Ì…≥£©","Minty Spire (QoL Compilation)","MostiFishMod","Prisma Mod","Quick Restart","Relic Stats","Remilia£®¿Ÿ√◊¿Ú—«£©","Replay The Spire","StSLib","TestMod","The Servant 0.9.4","Youmu£®ªÍ∆«—˝√Œ£©","vexMod","°æ“≈ŒÔø®≈∆°øREMEMod"],"gold_per_floor":[109,119,44,44,67,67,67],"floor_reached":6,"playtime":173,"items_purged":["Strike_R"],"score":63,"play_id":"8815f81a-4f7e-41a5-b768-543fec2829e7","local_time":"20210105205914","is_ascension_mode":true,"campfire_choices":[],"circlet_count":0,"master_deck":["AscendersBane","Strike_R","Strike_R","Strike_R","Strike_R","Defend_R+1","Defend_R","Defend_R","Defend_R","Bash","MostiFishMod:IntelligentEquipment","REME_Fury","Armaments+1"],"relics":["Burning Blood","testmod-TestBox","DaveBox","REME_ComplimentaryCards","testmod-TurbochargingSystem","ChiXiaoBlade","LagranYue:RandomDrawCardRelic","SynthV:TestCard","CeramicFish"],"acts_visited":["Exordium"],"potions_floor_usage":[],"damage_taken":[{"damage":7,"enemies":"Cultist","floor":1,"turns":4},{"damage":7,"enemies":"Small Slimes","floor":2,"turns":4},{"damage":26,"enemies":"Gremlin Nob","floor":6,"turns":4}],"seed_played":"-4004980740582298934","potions_obtained":[{"floor":2,"key":"Block Potion"}],"is_trial":false,"path_per_floor":["M","M","$","?","T","E"],"character_chosen":"IRONCLAD","items_purchased":[],"campfire_rested":0,"item_purchase_floors":[],"current_hp_per_floor":[67,66,66,46,46,20,20],"gold":67,"neow_bonus":"THREE_RARE_CARDS","is_daily":false,"chose_seed":false,"campfire_upgraded":0,"win_rate":0.0,"timestamp":1609851554,"path_taken":["M","?","$","?","?","E"],"items_purchased_type":[],"build_version":"2020-12-22","purchased_purges":1,"victory":false,"max_hp_per_floor":[68,68,68,68,68,68,68],"relic_stats":{"counters":[3,12],"CeramicFish":0,"obtain_stats":[{"testmod-TestBox":0,"SynthV:TestCard":1,"DaveBox":0,"LagranYue:RandomDrawCardRelic":0,"CeramicFish":5,"ChiXiaoBlade":0,"testmod-TurbochargingSystem":0,"Burning Blood":0,"REME_ComplimentaryCards":0},{"testmod-TestBox":0,"SynthV:TestCard":1,"DaveBox":0,"LagranYue:RandomDrawCardRelic":0,"CeramicFish":2,"ChiXiaoBlade":0,"testmod-TurbochargingSystem":0,"Burning Blood":0,"REME_ComplimentaryCards":0},{"testmod-TestBox":0,"SynthV:TestCard":4,"DaveBox":0,"LagranYue:RandomDrawCardRelic":0,"CeramicFish":8,"ChiXiaoBlade":0,"testmod-TurbochargingSystem":0,"Burning Blood":0,"REME_ComplimentaryCards":0}],"Burning Blood":12},"card_choices":[{"not_picked":["Juggernaut","Limit Break"],"picked":"REME_Fury","floor":0},{"not_picked":["Iron Wave","Warcry","REME_FearOfPain"],"picked":"SKIP","floor":1},{"not_picked":["conspire:ExplosiveBarrier","Run Through","Anger","True Grit"],"picked":"Armaments","floor":2}],"player_experience":517512,"relics_obtained":[{"floor":1,"key":"SynthV:TestCard"},{"floor":5,"key":"CeramicFish"}],"event_choices":[{"damage_healed":0,"gold_gain":0,"player_choice":"Entered Light","damage_taken":20,"max_hp_gain":0,"max_hp_loss":0,"event_name":"Shining Light","floor":4,"gold_loss":0,"cards_upgraded":["Defend_R","Armaments"]}],"is_beta":false,"boss_relics":[],"items_purged_floors":[3],"is_endless":false,"potions_floor_spawned":[2],"killed_by":"Gremlin Nob","ascension_level":17}}