{"host":"o9f8b8qp367yg72z","time":1609830761,"event":{"mods":["2.2 Compatiblity","BaseMod","Beaked The Cultist","Clockwork Mod","Colored Map","Colored Powertips","Downfall","Gold Saver","Highlight Path","Marisa????????","Minty Spire (QoL Compilation)","Rare Cards Sparkle","Relic Stats","Shade Mod","StSLib","The Blackbeard","The Caster","The Construct","The Dragon Tamer","The Gatherer","The Servant 0.9.4","The Spell Scribe","TheVacant"],"gold_per_floor":[2750,2971,2971,2987,3001,3031,3031,3047,3047,3076,3076,3108,3058,3058,3058,3155,3155,3168,3168,3445,3445,3708,3708,3987,3495,3520,3520,2940,2940,2099,2193,2193,2546,2546,2784,3052,2190,2190,2305,2305,2305,1573,1573,1676,2275,1730,1992,2267,2267,2267,2267,2267,1189,1479,1539],"floor_reached":56,"playtime":1951,"items_purged":["blackbeard:BlackbeardStrike","blackbeard:BlackbeardDefend","blackbeard:RearmingStrike","blackbeard:Cutlass+1","blackbeard:BlackbeardDefend","blackbeard:BlackbeardDefend","blackbeard:BlackbeardDefend+1"],"score":1737,"play_id":"4478839a-e10c-4cf2-9c3b-4446d3f500a6","local_time":"20210105181241","is_ascension_mode":false,"campfire_choices":[{"data":"blackbeard:GoldenGuillotine","floor":7,"key":"SMITH"},{"data":"blackbeard:GoldenGuillotine","floor":11,"key":"SMITH"},{"floor":15,"key":"RECALL"},{"data":"blackbeard:Cutlass","floor":23,"key":"SMITH"},{"data":"blackbeard:IntimidatingStrike","floor":27,"key":"SMITH"},{"data":"blackbeard:BlackbeardDefend","floor":32,"key":"SMITH"},{"data":"Flash of Steel","floor":40,"key":"SMITH"},{"floor":49,"key":"REST"},{"floor":52,"key":"REST"}],"circlet_count":0,"master_deck":["blackbeard:IntimidatingStrike+1","blackbeard:GoldenGuillotine+1","blackbeard:BrownPants+1","blackbeard:GoldenGuillotine+1","blackbeard:GoldenDefense+1","WitchOfGreed+1","WitchOfGreed+1","WitchOfGreed+1","WitchOfGreed+1","WitchOfGreed+1","WitchOfGreed+1","WitchOfGreed+1","WitchOfGreed+1","WitchOfGreed+1","WitchOfGreed+1","Flash of Steel+1","blackbeard:Provisioning+1","blackbeard:Rum+1","blackbeard:ReapersScythe+1"],"relics":["blackbeard:LoadTheCannons","NeowsBlessing","construct:FoamFinger","Frozen Egg 2","OrangePellets","blackbeard:GoldenRing","StrikeDummy","WingedGreaves","Bottled Tornado","Calipers","construct:WeddingRing","Red Mask","Potion Belt","Pantograph","SacredBark","TheAbacus","Toxic Egg 2","Lantern","blackbeard:HipFlask","Ginger","Singing Bowl","blackbeard:MagicalCauldron","blackbeard:BloodOrange","Runic Dome","Frozen Eye","Happy Flower","WingedGreaves","Mummified Hand","Ancient Tea Set","HandDrill","Potion Belt","Old Coin","CeramicFish","Kunai","Orrery","Sundial","HornCleat","Strange Spoon","Blue Candle","Eternal Feather"],"acts_visited":["Exordium","TheCity","TheBeyond","TheEnding"],"potions_floor_usage":[33,33,33,33,33,35,36,39,45,47,47,50,50,50,50,50,54,55,55,55,55,55,55,55,55,55,55],"damage_taken":[{"damage":0,"enemies":"2 Louse","floor":1,"turns":1},{"damage":0,"enemies":"Cultist","floor":4,"turns":1},{"damage":0,"enemies":"Jaw Worm","floor":5,"turns":1},{"damage":0,"enemies":"Lagavulin","floor":6,"turns":3},{"damage":16,"enemies":"3 Louse","floor":8,"turns":3},{"damage":0,"enemies":"Gremlin Nob","floor":10,"turns":2},{"damage":0,"enemies":"Lagavulin","floor":12,"turns":2},{"damage":33,"enemies":"The Guardian","floor":16,"turns":5},{"damage":0,"enemies":"Shell Parasite","floor":18,"turns":1},{"damage":0,"enemies":"Masked Bandits","floor":20,"turns":4},{"damage":0,"enemies":"Chosen","floor":22,"turns":1},{"damage":0,"enemies":"Slavers","floor":24,"turns":4},{"damage":0,"enemies":"Snake Plant","floor":31,"turns":1},{"damage":0,"enemies":"Champ","floor":33,"turns":3},{"damage":0,"enemies":"3 Shapes","floor":35,"turns":4},{"damage":0,"enemies":"3 Darklings","floor":36,"turns":4},{"damage":0,"enemies":"Jaw Worm Horde","floor":39,"turns":2},{"damage":0,"enemies":"Nemesis","floor":44,"turns":1},{"damage":0,"enemies":"2 Orb Walkers","floor":45,"turns":1},{"damage":0,"enemies":"4 Shapes","floor":47,"turns":2},{"damage":0,"enemies":"Reptomancer","floor":48,"turns":1},{"damage":0,"enemies":"Awakened One","floor":50,"turns":3},{"damage":0,"enemies":"Shield and Spear","floor":54,"turns":1},{"damage":8,"enemies":"The Heart","floor":55,"turns":4}],"seed_played":"-6048026779649918013","potions_obtained":[{"floor":1,"key":"PowerPotion"},{"floor":4,"key":"Regen Potion"},{"floor":12,"key":"champ:CounterPotion"},{"floor":20,"key":"PowerPotion"},{"floor":20,"key":"PowerPotion"},{"floor":22,"key":"PowerPotion"},{"floor":24,"key":"PowerPotion"},{"floor":33,"key":"blackbeard:RumPotion"},{"floor":33,"key":"AttackPotion"},{"floor":33,"key":"blackbeard:OrangeJuicePotion"},{"floor":33,"key":"Explosive Potion"},{"floor":33,"key":"Guardian:BlockOnCardUsePotion"},{"floor":35,"key":"DistilledChaos"},{"floor":35,"key":"blackbeard:RumPotion"},{"floor":36,"key":"EntropicBrew"},{"floor":44,"key":"SpeedPotion"},{"floor":44,"key":"Energy Potion"},{"floor":45,"key":"FairyPotion"},{"floor":45,"key":"Fruit Juice"},{"floor":45,"key":"FairyPotion"},{"floor":47,"key":"AttackPotion"},{"floor":54,"key":"PowerPotion"},{"floor":54,"key":"Slimebound:ThreeZeroPotion"},{"floor":54,"key":"blackbeard:RumPotion"}],"is_trial":false,"path_per_floor":["M","$","?","M","M","E","R","M","T","E","R","E","?","?","R","B",null,"M","?","?","?","M","R","E","$","T","R","$","?","$","M","R","B",null,"M","M","$","?","M","R","?","$","T","E","?","$","M","E","R","B",null,"R","$","E","B",null],"character_chosen":"BLACKBEARD_CLASS","items_purchased":["construct:FoamFinger","Frozen Egg 2","blackbeard:GoldenGuillotine","OrangePellets","TheAbacus","Toxic Egg 2","blackbeard:HipFlask","Ginger","Singing Bowl","blackbeard:MagicalCauldron","blackbeard:BloodOrange","Frozen Eye","Happy Flower","WingedGreaves","Flash of Steel","Mummified Hand","Ancient Tea Set","HandDrill","CeramicFish","Kunai","Orrery","HornCleat","Strange Spoon","Blue Candle","DistilledChaos","LiquidBronze","blackbeard:Rum+1"],"campfire_rested":2,"item_purchase_floors":[2,2,2,2,25,25,28,28,30,30,30,37,37,37,37,42,42,42,46,46,46,53,53,53,53,53,53],"current_hp_per_floor":[75,75,75,75,75,75,75,59,59,59,59,59,59,59,59,26,75,75,75,75,75,75,75,75,75,75,75,75,75,75,77,77,79,79,81,83,83,79,81,81,81,81,81,83,95,103,105,107,112,112,112,112,112,112,112],"gold":1539,"neow_bonus":"THREE_ENEMY_KILL","is_daily":false,"chose_seed":false,"campfire_upgraded":6,"win_rate":0.0,"timestamp":1609830761,"path_taken":["M","$","?","?","M","E","R","M","T","E","R","E","?","?","R","BOSS","M","?","?","?","?","R","E","$","T","R","$","?","$","M","R","BOSS","M","M","$","?","M","R","?","?","T","E","?","$","M","E","R","BOSS","R","$","E","BOSS"],"items_purchased_type":["Relic","Relic","Card","Relic","Relic","Relic","Relic","Relic","Relic","Relic","Relic","Relic","Relic","Relic","Card","Relic","Relic","Relic","Relic","Relic","Relic","Relic","Relic","Relic","Potion","Potion","Card"],"build_version":"2020-12-22","purchased_purges":7,"victory":true,"max_hp_per_floor":[75,75,75,75,75,75,75,75,75,75,75,75,75,75,75,75,75,75,75,75,75,75,75,75,75,75,75,75,75,75,77,77,79,79,81,83,83,89,91,91,86,86,86,88,100,108,110,112,112,112,112,112,112,112,112],"relic_stats":{"Singing Bowl":32,"Happy Flower":[5],"counters":[24,55],"CeramicFish":27,"Blue Candle":[0],"Eternal Feather":0,"Ginger":[14],"OrangePellets":[1],"Strange Spoon":[11],"TheAbacus":[84],"Mummified Hand":[93],"Sundial":[4],"Pantograph":0,"HandDrill":[0],"Kunai":[14],"obtain_stats":[{"Lantern":26,"construct:FoamFinger":2,"Calipers":12,"Singing Bowl":30,"SacredBark":25,"CeramicFish":46,"Ginger":28,"Bottled Tornado":10,"Ancient Tea Set":42,"Old Coin":45,"blackbeard:GoldenRing":6,"Frozen Eye":37,"TheAbacus":25,"HornCleat":53,"blackbeard:MagicalCauldron":30,"Mummified Hand":42,"Sundial":48,"Pantograph":24,"WingedGreaves":9,"Red Mask":20,"HandDrill":42,"Kunai":46,"Toxic Egg 2":25,"Potion Belt":22,"construct:WeddingRing":17,"NeowsBlessing":0,"Happy Flower":37,"blackbeard:LoadTheCannons":0,"Blue Candle":53,"Eternal Feather":54,"Frozen Egg 2":2,"blackbeard:HipFlask":28,"OrangePellets":2,"Runic Dome":34,"Strange Spoon":53,"Orrery":46,"blackbeard:BloodOrange":30,"StrikeDummy":9},{"Lantern":12,"construct:FoamFinger":1,"Calipers":7,"Singing Bowl":12,"SacredBark":12,"CeramicFish":19,"Ginger":12,"Bottled Tornado":6,"Ancient Tea Set":17,"Old Coin":19,"blackbeard:GoldenRing":4,"Frozen Eye":16,"TheAbacus":12,"HornCleat":22,"blackbeard:MagicalCauldron":12,"Mummified Hand":17,"Sundial":21,"Pantograph":12,"WingedGreaves":5,"Red Mask":10,"HandDrill":17,"Kunai":19,"Toxic Egg 2":12,"Potion Belt":11,"construct:WeddingRing":8,"NeowsBlessing":0,"Happy Flower":16,"blackbeard:LoadTheCannons":0,"Blue Candle":22,"Eternal Feather":23,"Frozen Egg 2":1,"blackbeard:HipFlask":12,"OrangePellets":1,"Runic Dome":14,"Strange Spoon":22,"Orrery":19,"blackbeard:BloodOrange":12,"StrikeDummy":5},{"Lantern":28,"construct:FoamFinger":1,"Calipers":13,"Singing Bowl":28,"SacredBark":28,"CeramicFish":44,"Ginger":28,"Bottled Tornado":11,"Ancient Tea Set":42,"Old Coin":44,"blackbeard:GoldenRing":6,"Frozen Eye":40,"TheAbacus":28,"HornCleat":50,"blackbeard:MagicalCauldron":28,"Mummified Hand":42,"Sundial":47,"Pantograph":28,"WingedGreaves":9,"Red Mask":23,"HandDrill":42,"Kunai":44,"Toxic Egg 2":28,"Potion Belt":24,"construct:WeddingRing":18,"NeowsBlessing":0,"Happy Flower":40,"blackbeard:LoadTheCannons":0,"Blue Candle":50,"Eternal Feather":51,"Frozen Egg 2":1,"blackbeard:HipFlask":28,"OrangePellets":1,"Runic Dome":32,"Strange Spoon":50,"Orrery":44,"blackbeard:BloodOrange":28,"StrikeDummy":9}]},"card_choices":[{"not_picked":["blackbeard:ArmorUp","blackbeard:WeaponProficiency"],"picked":"blackbeard:RearmingStrike","floor":1},{"not_picked":["blackbeard:CloakAndCannonball","blackbeard:WiseDefense","blackbeard:Recklessness"],"picked":"SKIP","floor":4},{"not_picked":["blackbeard:BeatUp","blackbeard:DeadlyArsenal"],"picked":"blackbeard:BrownPants+1","floor":5},{"not_picked":["blackbeard:DoubleCannonball","blackbeard:Anchor"],"picked":"blackbeard:GoldenGuillotine","floor":6},{"not_picked":["blackbeard:WeaponProficiency+1","blackbeard:FieryDefense"],"picked":"blackbeard:GoldenDefense","floor":8},{"not_picked":["blackbeard:Toast","blackbeard:GoldenStrike","blackbeard:SwordDance"],"picked":"SKIP","floor":10},{"not_picked":["blackbeard:Lifeboat","blackbeard:Anchor","blackbeard:CaptainsCabin"],"picked":"SKIP","floor":12},{"not_picked":["blackbeard:RearmingStrike+1","blackbeard:TacticalRetreat+1","blackbeard:Eyepatch+1"],"picked":"SKIP","floor":18},{"not_picked":["blackbeard:DoubleBottom+1","blackbeard:ChaoticDefense+1","blackbeard:TacticalRetreat"],"picked":"SKIP","floor":22},{"not_picked":["blackbeard:BlindAttacks","blackbeard:Toast+1","blackbeard:CloakAndCannonball"],"picked":"SKIP","floor":24},{"not_picked":["blackbeard:GhostInTheRum+1","blackbeard:WiseDefense+1","blackbeard:Sword+1"],"picked":"Singing Bowl","floor":31},{"not_picked":["blackbeard:GoldenGuillotine","blackbeard:Murder","blackbeard:PowerHungry+1"],"picked":"Singing Bowl","floor":33},{"not_picked":["blackbeard:CannonballSupply+1","blackbeard:Spear+1","blackbeard:Boarding"],"picked":"Singing Bowl","floor":35},{"not_picked":["blackbeard:Fencing+1","blackbeard:GoldenDefense+1","blackbeard:Toast+1"],"picked":"Singing Bowl","floor":36},{"not_picked":["Panacea+1","expansioncontent:CaCaw+1","expansioncontent:SlimeTackle"],"picked":"Singing Bowl","floor":38},{"not_picked":["Violence+1","Bandage Up+1","expansioncontent:DashGenerateEvil"],"picked":"Singing Bowl","floor":38},{"not_picked":["expansioncontent:Collect+1","expansioncontent:YouAreMine+1","Transmutation+1"],"picked":"Singing Bowl","floor":38},{"not_picked":["blackbeard:RearmingStrike+1","blackbeard:Fencing+1","blackbeard:CloakAndCannonball+1"],"picked":"Singing Bowl","floor":39},{"not_picked":["blackbeard:Salvager+1","blackbeard:GoldenCannonball","blackbeard:PiratesWill+1"],"picked":"Singing Bowl","floor":44},{"not_picked":["blackbeard:GoldenStrike+1","blackbeard:Sharpening+1","blackbeard:JollyRoger+1"],"picked":"Singing Bowl","floor":45},{"not_picked":["blackbeard:BlindAttacks+1","blackbeard:SmithingHammer+1","blackbeard:SwordDance+1"],"picked":"Singing Bowl","floor":46},{"not_picked":["blackbeard:CloakAndCannonball+1","blackbeard:FieryDefense+1","blackbeard:TacticalRetreat+1"],"picked":"Singing Bowl","floor":46},{"not_picked":["blackbeard:Dagger+1","blackbeard:ArmorUp+1","blackbeard:TacticalRetreat+1"],"picked":"Singing Bowl","floor":46},{"not_picked":["blackbeard:Fencing+1","blackbeard:Salvager+1"],"picked":"blackbeard:Provisioning+1","floor":46},{"not_picked":["blackbeard:CannonballSupply+1","blackbeard:BlindAttacks","blackbeard:GoldenDefense+1"],"picked":"Singing Bowl","floor":46},{"not_picked":["blackbeard:RemoveScurvy+1","blackbeard:CannonBarrage+1","blackbeard:Scrap+1"],"picked":"Singing Bowl","floor":47},{"not_picked":["blackbeard:DoubleBottom+1","blackbeard:Fencing+1","blackbeard:Revenge"],"picked":"Singing Bowl","floor":48},{"not_picked":["blackbeard:PowderKeg+1","blackbeard:AgileStrike"],"picked":"blackbeard:ReapersScythe+1","floor":54}],"player_experience":331589,"relics_obtained":[{"floor":6,"key":"blackbeard:GoldenRing"},{"floor":9,"key":"StrikeDummy"},{"floor":10,"key":"Bottled Tornado"},{"floor":12,"key":"Calipers"},{"floor":20,"key":"Red Mask"},{"floor":24,"key":"Pantograph"},{"floor":26,"key":"Lantern"},{"floor":44,"key":"Potion Belt"},{"floor":45,"key":"Old Coin"},{"floor":48,"key":"Sundial"},{"floor":54,"key":"Eternal Feather"}],"event_choices":[{"cards_removed":["blackbeard:BlackbeardStrike"],"damage_healed":0,"gold_gain":0,"player_choice":"Purged","damage_taken":0,"max_hp_gain":0,"max_hp_loss":0,"event_name":"Purifier","floor":3,"gold_loss":0},{"cards_removed":["blackbeard:BlackbeardStrike"],"damage_healed":0,"gold_gain":0,"player_choice":"Card Removal","damage_taken":0,"max_hp_gain":0,"max_hp_loss":0,"event_name":"The Cleric","floor":13,"gold_loss":50},{"damage_healed":0,"gold_gain":0,"player_choice":"Forge","damage_taken":0,"max_hp_gain":0,"max_hp_loss":0,"event_name":"Accursed Blacksmith","floor":14,"gold_loss":0,"cards_upgraded":["blackbeard:GoldenDefense"]},{"damage_healed":0,"gold_gain":0,"player_choice":"Ignored","damage_taken":0,"max_hp_gain":0,"max_hp_loss":0,"event_name":"Ghosts","floor":19,"gold_loss":0},{"damage_healed":0,"gold_gain":0,"player_choice":"Fought Bandits","damage_taken":0,"max_hp_gain":0,"max_hp_loss":0,"event_name":"Masked Bandits","floor":20,"gold_loss":0},{"cards_removed":["blackbeard:BlackbeardStrike"],"damage_healed":0,"gold_gain":0,"player_choice":"Offered Basic","damage_taken":0,"max_hp_gain":0,"max_hp_loss":0,"event_name":"Bonfire Elementals","floor":21,"gold_loss":0},{"damage_healed":0,"gold_gain":0,"player_choice":"Ignored","damage_taken":0,"max_hp_gain":0,"max_hp_loss":0,"event_name":"Vampires","floor":29,"gold_loss":0},{"damage_healed":0,"gold_gain":0,"player_choice":"Memory 3","damage_taken":10,"max_hp_gain":0,"max_hp_loss":0,"event_name":"SensoryStone","floor":38,"gold_loss":0},{"damage_healed":0,"gold_gain":0,"player_choice":"Max HP","damage_taken":0,"max_hp_gain":0,"max_hp_loss":5,"event_name":"Winding Halls","floor":41,"gold_loss":0},{"damage_healed":0,"gold_gain":0,"player_choice":"Fight","damage_taken":0,"max_hp_gain":0,"max_hp_loss":0,"event_name":"Mysterious Sphere","floor":45,"gold_loss":0}],"is_beta":false,"boss_relics":[{"not_picked":["Sozu","Busted Crown"],"picked":"construct:WeddingRing"},{"not_picked":["Runic Pyramid","Astrolabe"],"picked":"Runic Dome"}],"items_purged_floors":[2,25,28,30,37,42,53],"is_endless":false,"potions_floor_spawned":[1,4,12,18],"ascension_level":0}}