{"host":"c74k1426u5comtjm","time":1609886455,"event":{"mods":["AchievementEnabler","BaseMod","Block Reminder","Colored Map","Colored Powertips","Downfall","Friendly Minions","GifTheSpireLib","Minty Spire (QoL Compilation)","Permanent Neow","Random Character Button","Relic Stats","Spire Birthday Party","StSLib","everything is the same but u backflip on backflip"],"gold_per_floor":[99,111,127,141,126,156,181,181,193,208,160,171,96,113,124,227,227,227,237,237,237,253,278,278,296,296,16,32,44,44,79,93,198,198,198,215,229,249,74,74,74,74,74,127,153,78,93,113,132,132],"floor_reached":51,"playtime":4654,"items_purged":[],"score":828,"play_id":"20be604d-3a4f-4fd9-a0b2-2bcf380adeba","local_time":"20210105144055","is_ascension_mode":true,"campfire_choices":[{"floor":1.0,"key":"RECALL"},{"floor":13.0,"key":"REST"}],"circlet_count":0,"master_deck":["Guardian:Defend_Guardian","Guardian:Defend_Guardian","Guardian:Defend_Guardian","Guardian:Defend_Guardian","Guardian:CurlUp","Guardian:TwinSlam+1","Guardian:PiercingHide","Guardian:PrismaticBarrier","Guardian:Orbwalk","Guardian:SpikerProtocol","Guardian:DecasProtection","Guardian:SpikerProtocol","Guardian:ConstructionForm","Guardian:SpikerProtocol","Guardian:VentSteam","Guardian:FloatingOrbs","Guardian:VentSteam","Guardian:CrystalBeam","Guardian:PrismaticBeam+1","Guardian:TimeCapacitor+1","Guardian:EvasiveProtocol+1","Guardian:GuardianWhirl+1","Guardian:Repulse","Guardian:BronzeArmor","Guardian:Gem_Crimson","Guardian:VentSteam+1","Guardian:Gem_Fragmented","Guardian:Gem_Purple","Guardian:Orbwalk+1","Guardian:EvasiveProtocol+1"],"relics":["Fusion Hammer","Oddly Smooth Stone","Strawberry","downfall:HeartBlessingRed","Coffee Dripper","Enchiridion","Mummified Hand","Potion Belt","Guardian:PickAxe","Astrolabe","Vajra","Guardian:BottledStasis","Whetstone","Letter Opener","downfall:HeartBlessingGreen"],"acts_visited":["Exordium","TheCity","TheBeyond"],"potions_floor_usage":[50,50,50],"damage_taken":[{"damage":2.0,"enemies":"2 Louse","floor":2.0,"turns":2.0},{"damage":3.0,"enemies":"Jaw Worm","floor":3.0,"turns":3.0},{"damage":2.0,"enemies":"Small Slimes","floor":4.0,"turns":4.0},{"damage":0.0,"enemies":"downfall:FleeingMerchant","floor":5.0,"turns":4.0},{"damage":0.0,"enemies":"3 Louse","floor":9.0,"turns":2.0},{"damage":0.0,"enemies":"2 Fungi Beasts","floor":10.0,"turns":5.0},{"damage":0.0,"enemies":"downfall:FleeingMerchant","floor":11.0,"turns":4.0},{"damage":0.0,"enemies":"Lots of Slimes","floor":12.0,"turns":3.0},{"damage":0.0,"enemies":"Blue Slaver","floor":14.0,"turns":4.0},{"damage":0.0,"enemies":"Large Slime","floor":15.0,"turns":5.0},{"damage":17.0,"enemies":"downfall:Defect","floor":16.0,"turns":8.0},{"damage":0.0,"enemies":"Chosen","floor":19.0,"turns":6.0},{"damage":0.0,"enemies":"Snake Plant","floor":22.0,"turns":4.0},{"damage":16.0,"enemies":"Gremlin Leader","floor":23.0,"turns":8.0},{"damage":0.0,"enemies":"Centurion and Healer","floor":25.0,"turns":10.0},{"damage":0.0,"enemies":"downfall:FleeingMerchant","floor":27.0,"turns":4.0},{"damage":0.0,"enemies":"3 Cultists","floor":28.0,"turns":5.0},{"damage":0.0,"enemies":"Snake Plant","floor":29.0,"turns":3.0},{"damage":0.0,"enemies":"Book of Stabbing","floor":31.0,"turns":4.0},{"damage":9.0,"enemies":"Shelled Parasite and Fungi","floor":32.0,"turns":4.0},{"damage":15.0,"enemies":"downfall:Watcher","floor":33.0,"turns":10.0},{"damage":0.0,"enemies":"Orb Walker","floor":36.0,"turns":5.0},{"damage":0.0,"enemies":"3 Shapes","floor":37.0,"turns":5.0},{"damage":0.0,"enemies":"3 Darklings","floor":38.0,"turns":6.0},{"damage":0.0,"enemies":"downfall:FleeingMerchant","floor":39.0,"turns":4.0},{"damage":0.0,"enemies":"downfall:FleeingMerchant","floor":44.0,"turns":2.0},{"damage":0.0,"enemies":"Nemesis","floor":45.0,"turns":5.0},{"damage":0.0,"enemies":"Writhing Mass","floor":47.0,"turns":4.0},{"damage":29.0,"enemies":"Transient","floor":48.0,"turns":5.0},{"damage":0.0,"enemies":"3 Darklings","floor":49.0,"turns":2.0},{"damage":0,"enemies":"downfall:Silent","floor":50,"turns":4}],"seed_played":"8730326934616167305","potions_obtained":[{"floor":9.0,"key":"DistilledChaos"},{"floor":10.0,"key":"SteroidPotion"},{"floor":15.0,"key":"AttackPotion"},{"floor":16.0,"key":"SteroidPotion"},{"floor":21.0,"key":"CultistPotion"},{"floor":23.0,"key":"PowerPotion"},{"floor":28.0,"key":"Block Potion"},{"floor":31.0,"key":"BlessingOfTheForge"},{"floor":33.0,"key":"Guardian:DefensiveModePotion"},{"floor":36.0,"key":"PowerPotion"},{"floor":47.0,"key":"champ:CounterPotion"}],"is_trial":false,"path_per_floor":["R","M","M","M","$","?","T","?","M","M","$","M","R","M","M","B",null,"R","M","?","?","M","E","T","M","R","$","M","M","R","E","M","B",null,"R","M","M","M","?","?","T","?","?","$","E","R","M","M","M","B",null],"character_chosen":"GUARDIAN","items_purchased":["Guardian:SpikerProtocol","Guardian:Gem_Synthetic","Guardian:VentSteam","Guardian:FloatingOrbs","Guardian:Repulse","Guardian:BronzeArmor","Guardian:BottledStasis","Whetstone"],"campfire_rested":1,"item_purchase_floors":[11,27,27,27,39,39,44,44],"current_hp_per_floor":[80,78,75,73,73,73,73,68,68,68,68,68,87,87,87,70,87,87,87,71,71,71,55,55,55,55,55,55,55,55,55,46,31,87,87,87,87,87,87,87,87,87,87,87,87,87,87,58,58,58],"gold":132,"neow_bonus":"BOSS_RELIC","is_daily":false,"chose_seed":false,"campfire_upgraded":0,"win_rate":0.0,"timestamp":1609886455,"path_taken":["R","M","M","M","$","?","T","?","M","M","?","M","R","M","M","BOSS","R","M","?","?","M","E","T","M","R","$","M","M","R","E","M","BOSS","R","M","M","M","?","?","T","?","?","$","E","R","M","?","M","BOSS"],"items_purchased_type":["Card","Card","Card","Card","Card","Card","Relic","Relic"],"build_version":"2020-12-22","purchased_purges":0,"victory":true,"max_hp_per_floor":[80,80,80,80,80,80,80,87,87,87,87,87,87,87,87,87,87,87,87,87,87,87,87,87,87,87,87,87,87,87,87,87,87,87,87,87,87,87,87,87,87,87,87,87,87,87,87,87,87,87],"relic_stats":{"counters":[31,144],"Mummified Hand":[131],"Astrolabe":["Guardian:PrismaticBeam","Guardian:TimeCapacitor","Guardian:EvasiveProtocol"],"Whetstone":["Guardian:GuardianWhirl","Guardian:TwinSlam"],"Letter Opener":[58],"obtain_stats":[{"Potion Belt":24,"Guardian:BottledStasis":44,"downfall:HeartBlessingRed":13,"Astrolabe":34,"Guardian:ModeShifter":0,"Oddly Smooth Stone":7,"Enchiridion":20,"Vajra":41,"downfall:HeartBlessingGreen":46,"Whetstone":44,"Letter Opener":45,"Guardian:PickAxe":31,"Mummified Hand":23,"Strawberry":8,"Fusion Hammer":0,"Coffee Dripper":17},{"Potion Belt":14,"Guardian:BottledStasis":26,"downfall:HeartBlessingRed":8,"Astrolabe":21,"Guardian:ModeShifter":0,"Oddly Smooth Stone":4,"Enchiridion":12,"Vajra":25,"downfall:HeartBlessingGreen":27,"Whetstone":26,"Letter Opener":27,"Guardian:PickAxe":19,"Mummified Hand":14,"Strawberry":4,"Fusion Hammer":0,"Coffee Dripper":11},{"Potion Belt":62,"Guardian:BottledStasis":124,"downfall:HeartBlessingRed":27,"Astrolabe":102,"Guardian:ModeShifter":0,"Oddly Smooth Stone":13,"Enchiridion":50,"Vajra":122,"downfall:HeartBlessingGreen":129,"Whetstone":124,"Letter Opener":129,"Guardian:PickAxe":88,"Mummified Hand":62,"Strawberry":13,"Fusion Hammer":0,"Coffee Dripper":44}]},"card_choices":[{"not_picked":["Guardian:WalkerClaw","Guardian:ShieldCharger"],"picked":"Guardian:PiercingHide","floor":2.0},{"not_picked":["Guardian:Clone","Guardian:PiercingHide"],"picked":"Guardian:PrismaticBarrier","floor":3.0},{"not_picked":["Guardian:PiercingHide","Guardian:TemporalShield","Guardian:Recover"],"picked":"SKIP","floor":4.0},{"not_picked":["Guardian:TemporalStrike","Guardian:PiercingHide"],"picked":"Guardian:Gem_Purple","floor":5.0},{"not_picked":["Guardian:Suspension","Guardian:SpikerProtocol"],"picked":"Guardian:Gem_White","floor":9.0},{"not_picked":["Guardian:Gem_Green","Guardian:ConstructionForm","Guardian:Gem_Red"],"picked":"SKIP","floor":10.0},{"not_picked":["Guardian:Recover","Guardian:ExploitGems"],"picked":"Guardian:Orbwalk","floor":11.0},{"not_picked":["Guardian:Incinerate","Guardian:MultiBeam"],"picked":"Guardian:DecasProtection","floor":12.0},{"not_picked":["Guardian:PrismaticBeam","Guardian:Incinerate"],"picked":"Guardian:Gem_Lightblue","floor":14.0},{"not_picked":["Guardian:WalkerClaw","Guardian:Gem_Green"],"picked":"Guardian:SpikerProtocol","floor":15.0},{"not_picked":["Guardian:ExploitGems","Guardian:TimeSifter"],"picked":"Guardian:ConstructionForm","floor":16.0},{"not_picked":["Guardian:ChargeCore","Guardian:Planning+1"],"picked":"Guardian:SpikerProtocol","floor":19.0},{"not_picked":["Guardian:WalkerClaw","Guardian:PrimingBeam+1"],"picked":"Guardian:Gem_Green","floor":22.0},{"not_picked":["Guardian:Planning","Guardian:HyperBeam_Guardian"],"picked":"Guardian:Gem_Purple","floor":23.0},{"not_picked":["Guardian:TimeCapacitor","Guardian:MultiBeam"],"picked":"Guardian:Gem_Crimson","floor":25.0},{"not_picked":["Guardian:CrystalBeam","Guardian:Gem_Lightblue"],"picked":"Guardian:Gem_Blue","floor":27.0},{"not_picked":["Guardian:Gem_Cyan","Guardian:PrimingBeam+1"],"picked":"Guardian:VentSteam","floor":28.0},{"not_picked":["Guardian:Reroute","Guardian:BronzeArmor"],"picked":"Guardian:CrystalBeam","floor":29.0},{"not_picked":["Guardian:ChargeCore+1","Guardian:TemporalShield","Guardian:Incinerate+1"],"picked":"SKIP","floor":31.0},{"not_picked":["Guardian:PrimingBeam+1","Guardian:Emergency","Guardian:BronzeOrb"],"picked":"SKIP","floor":32.0},{"not_picked":["Guardian:StasisField","Guardian:StasisStrike"],"picked":"Guardian:Gem_Orange","floor":33.0},{"not_picked":["Guardian:Gem_Green","Guardian:Incinerate+1"],"picked":"Guardian:Gem_Cyan","floor":36.0},{"not_picked":["Guardian:TemporalStrike","Guardian:ShieldSpikes+1","Guardian:CrystalBeam"],"picked":"SKIP","floor":37.0},{"not_picked":["Guardian:Clone+1","Guardian:PiercingHide+1"],"picked":"Guardian:GuardianWhirl","floor":38.0},{"not_picked":["Guardian:Gem_White","Guardian:VentSteam"],"picked":"Guardian:Gem_Synthetic","floor":39.0},{"not_picked":["Guardian:RollAttack","Guardian:SpikerProtocol","Guardian:EvasiveProtocol"],"picked":"SKIP","floor":44.0},{"not_picked":["Guardian:Gem_Lightblue","Guardian:Reroute+1"],"picked":"Guardian:VentSteam+1","floor":45.0},{"not_picked":["Guardian:Gem_Cyan","Guardian:ShieldCharger"],"picked":"Guardian:Orbwalk+1","floor":47.0},{"not_picked":["Guardian:PiercingHide","Guardian:RollAttack","Guardian:Recover+1"],"picked":"SKIP","floor":48.0},{"not_picked":["Guardian:ShieldCharger","Guardian:ShieldSpikes"],"picked":"Guardian:EvasiveProtocol+1","floor":49.0}],"player_experience":638432,"relics_obtained":[{"floor":7.0,"key":"Oddly Smooth Stone"},{"floor":20.0,"key":"Enchiridion"},{"floor":23.0,"key":"Mummified Hand"},{"floor":24.0,"key":"Potion Belt"},{"floor":31.0,"key":"Guardian:PickAxe"},{"floor":41.0,"key":"Vajra"},{"floor":45.0,"key":"Letter Opener"}],"event_choices":[{"damage_healed":0.0,"max_hp_gain":0.0,"max_hp_loss":0.0,"gold_gain":0.0,"event_name":"Scrap Ooze","player_choice":"Success","floor":8.0,"gold_loss":0.0,"damage_taken":12.0,"relics_obtained":["Strawberry"]}],"is_beta":false,"boss_relics":[{"not_picked":["SacredBark","Runic Dome"],"picked":"Coffee Dripper"},{"not_picked":["Sozu","Cursed Key"],"picked":"Astrolabe"}],"items_purged_floors":[],"is_endless":false,"potions_floor_spawned":[9,10,15,16,23,25,28,31,33,36,45,47,48,49],"ascension_level":1}}