{"host":"ueaobptuyu87ouwy","time":1609837487,"event":{"mods":["Aspiration","Bard","BaseMod","Better Altar","Better Match","Better Note","Better Sensory Stone","Better Skull","Better Third Choice","BetterRewards","CCEM","Colored Map","Conspire","Downfall","GifTheSpireLib","Googly Eyes","Halation","Hermit","Highlight Path","Hubris","Infinite Spire","Jedi Mod","Jorbs\u0027s Wanderer Trilogy","Marisa????????","Mimic Mod","Minty Spire (QoL Compilation)","Permanent Neow","Replay The Spire","StSLib","Stuff the Spire","The Runesmith","Unceasing Turn Reminder","everything is the same but u backflip on backflip","slay the spire mod where everything is the same but ironclad has a cowboy hat"],"gold_per_floor":[118,132,132,19,29,29,42,42,42,52,87,100,119,119,119,221,221,240,240,263,283,283,283,318,330,342,303,336,356,388,409,409,421,421],"floor_reached":33,"playtime":1726,"items_purged":["Strike_B","Strike_B"],"score":291,"play_id":"4313f1be-57df-44d0-99e1-271060f2cd1c","local_time":"20210105170447","is_ascension_mode":false,"campfire_choices":[{"data":"Ball Lightning","floor":6,"key":"SMITH"},{"data":"Conserve Battery","floor":8,"key":"SMITH"},{"data":"infinitespire:Starlight","floor":15,"key":"SMITH"},{"data":"Zap","floor":25,"key":"SMITH"}],"circlet_count":0,"master_deck":["Strike_B","Strike_B","Defend_B","Defend_B","Defend_B","Defend_B","Zap+1","Dualcast","Ball Lightning+1","Rip and Tear","infinitespire:Starlight+1","conspire:SharedLibrary","Conserve Battery+1","StuffTheSpire:ShieldGenerator","White Noise","Consume","Electrodynamics","Melter","jedi:BurstLightning","Capacitor","infinitespire:FinalStrike","Static Discharge+1","aspiration:Polymerization+1","ReplayTheSpireMod:Calculation Training+1","StuffTheSpire:LoadUp+1","infinitespire:NeuralNetwork","Ball Lightning"],"relics":["Cracked Core","aspiration:Nostalgia","Burning Blood","conspire:BottledYoYo","halation:PromiseList","hubris:Towel","Ring of Chaos","infinitespire:Midas Blood","MawBank","Mummified Hand","aspiration:FrozenJewel","StuffTheSpire:HeavyRock"],"acts_visited":["Exordium","TheCity"],"potions_floor_usage":[16,18,33,33,33],"damage_taken":[{"damage":0,"enemies":"Small Slimes","floor":1,"turns":3},{"damage":1,"enemies":"conspire:RoseBush","floor":2,"turns":2},{"damage":16,"enemies":"infinitespire:Voidling","floor":5,"turns":3},{"damage":25,"enemies":"Exordium Thugs","floor":7,"turns":4},{"damage":3,"enemies":"conspire:2 RoseBushes","floor":10,"turns":4},{"damage":4,"enemies":"Replay:BlueRogue","floor":11,"turns":6},{"damage":8,"enemies":"Red Slaver","floor":12,"turns":3},{"damage":3,"enemies":"Exordium Wildlife","floor":13,"turns":2},{"damage":63,"enemies":"Hexaghost","floor":16,"turns":10},{"damage":37,"enemies":"Spheric Guardian","floor":18,"turns":5},{"damage":21,"enemies":"Shell Parasite","floor":20,"turns":5},{"damage":15,"enemies":"Shelled Parasite and Fungi","floor":21,"turns":6},{"damage":23,"enemies":"Centurion and Healer","floor":24,"turns":7},{"damage":7,"enemies":"conspire:Head Lice","floor":28,"turns":6},{"damage":33,"enemies":"Cultist and Chosen","floor":29,"turns":5},{"damage":39,"enemies":"Nightmare","floor":30,"turns":6},{"damage":10,"enemies":"Snake Plant","floor":31,"turns":3},{"damage":79,"enemies":"hubris:MusketHawk","floor":33,"turns":8}],"seed_played":"-1293923841113096495","potions_obtained":[{"floor":2,"key":"Slimebound:ThreeZeroPotion"},{"floor":12,"key":"AttackPotion"},{"floor":13,"key":"Strength Potion"},{"floor":16,"key":"Adrenaline Potion"},{"floor":18,"key":"jedi:mysterypotion"},{"floor":22,"key":"jedi:StrikingPotion"},{"floor":22,"key":"DuplicationPotion"}],"is_trial":false,"path_per_floor":["M","M","?","$","M","R","M","R","T","M","E","M","M","?","R","B",null,"M","?","M","M","?","AVR","M","R","T","$","E","M","NM","M","R_BF","B"],"character_chosen":"DEFECT","items_purchased":["conspire:SharedLibrary","Static Discharge+1"],"campfire_rested":0,"item_purchase_floors":[4,27],"current_hp_per_floor":[75,75,56,56,56,56,47,47,47,60,72,70,73,73,73,31,75,51,51,51,57,57,57,55,55,55,55,69,48,30,41,63,0,0],"gold":421,"neow_bonus":"NOSTALGIA","is_daily":false,"chose_seed":false,"campfire_upgraded":4,"win_rate":0.0,"timestamp":1609837487,"path_taken":["M","M","?","$","M","R","M","R","T","M","E","M","M","?","R","BOSS","M","?","M","M","?","AVR","?","R","T","$","E","M","NM","M","R_BF","BOSS"],"items_purchased_type":["Card","Card"],"build_version":"2020-12-13","purchased_purges":2,"victory":false,"max_hp_per_floor":[75,75,75,75,75,75,75,75,75,75,75,75,75,75,75,75,75,75,75,75,75,75,75,75,75,75,75,75,75,75,75,75,75,75],"card_choices":[{"not_picked":["Stack","Barrage"],"picked":"Ball Lightning","floor":1},{"not_picked":["jedi:BurstLightning","Beam Cell"],"picked":"Rip and Tear","floor":2},{"not_picked":["ReplayTheSpireMod:Haul","Replay:Fractal Strike"],"picked":"infinitespire:Starlight","floor":3},{"not_picked":["Compile Driver","Chill"],"picked":"Conserve Battery","floor":5},{"not_picked":["Stack","Go for the Eyes","Glacier"],"picked":"SKIP","floor":7},{"not_picked":["jedi:BurstFrost","Cold Snap","Ball Lightning"],"picked":"SKIP","floor":10},{"not_picked":["Tempest","Gash"],"picked":"StuffTheSpire:ShieldGenerator","floor":11},{"not_picked":["Tempest","ReplayTheSpireMod:GoodbyeWorld"],"picked":"White Noise","floor":12},{"not_picked":["White Noise","FTL"],"picked":"Consume","floor":13},{"not_picked":["jedi:BurstDark","Rainbow"],"picked":"Electrodynamics","floor":16},{"not_picked":["Leap","jedi:BurstLightning"],"picked":"Melter","floor":18},{"not_picked":["Cold Snap","jedi:blockon+1"],"picked":"jedi:BurstLightning","floor":20},{"not_picked":["ReplayGash","Redo"],"picked":"Capacitor","floor":21},{"not_picked":["Coolheaded","hubris:SpecializedCircuitry","jedi:BurstLightning"],"picked":"SKIP","floor":24},{"not_picked":["BasicCrystalCard","StuffTheSpire:Plugnplay"],"picked":"aspiration:Polymerization+1","floor":28},{"not_picked":["Force Field","Coolheaded"],"picked":"ReplayTheSpireMod:Calculation Training+1","floor":29},{"not_picked":["Panic Button+1","StuffTheSpire:Plugnplay"],"picked":"StuffTheSpire:LoadUp","floor":30},{"not_picked":["infinitespire:FinalStrike","infinitespire:UltimateForm"],"picked":"infinitespire:NeuralNetwork","floor":30},{"not_picked":["Panic Button","Steam"],"picked":"Ball Lightning","floor":31}],"player_experience":4500,"relics_obtained":[{"floor":9,"key":"conspire:BottledYoYo"},{"floor":11,"key":"halation:PromiseList"},{"floor":26,"key":"Mummified Hand"},{"floor":28,"key":"aspiration:FrozenJewel"},{"floor":30,"key":"StuffTheSpire:HeavyRock"}],"event_choices":[{"damage_healed":0,"gold_gain":0,"player_choice":"Gave Potion","damage_taken":0,"relics_obtained":["infinitespire:Midas Blood"],"max_hp_gain":0,"max_hp_loss":0,"event_name":"WeMeetAgain","floor":19,"gold_loss":0},{"damage_healed":0,"gold_gain":0,"player_choice":"Got Potions","damage_taken":0,"max_hp_gain":0,"max_hp_loss":0,"event_name":"Lab","floor":22,"gold_loss":0}],"is_beta":false,"boss_relics":[{"not_picked":["FrozenCore","conspire:RunicOctahedron"],"picked":"Ring of Chaos"}],"items_purged_floors":[4,23],"is_endless":false,"potions_floor_spawned":[2,12,13,16,18,28,29],"killed_by":"hubris:MusketHawk","ascension_level":0}}