{"host":"qn3py9t0m14v0dc6","time":1609816879,"event":{"mods":["AchievementEnabler","BaseMod","Colored Map","Evolution","Minty Spire (QoL Compilation)","Spicy Shops","StSLib"],"gold_per_floor":[115,126,126,201,201,230,230,264,264,439,439,459,489,186,186,286,286,300,300,313,313,331,366,366,399,399,399,415,415,429,463,463,558,558,574,574,594,25,45,73,73,87,87,115,127,127,178,210,210,210],"floor_reached":51,"playtime":3755,"items_purged":["Regret","Defend_B"],"score":894,"play_id":"358d79df-2bee-41d0-9815-1613c86027fc","local_time":"20210104212119","is_ascension_mode":true,"campfire_choices":[{"data":"Coolheaded","floor":7.0,"key":"SMITH"},{"data":"Zap","floor":11.0,"key":"SMITH"},{"floor":15.0,"key":"REST"},{"data":"Defragment","floor":24,"key":"SMITH"},{"data":"White Noise","floor":27,"key":"SMITH"},{"floor":29,"key":"REST"},{"data":"Blizzard","floor":32,"key":"SMITH"},{"data":"Dualcast","floor":41,"key":"SMITH"},{"data":"Chill","floor":46,"key":"SMITH"},{"data":"Echo Form","floor":49,"key":"SMITH"}],"circlet_count":0,"master_deck":["Strike_B","Strike_B+1","Strike_B","Strike_B","Defend_B+1","Defend_B","Defend_B","Zap+1","Dualcast+1","Cold Snap","Coolheaded+1","Blizzard+1","Doubt","Compile Driver","Blizzard","White Noise+1","Electrodynamics","Go for the Eyes","Chill","Defragment+1","Glacier","Chill+1","Storm+1","Creative AI+1","Redo+1","Chill+1","Cold Snap+1","Glacier+1","White Noise+1","Echo Form+1"],"relics":["Cracked Core","EVO:Axolotl","NeowsBlessing","FossilizedHelix","Torii","Bag of Marbles","Darkstone Periapt","Odd Mushroom","Runic Capacitor","Inserter","Nilry\u0027s Codex","Nunchaku","Bag of Preparation","Pantograph","Bronze Scales","SacredBark","Unceasing Top","Happy Flower","Letter Opener","MealTicket","Peace Pipe","Bird Faced Urn"],"acts_visited":["Exordium","TheCity","TheBeyond"],"potions_floor_usage":[16,23,25,31,40,44,50,50],"damage_taken":[{"damage":0.0,"enemies":"Small Slimes","floor":1.0,"turns":1.0},{"damage":0.0,"enemies":"2 Louse","floor":2.0,"turns":1.0},{"damage":0.0,"enemies":"Lagavulin","floor":6.0,"turns":1.0},{"damage":26.0,"enemies":"Gremlin Nob","floor":8.0,"turns":4.0},{"damage":2.0,"enemies":"Jaw Worm","floor":12.0,"turns":3.0},{"damage":16.0,"enemies":"The Mushroom Lair","floor":13.0,"turns":4.0},{"damage":1,"enemies":"Slime Boss","floor":16,"turns":8},{"damage":8,"enemies":"Chosen","floor":18,"turns":5},{"damage":0,"enemies":"3 Byrds","floor":20,"turns":3},{"damage":9,"enemies":"Snake Plant","floor":22,"turns":4},{"damage":18,"enemies":"Book of Stabbing","floor":23,"turns":7},{"damage":18,"enemies":"Gremlin Leader","floor":25,"turns":6},{"damage":0,"enemies":"Chosen and Byrds","floor":28,"turns":7},{"damage":0,"enemies":"Shelled Parasite and Fungi","floor":30,"turns":5},{"damage":7,"enemies":"Slavers","floor":31,"turns":3},{"damage":0,"enemies":"Champ","floor":33,"turns":9},{"damage":6,"enemies":"Orb Walker","floor":35,"turns":4},{"damage":8,"enemies":"3 Darklings","floor":37,"turns":3},{"damage":1,"enemies":"Spire Growth","floor":39,"turns":5},{"damage":1,"enemies":"Giant Head","floor":40,"turns":7},{"damage":0,"enemies":"Sphere and 2 Shapes","floor":42,"turns":4},{"damage":6,"enemies":"Nemesis","floor":44,"turns":5},{"damage":0,"enemies":"Maw","floor":45,"turns":7},{"damage":10,"enemies":"2 Orb Walkers","floor":47,"turns":3},{"damage":0,"enemies":"Reptomancer","floor":48,"turns":4},{"damage":28,"enemies":"Awakened One","floor":50,"turns":6}],"seed_played":"-8959823231684183716","potions_obtained":[{"floor":8.0,"key":"Dexterity Potion"},{"floor":13.0,"key":"Strength Potion"},{"floor":16,"key":"Explosive Potion"},{"floor":20,"key":"PowerPotion"},{"floor":28,"key":"SpeedPotion"},{"floor":30,"key":"Fire Potion"},{"floor":31,"key":"SteroidPotion"},{"floor":33,"key":"DuplicationPotion"},{"floor":35,"key":"Strength Potion"},{"floor":40,"key":"Swift Potion"},{"floor":44,"key":"GamblersBrew"}],"is_trial":false,"path_per_floor":["M","M","?","?","?","E","R","E","T","?","R","M","?","$","R","B",null,"M","?","M","?","M","E","R","E","T","R","M","R","M","E","R","B",null,"M","?","M","$","M","E","R","M","T","E","M","R","?","E","R","B",null],"character_chosen":"DEFECT","items_purchased":["Runic Capacitor","White Noise","Unceasing Top","Chill"],"campfire_rested":2,"item_purchase_floors":[14,14,38,38],"current_hp_per_floor":[75,75,75,64,49,49,49,23,23,29,29,27,11,11,35,34,81,73,73,73,57,48,30,30,12,12,12,12,36,36,29,29,54,81,75,75,67,67,66,65,65,65,65,59,59,59,49,49,49,81],"gold":210,"neow_bonus":"THREE_ENEMY_KILL","is_daily":false,"chose_seed":false,"campfire_upgraded":8,"win_rate":0.0,"timestamp":1609816879,"path_taken":["M","M","?","?","?","E","R","E","T","?","R","M","?","$","R","BOSS","M","?","M","?","M","E","R","E","T","R","M","R","M","E","R","BOSS","M","?","?","$","?","E","R","M","T","E","M","R","?","E","R","BOSS"],"items_purchased_type":["Relic","Card","Relic","Card"],"build_version":"2020-12-22","purchased_purges":2,"victory":true,"max_hp_per_floor":[75,75,75,75,75,75,75,75,75,81,81,81,81,81,81,81,81,81,81,81,81,81,81,81,81,81,81,81,81,81,81,81,81,81,81,81,81,81,81,81,81,81,81,81,81,81,81,81,81,81],"card_choices":[{"not_picked":["Go for the Eyes","Ball Lightning"],"picked":"Cold Snap","floor":1.0},{"not_picked":["Double Energy","Steam Power","Hologram"],"picked":"SKIP","floor":2.0},{"not_picked":["Go for the Eyes","Compile Driver"],"picked":"Coolheaded","floor":6.0},{"not_picked":["Sweeping Beam","Machine Learning"],"picked":"Blizzard","floor":8.0},{"not_picked":["Storm","Sweeping Beam"],"picked":"Compile Driver","floor":12.0},{"not_picked":["BootSequence","Turbo"],"picked":"Blizzard","floor":13.0},{"not_picked":["Biased Cognition","Machine Learning"],"picked":"Electrodynamics","floor":16},{"not_picked":["Doom and Gloom","Sunder"],"picked":"Go for the Eyes","floor":18},{"not_picked":["Redo","Streamline","Gash+1"],"picked":"SKIP","floor":20},{"not_picked":["Coolheaded+1","Doom and Gloom"],"picked":"Defragment","floor":22},{"not_picked":["Steam+1","Go for the Eyes"],"picked":"Glacier","floor":23},{"not_picked":["Barrage+1","Echo Form"],"picked":"Chill+1","floor":25},{"not_picked":["Compile Driver+1","Cold Snap+1"],"picked":"Storm+1","floor":28},{"not_picked":["Stack+1","Multi-Cast","Doom and Gloom"],"picked":"SKIP","floor":30},{"not_picked":["Rebound","Scrape+1","Steam"],"picked":"SKIP","floor":31},{"not_picked":["All For One","Amplify"],"picked":"Creative AI","floor":33},{"not_picked":["Steam","Ball Lightning"],"picked":"Redo+1","floor":35},{"not_picked":["Doom and Gloom","Conserve Battery","Rebound"],"picked":"SKIP","floor":37},{"not_picked":["Coolheaded","Streamline"],"picked":"Cold Snap+1","floor":39},{"not_picked":["Multi-Cast","Recycle+1"],"picked":"Glacier+1","floor":40},{"not_picked":["Hologram+1","Reinforced Body+1","Force Field"],"picked":"SKIP","floor":42},{"not_picked":["Rebound","Hello World"],"picked":"White Noise+1","floor":44},{"not_picked":["Aggregate+1","Conserve Battery+1","Steam"],"picked":"SKIP","floor":45},{"not_picked":["Darkness","Skim"],"picked":"Echo Form","floor":48}],"player_experience":258614,"relics_obtained":[{"floor":6.0,"key":"Torii"},{"floor":8.0,"key":"Bag of Marbles"},{"floor":9.0,"key":"Darkstone Periapt"},{"floor":13.0,"key":"Odd Mushroom"},{"floor":21,"key":"Nilry\u0027s Codex"},{"floor":23,"key":"Nunchaku"},{"floor":25,"key":"Bag of Preparation"},{"floor":26,"key":"Pantograph"},{"floor":31,"key":"Bronze Scales"},{"floor":40,"key":"Happy Flower"},{"floor":43,"key":"Letter Opener"},{"floor":44,"key":"MealTicket"},{"floor":47,"key":"Peace Pipe"},{"floor":48,"key":"Bird Faced Urn"}],"event_choices":[{"damage_healed":0.0,"max_hp_gain":0.0,"max_hp_loss":0.0,"gold_gain":0.0,"event_name":"Big Fish","player_choice":"Box","floor":3.0,"gold_loss":0.0,"damage_taken":0.0,"relics_obtained":["FossilizedHelix"],"cards_obtained":["Regret"]},{"damage_healed":0.0,"max_hp_gain":0.0,"max_hp_loss":0.0,"gold_gain":75.0,"event_name":"World of Goop","player_choice":"Gather Gold","floor":4.0,"gold_loss":0.0,"damage_taken":11.0},{"damage_healed":0.0,"max_hp_gain":0.0,"max_hp_loss":0.0,"gold_gain":0.0,"event_name":"Shining Light","player_choice":"Entered Light","floor":5.0,"gold_loss":0.0,"damage_taken":15.0,"cards_upgraded":["Strike_B","Defend_B"]},{"damage_healed":0.0,"max_hp_gain":0.0,"max_hp_loss":0.0,"gold_gain":175.0,"event_name":"Liars Game","player_choice":"AGREE","floor":10.0,"gold_loss":0.0,"damage_taken":0.0,"cards_obtained":["Doubt"]},{"damage_healed":0.0,"max_hp_gain":0.0,"max_hp_loss":0.0,"gold_gain":0.0,"event_name":"Mushrooms","player_choice":"Fought Mushrooms","floor":13.0,"gold_loss":0.0,"damage_taken":0.0},{"damage_healed":0,"gold_gain":0,"player_choice":"Read","damage_taken":0,"max_hp_gain":0,"max_hp_loss":0,"event_name":"The Library","floor":19,"gold_loss":0,"cards_obtained":["Chill"]},{"damage_healed":0,"gold_gain":0,"player_choice":"Obtained Book","damage_taken":16,"max_hp_gain":0,"max_hp_loss":0,"event_name":"Cursed Tome","floor":21,"gold_loss":0},{"damage_healed":0,"gold_gain":0,"player_choice":"Upgraded","damage_taken":0,"max_hp_gain":0,"max_hp_loss":0,"event_name":"Upgrade Shrine","floor":36,"gold_loss":0,"cards_upgraded":["Creative AI"]},{"damage_healed":0,"gold_gain":0,"player_choice":"Fight","damage_taken":0,"max_hp_gain":0,"max_hp_loss":0,"event_name":"Mysterious Sphere","floor":47,"gold_loss":0}],"is_beta":false,"boss_relics":[{"not_picked":["Runic Dome","Tiny House"],"picked":"Inserter"},{"not_picked":["Fusion Hammer","Empty Cage"],"picked":"SacredBark"}],"items_purged_floors":[14,38],"is_endless":false,"potions_floor_spawned":[8,13,16,20,28,30,31,33,35,40,44],"ascension_level":1}}