{"host":"sdl5b0uiznq00owb","time":1609815130,"event":{"mods":["BaseMod","Minty Spire (QoL Compilation)","Permanent Neow","Relic Stats"],"gold_per_floor":[111,121,131,144,144,144,173,192,216,216,226,240,240,127,127,231,231,244,244,244,255,82,82,82,117,143,156,179,189,189,189],"floor_reached":30,"playtime":2030,"items_purged":["Strike_R","Strike_R"],"score":391,"play_id":"e21f61e5-ac16-4da2-aca6-879f0d65302e","local_time":"20210104205210","is_ascension_mode":true,"campfire_choices":[{"data":"Whirlwind","floor":6.0,"key":"SMITH"},{"floor":10.0,"key":"REST"},{"data":"Fiend Fire","floor":13.0,"key":"SMITH"},{"data":"Inflame","floor":15.0,"key":"SMITH"},{"data":"Burning Pact","floor":23.0,"key":"SMITH"}],"circlet_count":0,"master_deck":["AscendersBane","Defend_R","Defend_R","Defend_R","Defend_R","Bash","Cleave","Whirlwind+1","Disarm","Seeing Red","Fiend Fire+1","Shockwave","Havoc","Inflame+1","Exhume","Shrug It Off","RitualDagger","Blood for Blood","Dual Wield","Clothesline+1","Burning Pact+1","Twin Strike+1"],"relics":["Burning Blood","Art of War","Blood Vial","Pen Nib","Runic Pyramid","Red Skull","Lantern","Tiny Chest"],"acts_visited":["Exordium","TheCity"],"potions_floor_usage":[25],"damage_taken":[{"damage":0.0,"enemies":"Small Slimes","floor":1.0,"turns":3.0},{"damage":7.0,"enemies":"Jaw Worm","floor":2.0,"turns":4.0},{"damage":3.0,"enemies":"2 Louse","floor":3.0,"turns":2.0},{"damage":31.0,"enemies":"Exordium Thugs","floor":4.0,"turns":4.0},{"damage":36.0,"enemies":"Lagavulin","floor":7.0,"turns":7.0},{"damage":0.0,"enemies":"3 Louse","floor":8.0,"turns":1.0},{"damage":11.0,"enemies":"Looter","floor":11.0,"turns":2.0},{"damage":0.0,"enemies":"Exordium Wildlife","floor":12.0,"turns":1.0},{"damage":28.0,"enemies":"Hexaghost","floor":16.0,"turns":8.0},{"damage":1.0,"enemies":"Spheric Guardian","floor":18.0,"turns":3.0},{"damage":5.0,"enemies":"3 Byrds","floor":21.0,"turns":5.0},{"damage":35,"enemies":"Gremlin Leader","floor":25,"turns":6},{"damage":33,"enemies":"Centurion and Healer","floor":27,"turns":4},{"damage":0,"enemies":"Snake Plant","floor":29,"turns":2},{"damage":36,"enemies":"Slavers","floor":30,"turns":3}],"seed_played":"-1586649238002507702","potions_obtained":[{"floor":2.0,"key":"PowerPotion"},{"floor":4.0,"key":"BlessingOfTheForge"},{"floor":18.0,"key":"Swift Potion"},{"floor":25,"key":"DuplicationPotion"}],"is_trial":false,"path_per_floor":["M","M","M","M","?","R","E","M","T","R","M","M","R","$","R","B",null,"M","?","?","M","$","R","?","E","T","M","T","M","E"],"character_chosen":"IRONCLAD","items_purchased":["Inflame","Burning Pact"],"campfire_rested":1,"item_purchase_floors":[14,22],"current_hp_per_floor":[78,77,80,55,55,55,25,33,33,57,54,62,62,62,62,42,71,78,72,72,75,75,75,75,48,48,23,23,31,0,0],"gold":189,"neow_bonus":"RANDOM_COMMON_RELIC","is_daily":false,"chose_seed":false,"campfire_upgraded":4,"win_rate":0.0,"timestamp":1609815130,"path_taken":["M","M","M","M","?","R","E","M","T","R","M","M","R","$","R","BOSS","M","?","?","M","$","R","?","E","T","M","?","?","E"],"items_purchased_type":["Card","Card"],"build_version":"2020-12-22","purchased_purges":2,"victory":false,"max_hp_per_floor":[80,80,80,80,80,80,80,80,80,80,80,80,80,80,80,80,80,80,80,80,80,80,80,80,80,80,80,80,80,80,80],"relic_stats":{"Blood Vial":20,"counters":[15,55],"Tiny Chest":0,"Pen Nib":[3],"Art of War":[8],"obtain_stats":[{"Blood Vial":7,"Lantern":26,"Tiny Chest":28,"Pen Nib":9,"Art of War":0,"Burning Blood":0,"Red Skull":25,"Runic Pyramid":17},{"Blood Vial":5,"Lantern":12,"Tiny Chest":13,"Pen Nib":6,"Art of War":0,"Burning Blood":0,"Red Skull":12,"Runic Pyramid":9},{"Blood Vial":20,"Lantern":46,"Tiny Chest":50,"Pen Nib":21,"Art of War":0,"Burning Blood":0,"Red Skull":46,"Runic Pyramid":32}],"Burning Blood":84},"card_choices":[{"not_picked":["Iron Wave","Sword Boomerang"],"picked":"Cleave","floor":1.0},{"not_picked":["Shrug It Off","Combust","Searing Blow"],"picked":"SKIP","floor":2.0},{"not_picked":["Intimidate","Headbutt"],"picked":"Whirlwind","floor":3.0},{"not_picked":["Second Wind","Cleave"],"picked":"Disarm","floor":4.0},{"not_picked":["Thunderclap","Twin Strike"],"picked":"Fiend Fire","floor":7.0},{"not_picked":["Hemokinesis","Warcry"],"picked":"Shockwave","floor":8.0},{"not_picked":["Thunderclap","Warcry"],"picked":"Havoc","floor":11.0},{"not_picked":["Whirlwind","Combust","Armaments"],"picked":"SKIP","floor":12.0},{"not_picked":["Barricade","Corruption"],"picked":"Exhume","floor":16.0},{"not_picked":["Sword Boomerang","Havoc"],"picked":"Shrug It Off","floor":18.0},{"not_picked":["Sword Boomerang","Wild Strike"],"picked":"Clothesline+1","floor":21.0},{"not_picked":["Cleave","Headbutt+1"],"picked":"Twin Strike+1","floor":25},{"not_picked":["Wild Strike+1","Juggernaut","Sword Boomerang"],"picked":"SKIP","floor":27},{"not_picked":["Sentinel","Clothesline","Iron Wave+1"],"picked":"SKIP","floor":29}],"player_experience":750959,"relics_obtained":[{"floor":7.0,"key":"Blood Vial"},{"floor":9.0,"key":"Pen Nib"},{"floor":25,"key":"Red Skull"},{"floor":26,"key":"Lantern"},{"floor":28,"key":"Tiny Chest"}],"event_choices":[{"damage_healed":0.0,"max_hp_gain":0.0,"max_hp_loss":0.0,"gold_gain":0.0,"cards_transformed":["Strike_R"],"event_name":"Living Wall","player_choice":"Change","floor":5.0,"gold_loss":0.0,"damage_taken":0.0,"cards_obtained":["Seeing Red"]},{"damage_healed":0.0,"max_hp_gain":0.0,"max_hp_loss":0.0,"gold_gain":0.0,"event_name":"Nest","player_choice":"Joined the Cult","floor":19.0,"gold_loss":0.0,"damage_taken":6.0,"cards_obtained":["RitualDagger"]},{"damage_healed":0.0,"max_hp_gain":0.0,"max_hp_loss":0.0,"gold_gain":0.0,"cards_transformed":["Strike_R","Strike_R"],"event_name":"Drug Dealer","player_choice":"Became Test Subject","floor":20.0,"gold_loss":0.0,"damage_taken":0.0,"cards_obtained":["Blood for Blood","Dual Wield"]},{"damage_healed":0.0,"max_hp_gain":0.0,"max_hp_loss":0.0,"gold_gain":0.0,"event_name":"Vampires","player_choice":"Ignored","floor":24.0,"gold_loss":0.0,"damage_taken":0.0}],"is_beta":false,"boss_relics":[{"not_picked":["Black Star","SlaversCollar"],"picked":"Runic Pyramid"}],"items_purged_floors":[14,22],"is_endless":false,"potions_floor_spawned":[2,4,11,18,25],"killed_by":"Slavers","ascension_level":11}}