{"host":"gg","time":1609831056,"event":{"mods":["BaseMod","Colored Map","Googly Eyes","Minty Spire (QoL Compilation)","Permanent Neow","Relic Stats","The IronCluck"],"gold_per_floor":[111,130,149,149,74,74,93,93,93],"floor_reached":8,"playtime":629,"items_purged":["Defend_P"],"score":96,"play_id":"fba5d1a6-caca-4f7a-93b2-d79a89625b7b","local_time":"20210104231736","is_ascension_mode":true,"campfire_choices":[{"data":"Adaptation","floor":6,"key":"SMITH"}],"circlet_count":0,"master_deck":["AscendersBane","Strike_P","Strike_P","Strike_P","Strike_P","Defend_P","Defend_P","Defend_P","Eruption+1","Vigilance","Adaptation+1","FlyingSleeves","Weave"],"relics":["Black Star"],"acts_visited":["Exordium"],"potions_floor_usage":[7],"damage_taken":[{"damage":3.0,"enemies":"2 Louse","floor":1.0,"turns":3.0},{"damage":5.0,"enemies":"Cultist","floor":2.0,"turns":4.0},{"damage":4,"enemies":"Jaw Worm","floor":3,"turns":4},{"damage":14,"enemies":"Exordium Thugs","floor":7,"turns":3},{"damage":54,"enemies":"Lagavulin","floor":8,"turns":7}],"seed_played":"-1003940745657706928","potions_obtained":[{"floor":2.0,"key":"Explosive Potion"}],"is_trial":false,"path_per_floor":["M","M","M","?","$","R","M","E"],"character_chosen":"WATCHER","items_purchased":[],"campfire_rested":0,"item_purchase_floors":[],"current_hp_per_floor":[58,53,49,49,49,49,35,0,0],"gold":93,"neow_bonus":"BOSS_RELIC","is_daily":false,"chose_seed":false,"campfire_upgraded":1,"win_rate":0.0,"timestamp":1609831056,"path_taken":["M","M","M","?","$","R","?","E"],"items_purchased_type":[],"build_version":"2020-12-18","purchased_purges":1,"victory":false,"max_hp_per_floor":[68,68,68,68,68,68,68,68,68],"relic_stats":{"counters":[5,21],"Black Star":0,"obtain_stats":[{"Black Star":0,"PureWater":0},{"Black Star":0,"PureWater":0},{"Black Star":0,"PureWater":0}]},"card_choices":[{"not_picked":["Prostrate","CarveReality"],"picked":"Adaptation","floor":1.0},{"not_picked":["EmptyFist","SashWhip","JustLucky"],"picked":"SKIP","floor":2.0},{"not_picked":["Evaluate","Halt"],"picked":"FlyingSleeves","floor":3},{"not_picked":["SashWhip","Halt"],"picked":"Weave","floor":7}],"player_experience":1060977,"relics_obtained":[],"event_choices":[{"damage_healed":0,"gold_gain":0,"player_choice":"Upgraded","damage_taken":0,"max_hp_gain":0,"max_hp_loss":0,"event_name":"Upgrade Shrine","floor":4,"gold_loss":0,"cards_upgraded":["Eruption"]}],"is_beta":true,"boss_relics":[],"items_purged_floors":[5],"is_endless":false,"potions_floor_spawned":[2],"killed_by":"Lagavulin","ascension_level":20}}