{"host":"2ulm0pyp8jok7fk5","time":1609816224,"event":{"mods":["Act Like it!","Arknights The Spire","BaseMod","Gensokyo","Minty Spire (QoL Compilation)","StSLib","The Servant 0.9.4","Youmu£®ªÍ∆«—˝√Œ£©"],"gold_per_floor":[116,126,137,153,169,197,197,197,223,148,167,167,184,211,211,306,306,322,322,322,222,222,253,253,94,94,127,141,141,152,187,187,286,286,296,296,313,323,342,374,374,388,435,285,296,296,296,309,309,309],"floor_reached":51,"playtime":2219,"items_purged":["ats:Powerful Strike","ats:Powerful Strike","ats:Cat Scratch","ats:Powerful Strike"],"score":824,"play_id":"2852a7b6-ca2c-47da-8500-fa1351c00d5f","local_time":"20210105111024","daily_mods":["SealedDeck","Heirloom"],"is_ascension_mode":false,"campfire_choices":[{"data":"ats:Composite Medical Shells","floor":8,"key":"SMITH"},{"data":"ats:Revitalization","floor":15,"key":"SMITH"},{"data":"ats:Revitalization","floor":24,"key":"SMITH"},{"data":"ats:Healing Strengthening","floor":32,"key":"SMITH"},{"data":"ats:Healing Drone","floor":41,"key":"SMITH"},{"data":"ats:Part Time Job","floor":46,"key":"SMITH"},{"floor":49,"key":"REST"}],"circlet_count":0,"master_deck":["ats:Flexible Camouflage","ats:Overload","ats:Shell Defense+1","ats:Healing Drone+1","ats:Composite Medical Shells+1","ats:Revitalization+1","ats:Revitalization+1","ats:Revitalization+1","ats:Part Time Job+1","ats:Healing Strengthening+1","ats:Revitalization+1"],"relics":["ats:Sanity","StoneCalendar","ats:Originium","White Beast Statue","Gensokyo:PortableGap","MealTicket","Dream Catcher","Velvet Choker","Anchor","ats:Spiritual Recovery","Molten Egg 2","ats:Lavender","Runic Pyramid","TungstenRod","Pen Nib","War Paint"],"acts_visited":["Gensokyo:Gensokyo","Gensokyo:Gensokyoer","Gensokyo:Gensokyoest"],"potions_floor_usage":[45],"damage_taken":[{"damage":0,"enemies":"Gensokyo:Python","floor":1,"turns":2},{"damage":4,"enemies":"Gensokyo:3_Fairies","floor":2,"turns":3},{"damage":6,"enemies":"Gensokyo:2_Kodama","floor":3,"turns":2},{"damage":36,"enemies":"Gensokyo:Gryphon_and_Rabbit","floor":4,"turns":5},{"damage":10,"enemies":"Gensokyo:2_Rabbits","floor":5,"turns":4},{"damage":23,"enemies":"Gensokyo:Cirno","floor":6,"turns":5},{"damage":14,"enemies":"Gensokyo:CorruptedTreant","floor":11,"turns":4},{"damage":31,"enemies":"Gensokyo:Gryphon_and_Rabbit","floor":13,"turns":5},{"damage":11,"enemies":"Gensokyo:Mamizou","floor":14,"turns":7},{"damage":51,"enemies":"Gensokyo:Yukari","floor":16,"turns":7},{"damage":38,"enemies":"Gensokyo:2_Gloops","floor":18,"turns":5},{"damage":73,"enemies":"Gensokyo:Reisen","floor":23,"turns":7},{"damage":56,"enemies":"Gensokyo:Koishi","floor":27,"turns":6},{"damage":50,"enemies":"Gensokyo:3_Dogs","floor":28,"turns":5},{"damage":31,"enemies":"Gensokyo:3_Gloops","floor":30,"turns":4},{"damage":39,"enemies":"Gensokyo:Reisen","floor":31,"turns":6},{"damage":110,"enemies":"Gensokyo:Kaguya","floor":33,"turns":9},{"damage":17,"enemies":"Gensokyo:3_Boulders","floor":35,"turns":3},{"damage":5,"enemies":"Gensokyo:3_Bats","floor":37,"turns":3},{"damage":35,"enemies":"Gensokyo:3_Boulders","floor":38,"turns":4},{"damage":42,"enemies":"Gensokyo:SeedOfUnknown","floor":39,"turns":5},{"damage":93,"enemies":"Gensokyo:Marisa","floor":40,"turns":8},{"damage":14,"enemies":"Gensokyo:4_Bats","floor":42,"turns":3},{"damage":45,"enemies":"Gensokyo:Sharpion","floor":45,"turns":5},{"damage":9,"enemies":"Gensokyo:Dusk_and_Dawn","floor":48,"turns":3},{"damage":150,"enemies":"Gensokyo:Shinki","floor":50,"turns":10}],"seed_played":"-6245811825345810480","potions_obtained":[{"floor":1,"key":"SpeedPotion"},{"floor":4,"key":"PowerPotion"},{"floor":5,"key":"GamblersBrew"},{"floor":38,"key":"Regen Potion"},{"floor":45,"key":"Fruit Juice"},{"floor":48,"key":"Regen Potion"}],"is_trial":true,"path_per_floor":["M","M","M","M","M","E","?","R","T","$","M","COS","M","E","R","B",null,"M","?","?","$","?","E","R","$","T","E","M","$","M","E","R","B",null,"M","?","M","M","M","E","R","M","T","$","M","R","?","M","R","B",null],"character_chosen":"DOCTOR_CLASS","items_purchased":["ats:Healing Strengthening"],"campfire_rested":1,"item_purchase_floors":[25],"current_hp_per_floor":[72,68,64,56,53,62,62,62,62,62,58,58,58,62,62,62,62,53,53,53,59,59,50,50,59,59,59,59,59,34,58,58,59,59,59,36,59,59,59,59,59,59,59,59,64,64,64,64,64,39],"gold":309,"neow_bonus":"","is_daily":false,"chose_seed":false,"campfire_upgraded":6,"win_rate":0.0,"timestamp":1609816224,"path_taken":["M","?","M","M","?","E","?","R","T","$","?","COS","?","E","R","BOSS","M","?","?","?","?","E","R","$","T","E","M","?","?","E","R","BOSS","M","?","M","M","M","E","R","M","T","$","M","R","?","M","R","BOSS"],"items_purchased_type":["Card"],"build_version":"2020-12-22","purchased_purges":4,"victory":true,"max_hp_per_floor":[72,72,72,72,72,72,65,65,62,62,62,62,62,62,62,62,62,62,62,59,59,59,59,59,59,59,59,59,59,59,59,59,59,59,59,59,59,59,59,59,59,59,59,59,64,64,64,64,64,64],"card_choices":[{"not_picked":["ats:Encircling Forest","ats:Consecutive Shot Auto","ats:Explosion Area Strengthen"],"picked":"SKIP","floor":1},{"not_picked":["ats:Consecutive Shot Auto","ats:Beaten Up","ats:Cat Scratch"],"picked":"SKIP","floor":2},{"not_picked":["ats:Healing Strengthening","ats:Powerful Strike"],"picked":"ats:Revitalization","floor":3},{"not_picked":["ats:Explosion Area Strengthen","ats:Hammer On","ats:Charging Defense"],"picked":"SKIP","floor":4},{"not_picked":["ats:Consecutive Shot Auto","ats:Collapsing Strike"],"picked":"ats:Revitalization","floor":5},{"not_picked":["ats:Support Order","ats:Roar Of Ursus","ats:Hook Shot"],"picked":"SKIP","floor":6},{"not_picked":["ats:Cat Scratch","ats:Rapid Magazine","ats:Childhood Dance"],"picked":"SKIP","floor":11},{"not_picked":["ats:Powerful Strike","ats:Demon Strength"],"picked":"ats:Part Time Job","floor":13},{"not_picked":["ats:Leaping Hammer","ats:Automatic Cover","ats:Flexible Camouflage"],"picked":"SKIP","floor":14},{"not_picked":["ats:Powerful Strike","ats:Hook Shot","ats:Hammer On"],"picked":"SKIP","floor":18},{"not_picked":["ats:Ignite","ats:Hammer On","ats:Revitalization"],"picked":"SKIP","floor":23},{"not_picked":["ats:Ignite+1","ats:Directed Diagnosis","ats:Powerful Strike+1"],"picked":"SKIP","floor":27},{"not_picked":["ats:Hammer On+1","ats:Shell Defense","ats:Explosion Area Strengthen+1"],"picked":"SKIP","floor":28},{"not_picked":["ats:Collapsing Strike+1","ats:Assault Order","ats:Counter Healing Mode"],"picked":"SKIP","floor":30},{"not_picked":["ats:Cat Scratch+1","ats:Chain Hook+1","ats:Spore Proliferation"],"picked":"SKIP","floor":31},{"not_picked":["ats:Revitalization","ats:Leaping Hammer+1","ats:Powerful Strike+1"],"picked":"SKIP","floor":35},{"not_picked":["ats:Explosion Area Strengthen+1","ats:Consecutive Shot Auto+1","ats:Cat Scratch+1"],"picked":"SKIP","floor":37},{"not_picked":["ats:Cat Scratch+1","ats:Assault Order+1"],"picked":"ats:Revitalization+1","floor":38},{"not_picked":["ats:Closed Bolt Burst Fire+1","ats:Red Shift+1","ats:LN2 Cannon+1"],"picked":"SKIP","floor":39},{"not_picked":["ats:Assault Order","ats:Rat Pack","ats:Childhood Dance"],"picked":"SKIP","floor":40},{"not_picked":["ats:Consecutive Shot Auto+1","ats:Revitalization","ats:Assault Order"],"picked":"SKIP","floor":42},{"not_picked":["ats:Closed Bolt Burst Fire+1","ats:Guardian Obelisk+1","ats:Hook Shot+1"],"picked":"SKIP","floor":45},{"not_picked":["ats:Echo Reverb","ats:Apocalypse+1","ats:Powerful Strike+1"],"picked":"SKIP","floor":48}],"player_experience":53630,"relics_obtained":[{"floor":6,"key":"ats:Originium"},{"floor":6,"key":"White Beast Statue"},{"floor":9,"key":"MealTicket"},{"floor":14,"key":"ats:Originium"},{"floor":14,"key":"Dream Catcher"},{"floor":23,"key":"ats:Originium"},{"floor":23,"key":"Anchor"},{"floor":26,"key":"ats:Spiritual Recovery"},{"floor":27,"key":"Molten Egg 2"},{"floor":31,"key":"ats:Lavender"},{"floor":40,"key":"Pen Nib"},{"floor":43,"key":"War Paint"}],"event_choices":[],"is_beta":false,"boss_relics":[{"not_picked":["Ectoplasm","Fusion Hammer"],"picked":"Velvet Choker"},{"not_picked":["Philosopher\u0027s Stone","SacredBark"],"picked":"Runic Pyramid"}],"items_purged_floors":[10,21,25,44],"is_endless":false,"potions_floor_spawned":[1,4,5,11,13,14,16,18,23,27,28,30,31,33,35,37,38,39,40,42,45,48],"ascension_level":0}}