{"host":"5fasz840ryq7obdf","time":1609843221,"event":{"mods":["2.2 Compatiblity","AchievementEnabler","BaseMod","Bestiary","Better Altar","Better Skull","Better Third Choice","BetterRewards","Block Reminder","Colored Powertips","Curses Come First","Downfall","Minty Spire (QoL Compilation)","Quick Restart","Relic Sorter","Relic Stats","Shop Mod","Spicy Shops","StSLib","SuperFastMode","ojb\u0027s Better Paths Mod","ojb\u0027s Info Mod"],"gold_per_floor":[99,113,113,23,43,43,96,81,96,129,129,164,89,4,22,118,118,118,134,153,163,163,198,198,227,35,63,63,97,22,42,57,156,156,156,173,173,191,241,254,254,281,297,222,256,256,11,44,61,61,61,88,11,11,11],"floor_reached":56,"playtime":8086,"items_purged":["sneckomod:Bewildered","Guardian:Defend_Guardian","Guardian:Strike_Guardian"],"score":2233,"play_id":"f83edbf7-3ac8-4d38-8479-f42fb091249f","local_time":"20210105104021","is_ascension_mode":true,"campfire_choices":[{"data":"Guardian:TwinSlam","floor":1.0,"key":"SMITH"},{"data":"Guardian:CompilePackage","floor":6.0,"key":"SMITH"},{"data":"Guardian:StasisStrike","floor":11.0,"key":"SMITH"},{"data":"Guardian:AncientConstruct","floor":13.0,"key":"SMITH"},{"floor":18.0,"key":"RECALL"},{"data":"Guardian:TemporalShield","floor":30.0,"key":"SMITH"},{"data":"Guardian:FuturePlans","floor":35.0,"key":"SMITH"},{"data":"Guardian:Emergency","floor":44.0,"key":"SMITH"},{"data":"Guardian:Clone","floor":54,"key":"SMITH"}],"circlet_count":0,"master_deck":["Guardian:Strike_Guardian+1","Guardian:Strike_Guardian","Guardian:Strike_Guardian+1","Guardian:Defend_Guardian","Guardian:Defend_Guardian","Guardian:CurlUp","Guardian:TwinSlam+1","Guardian:AncientConstruct+1","Guardian:Clone+1","Guardian:CompilePackage+1","Guardian:ShieldCharger","Guardian:StasisStrike+1","Guardian:Recover","Guardian:TemporalShield+1","Guardian:Emergency+1","Guardian:WalkerClaw+1","Guardian:ShieldCharger","Guardian:FuturePlans+1","Guardian:StasisField","Guardian:Incinerate","Guardian:RevengeProtocol","Guardian:ArmoredProtocol+1","expansioncontent:Torchfire","expansioncontent:HyperBeam","expansioncontent:GoopSpray","Guardian:Gem_Lightblue","Guardian:TemporalShield+1","Guardian:VentSteam+1","Guardian:Incinerate","Guardian:ExploitGems","Guardian:ChargeUp+1","Guardian:TimeCapacitor"],"relics":["Guardian:ModeShifter","Anchor","Whetstone","Letter Opener","downfall:HeartBlessingGreen","champ:DeflectingBracers","Busted Crown","Tiny Chest","Thread and Needle","Bottled Lightning","Dream Catcher","StrikeDummy","InkBottle","downfall:HeartBlessingRed","Black Star","Guardian:SackOfGems","Pen Nib","downfall:HeartBlessingBlue","Ancient Tea Set","Centennial Puzzle","Mummified Hand","Bag of Preparation","Meat on the Bone","Art of War","Akabeko","Ice Cream"],"acts_visited":["Exordium","TheCity","TheBeyond","TheEnding"],"potions_floor_usage":[47,48,52,55],"damage_taken":[{"damage":6.0,"enemies":"Jaw Worm","floor":2.0,"turns":3.0},{"damage":5.0,"enemies":"downfall:FleeingMerchant","floor":4.0,"turns":4.0},{"damage":0.0,"enemies":"Cultist","floor":5.0,"turns":3.0},{"damage":2.0,"enemies":"downfall:FleeingMerchant","floor":8.0,"turns":4.0},{"damage":0.0,"enemies":"Small Slimes","floor":9.0,"turns":2.0},{"damage":0.0,"enemies":"Lagavulin","floor":10.0,"turns":8.0},{"damage":3.0,"enemies":"3 Sentries","floor":12.0,"turns":4.0},{"damage":10.0,"enemies":"downfall:FleeingMerchant","floor":14.0,"turns":4.0},{"damage":0.0,"enemies":"3 Louse","floor":15.0,"turns":2.0},{"damage":2.0,"enemies":"downfall:Silent","floor":16.0,"turns":6.0},{"damage":0.0,"enemies":"Chosen","floor":19.0,"turns":4.0},{"damage":0.0,"enemies":"Spheric Guardian","floor":20.0,"turns":3.0},{"damage":22.0,"enemies":"Snecko","floor":21.0,"turns":4.0},{"damage":8.0,"enemies":"Book of Stabbing","floor":23.0,"turns":5.0},{"damage":14.0,"enemies":"Gremlin Leader","floor":25.0,"turns":6.0},{"damage":0.0,"enemies":"downfall:FleeingMerchant","floor":26.0,"turns":4.0},{"damage":12.0,"enemies":"Book of Stabbing","floor":27.0,"turns":5.0},{"damage":2.0,"enemies":"Gremlin Leader","floor":29.0,"turns":5.0},{"damage":0.0,"enemies":"Chosen and Byrds","floor":31.0,"turns":3.0},{"damage":0.0,"enemies":"Shelled Parasite and Fungi","floor":32.0,"turns":3.0},{"damage":0.0,"enemies":"downfall:Defect","floor":33.0,"turns":6.0},{"damage":0.0,"enemies":"3 Darklings","floor":36.0,"turns":3.0},{"damage":5.0,"enemies":"Orb Walker","floor":38.0,"turns":3.0},{"damage":0.0,"enemies":"Mind Bloom Boss Battle","floor":39.0,"turns":6.0},{"damage":22.0,"enemies":"Jaw Worm Horde","floor":40.0,"turns":4.0},{"damage":0.0,"enemies":"Spire Growth","floor":43.0,"turns":4.0},{"damage":20.0,"enemies":"Reptomancer","floor":45.0,"turns":5.0},{"damage":0,"enemies":"downfall:FleeingMerchant","floor":47,"turns":4},{"damage":0,"enemies":"Nemesis","floor":48,"turns":5},{"damage":0,"enemies":"3 Darklings","floor":49,"turns":3},{"damage":0,"enemies":"downfall:Ironclad","floor":50,"turns":5},{"damage":8,"enemies":"downfall:CharBossMerchant","floor":52,"turns":5},{"damage":0,"enemies":"downfall:NeowBoss","floor":55,"turns":14}],"seed_played":"6361655083468878212","potions_obtained":[{"floor":2.0,"key":"Ancient Potion"},{"floor":5.0,"key":"Strength Potion"},{"floor":12.0,"key":"FearPotion"},{"floor":16.0,"key":"GamblersBrew"},{"floor":27.0,"key":"SkillPotion"},{"floor":29.0,"key":"FearPotion"},{"floor":33.0,"key":"Fruit Juice"},{"floor":39.0,"key":"EntropicBrew"},{"floor":45.0,"key":"DuplicationPotion"},{"floor":48,"key":"sneckomod:MuddlingPotion"},{"floor":49,"key":"FearPotion"}],"is_trial":false,"path_per_floor":["R","M","?","$","M","R","T","$","M","E","R","E","R","$","M","B",null,"R","M","M","M","T","E","T","E","$","E","?","E","R","M","M","B",null,"R","M","?","M","?","M","T","T","M","R","E","?","$","E","M","B",null,"E","$","R","B",null],"character_chosen":"GUARDIAN","items_purchased":["champ:DeflectingBracers","Guardian:FuturePlans","Mummified Hand","Bag of Preparation","Guardian:AcceleratePotion","Guardian:TimeCapacitor"],"campfire_rested":0,"item_purchase_floors":[14,26,47,47,47,53],"current_hp_per_floor":[80,74,74,69,69,69,69,67,67,67,67,64,64,54,54,52,80,80,80,80,58,58,50,50,36,36,24,24,22,22,22,22,22,80,80,80,70,65,70,48,48,48,48,58,38,38,38,38,50,50,95,87,87,87,87],"gold":11,"neow_bonus":"THREE_RARE_CARDS","is_daily":false,"chose_seed":false,"campfire_upgraded":8,"win_rate":0.0,"timestamp":1609843221,"path_taken":["R","M","?","$","M","R","T","$","M","E","R","E","R","?","M","BOSS","R","M","?","M","?","E","T","E","$","E","?","E","R","M","M","BOSS","R","M","?","M","?","M","T","?","M","R","E","?","?","E","M","BOSS","E","$","R","BOSS"],"items_purchased_type":["Relic","Card","Relic","Relic","Potion","Card"],"build_version":"2020-12-22","purchased_purges":3,"victory":true,"max_hp_per_floor":[80,80,80,80,80,80,80,80,80,80,80,80,80,80,80,80,80,80,80,80,80,80,80,80,80,80,80,80,80,80,80,80,80,80,80,80,80,80,85,85,85,85,85,95,95,95,95,95,95,95,95,95,95,95,95],"relic_stats":{"counters":[33,149],"Pen Nib":[11],"Bag of Preparation":[10],"Whetstone":["Guardian:Strike_Guardian","Guardian:Strike_Guardian"],"Letter Opener":[541],"Dream Catcher":0,"Centennial Puzzle":[3],"Busted Crown":54,"Mummified Hand":[34],"Tiny Chest":1,"Black Star":3,"Art of War":[2],"obtain_stats":[{"Ice Cream":52,"downfall:HeartBlessingGreen":13,"Guardian:SackOfGems":39,"Bag of Preparation":47,"Whetstone":10,"Ancient Tea Set":45,"Dream Catcher":25,"Centennial Puzzle":45,"downfall:HeartBlessingBlue":44,"Mummified Hand":47,"Tiny Chest":22,"InkBottle":29,"downfall:HeartBlessingRed":30,"Guardian:ModeShifter":0,"Thread and Needle":23,"champ:DeflectingBracers":14,"Pen Nib":42,"Letter Opener":12,"Akabeko":52,"Anchor":7,"Busted Crown":17,"Black Star":34,"Art of War":48,"Bottled Lightning":24,"StrikeDummy":27,"Meat on the Bone":48},{"Ice Cream":32,"downfall:HeartBlessingGreen":7,"Guardian:SackOfGems":24,"Bag of Preparation":28,"Whetstone":6,"Ancient Tea Set":27,"Dream Catcher":15,"Centennial Puzzle":27,"downfall:HeartBlessingBlue":26,"Mummified Hand":28,"Tiny Chest":13,"InkBottle":18,"downfall:HeartBlessingRed":18,"Guardian:ModeShifter":0,"Thread and Needle":14,"champ:DeflectingBracers":8,"Pen Nib":25,"Letter Opener":7,"Akabeko":32,"Anchor":3,"Busted Crown":10,"Black Star":21,"Art of War":29,"Bottled Lightning":14,"StrikeDummy":17,"Meat on the Bone":29},{"Ice Cream":135,"downfall:HeartBlessingGreen":28,"Guardian:SackOfGems":100,"Bag of Preparation":117,"Whetstone":24,"Ancient Tea Set":113,"Dream Catcher":62,"Centennial Puzzle":113,"downfall:HeartBlessingBlue":108,"Mummified Hand":117,"Tiny Chest":51,"InkBottle":76,"downfall:HeartBlessingRed":76,"Guardian:ModeShifter":0,"Thread and Needle":56,"champ:DeflectingBracers":32,"Pen Nib":104,"Letter Opener":28,"Akabeko":135,"Anchor":10,"Busted Crown":40,"Black Star":88,"Art of War":122,"Bottled Lightning":56,"StrikeDummy":71,"Meat on the Bone":122}],"InkBottle":[52],"Meat on the Bone":12},"card_choices":[{"not_picked":["Guardian:StasisField","Guardian:GatlingBeam"],"picked":"Guardian:AncientConstruct","floor":0.0},{"not_picked":["Guardian:ShieldCharger","Guardian:MultiBeam"],"picked":"Guardian:Clone","floor":2.0},{"not_picked":["Guardian:Recover","Guardian:SentryBeam"],"picked":"Guardian:CompilePackage","floor":4.0},{"not_picked":["Guardian:Incinerate","Guardian:MultiBeam"],"picked":"Guardian:ShieldCharger","floor":5.0},{"not_picked":["Guardian:ChargeUp","Guardian:Preprogram"],"picked":"Guardian:StasisStrike","floor":8.0},{"not_picked":["Guardian:Gem_Green","Guardian:Gem_Red"],"picked":"Guardian:Recover","floor":9.0},{"not_picked":["Guardian:Gem_Lightblue","Guardian:GuardianWhirl"],"picked":"Guardian:TemporalShield","floor":10.0},{"not_picked":["Guardian:Harden","Guardian:SentryBeam"],"picked":"Guardian:Gem_Blue","floor":12.0},{"not_picked":["Guardian:Gem_Synthetic","Guardian:CrystalBeam"],"picked":"Guardian:Recover","floor":14.0},{"not_picked":["Guardian:ChargeCore","Guardian:PiercingHide"],"picked":"Guardian:Emergency","floor":15.0},{"not_picked":["Guardian:ExploitGems","Guardian:TimeSifter"],"picked":"Guardian:Gem_Orange","floor":16.0},{"not_picked":[],"picked":"Guardian:WalkerClaw+1","floor":19.0},{"not_picked":["Guardian:Harden"],"picked":"SKIP","floor":20.0},{"not_picked":[],"picked":"Guardian:Gem_Red","floor":21.0},{"not_picked":["Guardian:PiercingHide"],"picked":"SKIP","floor":23.0},{"not_picked":[],"picked":"Guardian:Gem_Red","floor":25.0},{"not_picked":[],"picked":"Guardian:ShieldCharger","floor":26.0},{"not_picked":[],"picked":"Guardian:StasisField","floor":27.0},{"not_picked":["Guardian:CrystalBeam"],"picked":"SKIP","floor":29.0},{"not_picked":["Guardian:PolyBeam"],"picked":"SKIP","floor":31.0},{"not_picked":[],"picked":"Guardian:Incinerate","floor":32.0},{"not_picked":[],"picked":"Guardian:RevengeProtocol","floor":33.0},{"not_picked":[],"picked":"Guardian:ArmoredProtocol+1","floor":36.0},{"not_picked":[],"picked":"expansioncontent:Torchfire","floor":37.0},{"not_picked":[],"picked":"expansioncontent:HyperBeam","floor":37.0},{"not_picked":[],"picked":"expansioncontent:GoopSpray","floor":37.0},{"not_picked":["Guardian:Suspension"],"picked":"SKIP","floor":38.0},{"not_picked":[],"picked":"Guardian:TemporalShield+1","floor":39.0},{"not_picked":[],"picked":"Guardian:VentSteam+1","floor":40.0},{"not_picked":["Guardian:Suspension+1"],"picked":"SKIP","floor":43.0},{"not_picked":[],"picked":"Guardian:Incinerate","floor":45.0},{"not_picked":[],"picked":"Guardian:ExploitGems","floor":47},{"not_picked":["Guardian:Reroute+1"],"picked":"SKIP","floor":48},{"not_picked":[],"picked":"Guardian:ChargeUp+1","floor":49},{"not_picked":["Guardian:Suspension+1"],"picked":"SKIP","floor":52}],"player_experience":1518932,"relics_obtained":[{"floor":7.0,"key":"Anchor"},{"floor":10.0,"key":"Whetstone"},{"floor":12.0,"key":"Letter Opener"},{"floor":22.0,"key":"Tiny Chest"},{"floor":23.0,"key":"Thread and Needle"},{"floor":24.0,"key":"Bottled Lightning"},{"floor":25.0,"key":"Dream Catcher"},{"floor":27.0,"key":"StrikeDummy"},{"floor":29.0,"key":"InkBottle"},{"floor":39.0,"key":"Guardian:SackOfGems"},{"floor":42.0,"key":"Pen Nib"},{"floor":45.0,"key":"Ancient Tea Set"},{"floor":45.0,"key":"Centennial Puzzle"},{"floor":48,"key":"Meat on the Bone"},{"floor":48,"key":"Art of War"},{"floor":52,"key":"Akabeko"},{"floor":52,"key":"Ice Cream"}],"event_choices":[{"cards_removed":["Guardian:Recover"],"damage_healed":0.0,"max_hp_gain":0.0,"max_hp_loss":0.0,"gold_gain":0.0,"event_name":"Falling","player_choice":"Removed Skill","floor":46.0,"gold_loss":0.0,"damage_taken":0.0}],"is_beta":false,"boss_relics":[{"not_picked":["Astrolabe","Coffee Dripper"],"picked":"Busted Crown"},{"not_picked":["Guardian:StasisSlotReductionRelic","Guardian:ModeShifterPlus"],"picked":"Black Star"}],"items_purged_floors":[4,26,47],"is_endless":false,"potions_floor_spawned":[2,5,12,15,16,27,29,31,33,39,40,45,48,49],"ascension_level":1}}