{"host":"z9grmtg2w0nmz8n1","time":1609806978,"event":{"mods":["Aspiration","Bard","BaseMod","Beaked The Cultist","Better Altar","Better Match","Better Note","Better Sensory Stone","Better Skull","Better Third Choice","BetterRewards","CCEM","Colored Map","Conspire","Downfall","GifTheSpireLib","Googly Eyes","Halation","Hermit","Highlight Path","Hubris","Hunter ??","Jedi Mod","Jorbs\u0027s Wanderer Trilogy","Mad Scientist","Marisa????????","Minty Spire (QoL Compilation)","Permanent Neow","Replay The Spire","Shade Mod","Shop Mod","Spicy Shops","StSLib","Stuff the Spire","The Bug Knight","The Construct","The Necromancer","The Runesmith","The Witch"],"gold_per_floor":[110,52,70,88,108,108,133,133,133,133,147,159,190,209,209,306,306,323,84,103,103,103,103,103],"floor_reached":23,"playtime":985,"items_purged":["Strike_B"],"score":213,"play_id":"4fbf8110-bdf1-4e17-bd66-bd3a544c9e9d","local_time":"20210104223618","is_ascension_mode":true,"campfire_choices":[{"floor":6,"key":"RECALL"},{"floor":8,"key":"REST"},{"data":"Zap","floor":10,"key":"SMITH"},{"floor":15,"key":"REST"}],"circlet_count":0,"master_deck":["Strike_B","Strike_B","Strike_B","Defend_B","Defend_B","Defend_B","Defend_B","Zap+1","Dualcast","Leap","Sweeping Beam","jedi:BurstFrost","Conserve Battery","Conserve Battery","Doom and Gloom","Streamline","jedi:meditation","StuffTheSpire:Plugnplay","Defragment"],"relics":["Cracked Core","NeowsBlessing","aspiration:Lifesprig","Smiling Mask","halation:QuantumPhysicsTextbook","Replay:Bronze Core","Juzu Bracelet"],"acts_visited":["Exordium","TheCity"],"potions_floor_usage":[5,5,11,13,16,22,23,23],"damage_taken":[{"damage":0,"enemies":"Jaw Worm","floor":1,"turns":1},{"damage":0,"enemies":"Cultist","floor":3,"turns":1},{"damage":0,"enemies":"2 Louse","floor":4,"turns":1},{"damage":0,"enemies":"Gremlin Gang","floor":5,"turns":2},{"damage":44,"enemies":"3 Sentries","floor":7,"turns":11},{"damage":0,"enemies":"Exordium Wildlife","floor":11,"turns":4},{"damage":0,"enemies":"3 Louse","floor":12,"turns":4},{"damage":18,"enemies":"Gremlin Nob","floor":13,"turns":4},{"damage":0,"enemies":"Blue Slaver","floor":14,"turns":4},{"damage":25,"enemies":"Hexaghost","floor":16,"turns":11},{"damage":16,"enemies":"2 Thieves","floor":18,"turns":5},{"damage":24,"enemies":"Spheric Guardian","floor":20,"turns":6},{"damage":33,"enemies":"Book of Stabbing","floor":23,"turns":7}],"seed_played":"7195726978292820801","potions_obtained":[{"floor":3,"key":"ColorlessPotion"},{"floor":4,"key":"jedi:StrikingPotion"},{"floor":7,"key":"jedi:StrikingPotion"},{"floor":12,"key":"SteroidPotion"},{"floor":14,"key":"BlessingOfTheForge"},{"floor":16,"key":"sneckomod:MuddlingPotion"},{"floor":22,"key":"Fruit Juice"},{"floor":22,"key":"Fire Potion"},{"floor":22,"key":"EssenceOfSteel"}],"is_trial":false,"path_per_floor":["M","?","M","M","M","R","E","R","T","R","M","M","E","M","R","B",null,"M","$","M","?","?","E"],"character_chosen":"DEFECT","items_purchased":["StuffTheSpire:Plugnplay","Juzu Bracelet"],"campfire_rested":2,"item_purchase_floors":[19,19],"current_hp_per_floor":[75,75,75,75,75,75,31,53,53,53,53,53,35,35,57,32,75,59,59,35,35,40,7,7],"gold":103,"neow_bonus":"THREE_ENEMY_KILL","is_daily":false,"chose_seed":false,"campfire_upgraded":1,"win_rate":0.0,"timestamp":1609806978,"path_taken":["M","?","M","M","M","R","E","R","T","R","M","?","E","?","R","BOSS","M","$","M","?","?","E"],"items_purchased_type":["Card","Relic"],"build_version":"2020-12-22","purchased_purges":1,"victory":false,"max_hp_per_floor":[75,75,75,75,75,75,75,75,75,75,75,75,75,75,75,75,75,75,75,75,75,80,80,80],"card_choices":[{"not_picked":["StuffTheSpire:LoadUp","Heatsinks","StuffTheSpire:SnapShoot"],"picked":"SKIP","floor":1},{"not_picked":["Self Repair","StuffTheSpire:CleanHardDrive"],"picked":"Leap","floor":3},{"not_picked":["jedi:blockon","jedi:BurstLightning"],"picked":"Sweeping Beam","floor":4},{"not_picked":["jedi:blockon","Reprogram"],"picked":"jedi:BurstFrost","floor":5},{"not_picked":["hubris:SpecializedCircuitry","Multi-Cast"],"picked":"Conserve Battery","floor":7},{"not_picked":["Turbo","StuffTheSpire:LoadUp","jedi:blockon"],"picked":"SKIP","floor":11},{"not_picked":["Steam","StuffTheSpire:ShieldGenerator"],"picked":"Conserve Battery","floor":12},{"not_picked":["Beam Cell","Darkness"],"picked":"Doom and Gloom","floor":13},{"not_picked":["Crystallizer","Steam Power"],"picked":"Streamline","floor":14},{"not_picked":["Biased Cognition","Mirror Shield"],"picked":"jedi:meditation","floor":16},{"not_picked":["Cold Snap","jedi:BurstFrost+1","jedi:BurstLightning"],"picked":"SKIP","floor":18},{"not_picked":["Lockon+1","Stack"],"picked":"Defragment","floor":20}],"player_experience":781394,"relics_obtained":[{"floor":7,"key":"Smiling Mask"},{"floor":13,"key":"halation:QuantumPhysicsTextbook"}],"event_choices":[{"damage_healed":0,"gold_gain":0,"player_choice":"Paid Gold","damage_taken":0,"relics_obtained":["aspiration:Lifesprig"],"max_hp_gain":0,"max_hp_loss":0,"event_name":"WeMeetAgain","floor":2,"gold_loss":58},{"cards_removed":["Strike_B"],"damage_healed":0,"gold_gain":0,"player_choice":"Give","damage_taken":0,"max_hp_gain":0,"max_hp_loss":0,"event_name":"betterNote:BetterNote","floor":21,"gold_loss":0,"cards_obtained":["Strike_G"]},{"damage_healed":0,"gold_gain":0,"player_choice":"Got Potions","damage_taken":0,"max_hp_gain":0,"max_hp_loss":0,"event_name":"Lab","floor":22,"gold_loss":0}],"is_beta":false,"boss_relics":[{"not_picked":["Pandora\u0027s Box","conspire:SpecialSausage"],"picked":"Replay:Bronze Core"}],"items_purged_floors":[19],"is_endless":false,"potions_floor_spawned":[3,4,7,12,14,16],"killed_by":"Book of Stabbing","ascension_level":1}}