{"host":"q79spna8ofw6hj3r","time":1609809144,"event":{"mods":["Aspiration","BaseMod","Bestiary","Better Altar","Better Match","Better Note","Better Sensory Stone","Better Skull","Better Third Choice","Better Vampires","BetterRewards","Block Reminder","Card Filter","Challenge The Spire","Colored Map","Colored Powertips","Conspire","Custom Start","Energized Spire","Halation","Hubris","Infinite Spire","Jedi Mod","Mimic Mod","Minty Spire (QoL Compilation)","Permanent Neow","Quick Restart","Relic Filter","Relic Sorter","Replay The Spire","Shop Mod","StSLib","SuperFastMode","Synergy Search","The Servant 0.9.4","vexMod"],"gold_per_floor":[114,33,33,52,71,71,103,103,126,141,141,141,158,169,169,265,265,275,293,293,218,230,230,230,230],"floor_reached":24,"playtime":1821,"items_purged":["Strike_S"],"score":198,"play_id":"21927013-3523-40e8-97fa-772f607e04cc","local_time":"20210105031224","is_ascension_mode":false,"campfire_choices":[{"data":"KillingDoll","floor":6.0,"key":"SMITH"},{"data":"SilverBlades","floor":8.0,"key":"SMITH"},{"floor":12.0,"key":"REST"},{"data":"FlawlessForm","floor":15.0,"key":"SMITH"},{"data":"GearUp","floor":23,"key":"SMITH"}],"circlet_count":0,"master_deck":["Strike_S","Strike_S","Defend_S","Defend_S","Defend_S","Defend_S","Exchange","KillingDoll+1","SilverBlades+1","Contraction","Read+1","FlawlessForm+1","InstantArmor+1","GearUp+1"],"relics":["Uniform","Pet Ghost","vexMod:MemoryStick","aspiration:FutureDiary"],"acts_visited":["Exordium","TheCity"],"potions_floor_usage":[22],"damage_taken":[{"damage":5.0,"enemies":"2 Louse","floor":1.0,"turns":2.0},{"damage":0.0,"enemies":"Cultist","floor":4.0,"turns":3.0},{"damage":0.0,"enemies":"Small Slimes","floor":5.0,"turns":4.0},{"damage":31.0,"enemies":"3 Sentries","floor":7.0,"turns":8.0},{"damage":23.0,"enemies":"Exordium Thugs","floor":10.0,"turns":4.0},{"damage":6.0,"enemies":"Large Slime","floor":13.0,"turns":8.0},{"damage":0.0,"enemies":"Gremlin Gang","floor":14.0,"turns":6.0},{"damage":36.0,"enemies":"Fading Forest","floor":16.0,"turns":11.0},{"damage":4,"enemies":"Spheric Guardian","floor":18,"turns":30},{"damage":38,"enemies":"3 Byrds","floor":19,"turns":7},{"damage":2,"enemies":"Centurion and Healer","floor":22,"turns":27},{"damage":21,"enemies":"Cultist and Chosen","floor":24,"turns":6}],"seed_played":"6352466525751152281","potions_obtained":[{"floor":5.0,"key":"Dexterity Potion"},{"floor":7.0,"key":"AttackPotion"},{"floor":10.0,"key":"Death Potion"},{"floor":14.0,"key":"Explosive Potion"},{"floor":19,"key":"BlessingOfTheForge"},{"floor":22,"key":"SneckoOil"}],"is_trial":false,"path_per_floor":["M","$","?","M","M","R","E","R","T","M","?","R","M","M","R","B",null,"M","M","?","$","M","R","M"],"character_chosen":"THE_SERVANT","items_purchased":["SilverBlades"],"campfire_rested":1,"item_purchase_floors":[2],"current_hp_per_floor":[60,60,60,60,60,60,29,29,29,6,6,25,19,19,19,13,65,61,23,23,23,21,21,0,0],"gold":230,"neow_bonus":"ONE_RANDOM_RARE_CARD","is_daily":false,"chose_seed":false,"campfire_upgraded":4,"win_rate":0.0,"timestamp":1609809144,"path_taken":["M","$","?","M","M","R","E","R","T","?","?","R","M","M","R","BOSS","M","M","?","$","M","R","M"],"items_purchased_type":["Card"],"build_version":"2020-12-22","purchased_purges":1,"victory":false,"max_hp_per_floor":[65,65,65,65,65,65,65,65,65,65,65,65,65,65,65,65,65,65,65,65,65,65,65,65,65],"card_choices":[{"not_picked":["Moonlight","Gouge","Unruled"],"picked":"SKIP","floor":1.0},{"not_picked":["BestPractice","Defy"],"picked":"Contraction","floor":4.0},{"not_picked":["Gouge","MoonPhase","Read"],"picked":"SKIP","floor":5.0},{"not_picked":["Revamp","Ricochet","DoubleEdge"],"picked":"SKIP","floor":7.0},{"not_picked":["Snipe","Ricochet","FastForward"],"picked":"SKIP","floor":10.0},{"not_picked":["Potential","Read","ShiftingGears"],"picked":"SKIP","floor":13.0},{"not_picked":["FanOfKnives","DoubleEdge"],"picked":"FlawlessForm","floor":14.0},{"not_picked":["TimeWarp+1","Rewind","Snipe"],"picked":"SKIP","floor":18},{"not_picked":["Replace","Unruled"],"picked":"InstantArmor+1","floor":19},{"not_picked":["Rewind","DoubleEdge"],"picked":"GearUp","floor":22}],"player_experience":203644,"relics_obtained":[{"floor":7.0,"key":"Pet Ghost"},{"floor":9.0,"key":"vexMod:MemoryStick"}],"event_choices":[{"cards_removed":["KidneyShot"],"damage_healed":0.0,"max_hp_gain":0.0,"max_hp_loss":0.0,"gold_gain":0.0,"event_name":"Bonfire Elementals","player_choice":"Offered Basic","floor":3.0,"gold_loss":0.0,"damage_taken":0.0},{"damage_healed":0,"gold_gain":0,"player_choice":"Ignored","damage_taken":0,"max_hp_gain":0,"max_hp_loss":0,"event_name":"betterNote:BetterNote","floor":20,"gold_loss":0,"cards_obtained":["ReplayTheSpireMod:Doomed"]}],"is_beta":false,"boss_relics":[{"not_picked":["Replay:Drink Me","Fusion Hammer"],"picked":"aspiration:FutureDiary"}],"items_purged_floors":[21],"is_endless":false,"potions_floor_spawned":[5,7,10,14,19,22],"killed_by":"Cultist and Chosen","ascension_level":0}}