{"host":"iy58fyt9wsbv4cf1","time":1609818664,"event":{"mods":["BaseMod","Better Altar","Better Match","Better Skull","Better Third Choice","BetterRewards","Conspire","Custom Start","Defuse TimeMaze Blight","Hubris","Infinite Spire","Minty Spire (QoL Compilation)","Permanent Neow","Quick Restart","Spicy Shops","StSLib"],"gold_per_floor":[110,123,123,142,8,8,21,21,21,48,48,60,60,91,91,193,193,207,224,139,139,41,41,71,71,122,122,139,157,157,84,84,183,183,200,216,216,61,0,26,26,26,81,91,91,91,41,53,53,53,53,53,3,31,31,31],"floor_reached":55,"playtime":1208,"items_purged":["Strike_B","Strike_B","Strike_B","Strike_B","Defend_B"],"score":736,"play_id":"012335c8-c096-4771-a267-ec5d51885c69","local_time":"20210104225104","is_ascension_mode":false,"campfire_choices":[{"data":"Storm","floor":6,"key":"SMITH"},{"data":"Storm","floor":8,"key":"SMITH"},{"data":"White Noise","floor":13,"key":"SMITH"},{"floor":15,"key":"RECALL"},{"data":"Thunder Strike","floor":23,"key":"SMITH"},{"data":"Static Discharge","floor":27,"key":"SMITH"},{"data":"Zap","floor":32,"key":"SMITH"},{"data":"hubris:PowerSurge","floor":41,"key":"SMITH"},{"data":"Creative AI","floor":45,"key":"SMITH"},{"data":"Self Repair","floor":49,"key":"SMITH"},{"data":"Self Repair","floor":52,"key":"SMITH"}],"circlet_count":0,"master_deck":["Defend_B","Defend_B+1","Defend_B","Zap+1","Dualcast+1","Storm+1","Storm+1","Self Repair","Auto Shields","Escape Plan+1","Reboot+1","White Noise+1","Tempest","Self Repair+1","Thunder Strike+1","Static Discharge+1","Self Repair+1","Storm+1","Leap+1","Creative AI+1","hubris:PowerSurge+1","hubris:Ukulele+1"],"relics":["Cracked Core","hubris:BallOfYels","Lantern","HornCleat","War Paint","hubris:Icosahedron","Happy Flower","Runic Dome","WingedGreaves","Dream Catcher","Oddly Smooth Stone","hubris:ToyBattleship","Medical Kit","hubris:CrackedHourglass","Bag of Preparation","Red Mask","PreservedInsect","Smiling Mask","hubris:Towel","hubris:TenFootPole"],"acts_visited":["Exordium","TheCity","TheBeyond","TheEnding"],"potions_floor_usage":[],"damage_taken":[{"damage":1,"enemies":"Cultist","floor":1,"turns":3},{"damage":4,"enemies":"2 Louse","floor":2,"turns":3},{"damage":0,"enemies":"Small Slimes","floor":4,"turns":3},{"damage":9,"enemies":"Exordium Wildlife","floor":7,"turns":4},{"damage":4,"enemies":"3 Sentries","floor":10,"turns":2},{"damage":0,"enemies":"Blue Slaver","floor":12,"turns":1},{"damage":5,"enemies":"conspire:MimicChest","floor":14,"turns":5},{"damage":20,"enemies":"The Guardian","floor":16,"turns":10},{"damage":10,"enemies":"2 Thieves","floor":18,"turns":2},{"damage":0,"enemies":"3 Byrds","floor":19,"turns":2},{"damage":40,"enemies":"Slavers","floor":24,"turns":3},{"damage":0,"enemies":"Snecko","floor":28,"turns":2},{"damage":20,"enemies":"Centurion and Healer","floor":29,"turns":2},{"damage":11,"enemies":"conspire:MysteriousRune","floor":33,"turns":4},{"damage":20,"enemies":"3 Darklings","floor":35,"turns":3},{"damage":9,"enemies":"Orb Walker","floor":36,"turns":2},{"damage":28,"enemies":"Nightmare","floor":40,"turns":3},{"damage":0,"enemies":"Sphere and 2 Shapes","floor":44,"turns":1},{"damage":0,"enemies":"3 Darklings","floor":48,"turns":1},{"damage":0,"enemies":"Donu and Deca","floor":50,"turns":3},{"damage":1,"enemies":"Shield and Spear","floor":54,"turns":1},{"damage":78,"enemies":"The Heart","floor":55,"turns":3}],"seed_played":"-8704817206746066755","potions_obtained":[{"floor":2,"key":"LiquidBronze"},{"floor":10,"key":"SkillPotion"},{"floor":12,"key":"FocusPotion"}],"is_trial":false,"path_per_floor":["M","M","?","M","$","R","M","R","T","E","?","M","R","?","R","B",null,"M","M","?","?","$","R","E","?","T","R","M","M","AVR","$","R","B",null,"M","M","?","$","?","NM","R","?","T","M","R","?","$","M","R","B",null,"R","$","E","B"],"character_chosen":"DEFECT","items_purchased":["Storm","hubris:BallOfYels","Storm","Self Repair","White Noise","Self Repair","Medical Kit","Bag of Preparation"],"campfire_rested":0,"item_purchase_floors":[0,0,0,0,5,22,31,38],"current_hp_per_floor":[46,49,36,43,43,43,41,41,41,44,44,51,51,53,53,47,75,75,75,75,75,75,75,56,56,56,56,70,50,50,50,50,60,75,69,67,67,67,67,46,46,46,46,53,53,53,53,67,67,71,71,71,71,71,0,0],"gold":31,"neow_bonus":"","is_daily":false,"chose_seed":false,"campfire_upgraded":10,"win_rate":0.0,"timestamp":1609818664,"path_taken":["M","?","?","M","$","R","M","R","T","E","?","?","R","?","R","BOSS","M","M","?","?","$","R","E","?","T","R","M","?","AVR","$","R","BOSS","M","?","?","$","?","NM","R","?","T","M","R","?","?","?","R","BOSS","R","$","E","BOSS"],"items_purchased_type":["Card","Relic","Card","Card","Card","Card","Relic","Relic"],"build_version":"2020-12-22","purchased_purges":5,"victory":false,"max_hp_per_floor":[75,75,75,75,75,75,75,75,75,75,75,75,75,75,75,75,75,75,75,75,75,75,75,75,75,75,75,75,75,75,75,75,75,75,75,75,71,71,71,71,71,71,71,71,71,71,71,71,71,71,71,71,71,71,71,71],"card_choices":[{"not_picked":["Ball Lightning","Undo","Rebound"],"picked":"SKIP","floor":1},{"not_picked":["Coolheaded","Stack"],"picked":"Auto Shields","floor":2},{"not_picked":["Blizzard","Scrape"],"picked":"Reboot","floor":4},{"not_picked":["Stack","Cold Snap","Chaos"],"picked":"SKIP","floor":7},{"not_picked":["Coolheaded","Rebound"],"picked":"Tempest","floor":10},{"not_picked":["Steam Power","Double Energy","Chill"],"picked":"SKIP","floor":12},{"not_picked":["Beam Cell","Skim"],"picked":"Self Repair","floor":14},{"not_picked":["Core Surge","Meteor Strike"],"picked":"Thunder Strike","floor":16},{"not_picked":["Cold Snap","Sweeping Beam+1"],"picked":"Static Discharge","floor":18},{"not_picked":["Stack","conspire:SharedLibrary","Go for the Eyes"],"picked":"SKIP","floor":19},{"not_picked":["Steam","Double Energy","Hologram"],"picked":"SKIP","floor":24},{"not_picked":["Redo","Coolheaded+1","Beam Cell"],"picked":"SKIP","floor":28},{"not_picked":["Fission","Glacier+1"],"picked":"Leap+1","floor":29},{"not_picked":["All For One","hubris:SpecializedCircuitry"],"picked":"Creative AI","floor":33},{"not_picked":["Loop+1","Conserve Battery"],"picked":"hubris:PowerSurge","floor":35},{"not_picked":["Darkness+1","Turbo+1","Rebound"],"picked":"SKIP","floor":36},{"not_picked":["Lockon+1","Steam+1","Hologram+1"],"picked":"SKIP","floor":40},{"not_picked":["Turbo","Streamline+1","Doom and Gloom"],"picked":"SKIP","floor":44},{"not_picked":["hubris:DoWhile","Gash+1"],"picked":"hubris:Ukulele+1","floor":48},{"not_picked":["Skim+1","Gash+1","FTL+1"],"picked":"SKIP","floor":54}],"player_experience":38387,"relics_obtained":[{"floor":10,"key":"War Paint"},{"floor":14,"key":"Happy Flower"},{"floor":24,"key":"Dream Catcher"},{"floor":26,"key":"Oddly Smooth Stone"},{"floor":40,"key":"PreservedInsect"},{"floor":43,"key":"Smiling Mask"},{"floor":54,"key":"hubris:TenFootPole"}],"event_choices":[{"damage_healed":0,"gold_gain":1,"player_choice":"Card Relic Relic ","damage_taken":13,"max_hp_gain":0,"max_hp_loss":0,"event_name":"betterThird:BetterScrap","floor":3,"gold_loss":0,"cards_obtained":["Escape Plan","LessonLearned"]},{"damage_healed":0,"gold_gain":0,"player_choice":"Obtained Relic","damage_taken":0,"relics_obtained":["WingedGreaves"],"max_hp_gain":0,"max_hp_loss":0,"event_name":"Addict","floor":20,"gold_loss":85},{"damage_healed":0,"gold_gain":0,"player_choice":"Copied","damage_taken":0,"max_hp_gain":0,"max_hp_loss":0,"event_name":"Duplicator","floor":25,"gold_loss":0,"cards_obtained":["Storm"]},{"damage_healed":0,"gold_gain":0,"player_choice":"Max HP","damage_taken":0,"max_hp_gain":0,"max_hp_loss":4,"event_name":"Winding Halls","floor":37,"gold_loss":0},{"damage_healed":0,"gold_gain":0,"player_choice":"Paid","damage_taken":0,"relics_obtained":["Red Mask"],"max_hp_gain":0,"max_hp_loss":0,"event_name":"Tomb of Lord Red Mask","floor":39,"gold_loss":61},{"damage_healed":0,"gold_gain":0,"player_choice":"Leave","damage_taken":0,"max_hp_gain":0,"max_hp_loss":0,"event_name":"conspire:Investor","floor":42,"gold_loss":0}],"is_beta":false,"boss_relics":[{"not_picked":["hubris:ScarierMask","Runic Pyramid"],"picked":"Runic Dome"},{"not_picked":["hubris:Stopwatch","Snecko Eye"],"picked":"hubris:CrackedHourglass"}],"items_purged_floors":[0,5,30,47,53],"is_endless":false,"potions_floor_spawned":[2,10,12,14,19,24,29,33,35,36],"killed_by":"The Heart","ascension_level":0}}