{"host":"y6h8h5dnjuludn40","time":1609829432,"event":{"mods":["BaseMod","Colored Map","Colored Powertips","Googly Eyes","Hermit","Minty Spire (QoL Compilation)","Replay The Spire","StSLib","The Construct","The Hierophant"],"gold_per_floor":[118,118,128,142,342,342,374,388,462,462,462,37,37,47,47,146,146,157,192,209,229,242,269,269,284,284,296,296,98,98,115,115,211,211,228,228,247,247,262,289,289,301,326,19,33,33,50,0,0,0,0],"floor_reached":50,"playtime":2261,"items_purged":["Strike_R","Strike_R","Strike_R"],"score":546,"play_id":"ca250433-7efd-4ee8-9d6a-5fdff76643a5","local_time":"20210105005032","is_ascension_mode":false,"campfire_choices":[{"data":"Searing Blow","floor":6,"key":"SMITH"},{"floor":11,"key":"REST"},{"floor":13,"key":"REST"},{"data":"Searing Blow+1","floor":15,"key":"SMITH"},{"floor":24,"key":"REST"},{"floor":30,"key":"REST"},{"floor":32,"key":"RECALL"},{"floor":41,"key":"REST"},{"floor":46,"key":"REST"},{"floor":49,"key":"REST"}],"circlet_count":0,"master_deck":["Strike_R","Defend_R+1","Defend_R+1","Defend_R","Defend_R","Bash+1","Cleave","Warcry+1","Headbutt","Searing Blow+2","Offering","Rampage","Bandage Up","Anger","Replay:Many Hands+1","Clash+1","Sword Boomerang+1","Run Through+1","Life Link","Pommel Strike+1","Immolate","Exhume+1","Juggernaut+1","Offering+1","hermit:Shortfuse","Cleave+1","Pummel","Feel No Pain"],"relics":["Burning Blood","NeowsBlessing","Champion Belt","ReplayTheSpireMod:TigerMarble","Replay:Accelerometer","Electric Blood","Red Mask","Anchor","InkBottle","Gremlin Food","Replay:Grab Bag","Mark of Pain","Busted Crown","Astrolabe","ReplayTheSpireMod:Ninjato","Smiling Mask","ReplayTheSpireMod:Shallot"],"acts_visited":["Exordium","TheCity","TheBeyond"],"potions_floor_usage":[7,8,19,19,23,29,33,33,33,33,33,37,39,47,50],"damage_taken":[{"damage":0,"enemies":"2 Louse","floor":1,"turns":1},{"damage":0,"enemies":"Cultist","floor":3,"turns":1},{"damage":0,"enemies":"Jaw Worm","floor":4,"turns":1},{"damage":24,"enemies":"Lagavulin","floor":7,"turns":5},{"damage":21,"enemies":"Exordium Wildlife","floor":8,"turns":4},{"damage":0,"enemies":"Blue Slaver","floor":14,"turns":2},{"damage":11,"enemies":"Slime Boss","floor":16,"turns":8},{"damage":25,"enemies":"3 Byrds","floor":18,"turns":4},{"damage":5,"enemies":"Masked Bandits","floor":19,"turns":2},{"damage":12,"enemies":"Shell Parasite","floor":20,"turns":2},{"damage":14,"enemies":"Snake Plant","floor":21,"turns":2},{"damage":22,"enemies":"Centurion and Healer","floor":22,"turns":4},{"damage":52,"enemies":"Book of Stabbing","floor":23,"turns":3},{"damage":32,"enemies":"3 Cultists","floor":25,"turns":4},{"damage":18,"enemies":"Cultist and Chosen","floor":27,"turns":4},{"damage":15,"enemies":"Snecko","floor":31,"turns":2},{"damage":46,"enemies":"Collector","floor":33,"turns":5},{"damage":35,"enemies":"3 Shapes","floor":35,"turns":3},{"damage":13,"enemies":"Orb Walker","floor":37,"turns":1},{"damage":23,"enemies":"Transient","floor":39,"turns":5},{"damage":42,"enemies":"Giant Head","floor":40,"turns":5},{"damage":24,"enemies":"Jaw Worm Horde","floor":42,"turns":3},{"damage":14,"enemies":"3 Darklings","floor":45,"turns":2},{"damage":55,"enemies":"Maw","floor":47,"turns":4},{"damage":55,"enemies":"Awakened One","floor":50,"turns":4}],"seed_played":"5858101960518292733","potions_obtained":[{"floor":4,"key":"Block Potion"},{"floor":7,"key":"LiquidBronze"},{"floor":16,"key":"Explosive Potion"},{"floor":18,"key":"Adrenaline Potion"},{"floor":20,"key":"Doom Potion"},{"floor":21,"key":"EntropicBrew"},{"floor":22,"key":"BloodPotion"},{"floor":33,"key":"Energy Potion"},{"floor":35,"key":"DuplicationPotion"},{"floor":40,"key":"Block Potion"},{"floor":45,"key":"Dexterity Potion"}],"is_trial":false,"path_per_floor":["M","?","M","M","?","R","E","M","T","?","R","$","R","M","R_BF","B",null,"M","?","M","M","M","E","R","M","T","M","?","$","R","M","R_BF","B",null,"M","?","M","?","M","E","R","M","T","$","M","R","M","$","R","B"],"character_chosen":"IRONCLAD","items_purchased":["Replay:Accelerometer","Bandage Up","BloodPotion","Gremlin Food","ReplayTheSpireMod:Shallot"],"campfire_rested":7,"item_purchase_floors":[12,12,29,29,44],"current_hp_per_floor":[80,80,80,80,60,60,42,27,27,15,39,39,63,73,73,72,80,62,67,65,57,45,19,43,21,21,13,39,55,79,73,73,37,80,51,51,48,48,35,7,31,34,34,34,30,54,9,9,33,0,0],"gold":0,"neow_bonus":"THREE_ENEMY_KILL","is_daily":false,"chose_seed":false,"campfire_upgraded":2,"win_rate":0.0,"timestamp":1609829432,"path_taken":["M","?","?","M","?","R","E","M","T","?","R","$","R","M","R_BF","BOSS","M","?","M","M","M","E","R","M","T","M","?","$","R","M","R_BF","BOSS","M","?","?","?","?","E","R","M","T","?","M","R","M","$","R","BOSS"],"items_purchased_type":["Relic","Card","Potion","Relic","Relic"],"build_version":"2020-12-22","purchased_purges":3,"victory":false,"max_hp_per_floor":[80,80,80,80,80,80,80,80,80,80,80,80,80,80,80,80,80,80,80,80,80,80,80,80,80,80,80,80,80,80,80,80,80,80,80,80,80,80,80,80,80,80,80,80,80,80,80,80,80,80,80],"card_choices":[{"not_picked":["Sentinel","Warcry"],"picked":"Cleave","floor":1},{"not_picked":["ReplayTheSpireMod:Corrosion Curse","Armaments"],"picked":"Warcry","floor":3},{"not_picked":["Body Slam","Second Wind"],"picked":"Headbutt","floor":4},{"not_picked":["Sever Soul","Flame Barrier"],"picked":"Searing Blow","floor":5},{"not_picked":["Berserk","Flame Barrier"],"picked":"Offering","floor":7},{"not_picked":["Headbutt","Wild Strike"],"picked":"Rampage","floor":8},{"not_picked":["Clash","Shrug It Off"],"picked":"Anger","floor":14},{"not_picked":["Berserk","Reaper"],"picked":"Replay:Many Hands","floor":16},{"not_picked":["ReplayTheSpireMod:Strike From Hell","Replay:Undeath\u0027s Touch"],"picked":"Clash+1","floor":18},{"not_picked":["Anger","Rage"],"picked":"Sword Boomerang+1","floor":19},{"not_picked":["Replay:Undeath\u0027s Touch","Anger"],"picked":"Seeing Red","floor":20},{"not_picked":["Bloodletting","Brutality"],"picked":"Run Through+1","floor":21},{"not_picked":["Sword Boomerang","Pummel"],"picked":"Life Link","floor":22},{"not_picked":["Rage","Rupture"],"picked":"Pommel Strike+1","floor":23},{"not_picked":["Body Slam+1","Sever Soul"],"picked":"Immolate","floor":25},{"not_picked":["Flex+1","Perfected Strike+1"],"picked":"Battle Trance","floor":27},{"not_picked":["Wild Strike","Sever Soul+1"],"picked":"Shrug It Off","floor":31},{"not_picked":["Corruption","Immolate"],"picked":"Demonic Infusion","floor":33},{"not_picked":["Clothesline"],"picked":"SKIP","floor":35},{"not_picked":[],"picked":"Cleave+1","floor":37},{"not_picked":[],"picked":"Pummel","floor":39},{"not_picked":["Searing Blow"],"picked":"SKIP","floor":40},{"not_picked":["Heavy Blade+1"],"picked":"SKIP","floor":42},{"not_picked":["Armaments"],"picked":"SKIP","floor":45},{"not_picked":[],"picked":"Feel No Pain","floor":47}],"player_experience":253055,"relics_obtained":[{"floor":7,"key":"Champion Belt"},{"floor":19,"key":"Red Mask"},{"floor":23,"key":"Anchor"},{"floor":26,"key":"InkBottle"},{"floor":40,"key":"ReplayTheSpireMod:Ninjato"},{"floor":43,"key":"Smiling Mask"}],"event_choices":[{"cards_removed":["Strike_R"],"damage_healed":0,"gold_gain":0,"player_choice":"Offered Basic","damage_taken":0,"max_hp_gain":0,"max_hp_loss":0,"event_name":"Bonfire Elementals","floor":2,"gold_loss":0},{"damage_healed":0,"gold_gain":0,"player_choice":"Success","damage_taken":12,"relics_obtained":["ReplayTheSpireMod:TigerMarble"],"max_hp_gain":0,"max_hp_loss":0,"event_name":"Scrap Ooze","floor":10,"gold_loss":0},{"damage_healed":0,"gold_gain":0,"player_choice":"Fought Bandits","damage_taken":0,"max_hp_gain":0,"max_hp_loss":0,"event_name":"Masked Bandits","floor":19,"gold_loss":0},{"damage_healed":26,"gold_gain":0,"player_choice":"Heal","damage_taken":0,"max_hp_gain":0,"max_hp_loss":0,"event_name":"The Library","floor":28,"gold_loss":0},{"cards_removed":["Demonic Infusion"],"damage_healed":0,"gold_gain":0,"player_choice":"Took Card","damage_taken":0,"max_hp_gain":0,"max_hp_loss":0,"event_name":"NoteForYourself","floor":36,"gold_loss":0,"cards_obtained":["hermit:Shortfuse"]},{"damage_healed":0,"gold_gain":0,"player_choice":"Upgraded","damage_taken":0,"max_hp_gain":0,"max_hp_loss":0,"event_name":"Upgrade Shrine","floor":38,"gold_loss":0,"cards_upgraded":["Replay:Many Hands"]}],"is_beta":false,"boss_relics":[{"not_picked":["construct:WeddingRing","Kintsugi"],"picked":"Electric Blood"},{"not_picked":["Calling Bell","Snecko Eye"],"picked":"Replay:Grab Bag"},{"not_picked":["ChewingGum","ReplayTheSpireMod:DimensionalGlitch"],"picked":"Mark of Pain"},{"not_picked":["Replay:Bronze Core","Coffee Dripper"],"picked":"Busted Crown"},{"not_picked":["construct:ClawGrip","Empty Cage"],"picked":"Astrolabe"}],"items_purged_floors":[12,44,48],"is_endless":false,"potions_floor_spawned":[4,7,16,18,20,21,22,33,35,40,45],"killed_by":"Awakened One","ascension_level":0}}