{"host":"zig6x0mxqzam82fb","time":1609812227,"event":{"mods":["BaseMod","Block Reminder","Colored Map","Colored Powertips","Marisa????????","Minty Spire (QoL Compilation)","Relic Stats","StSLib","The Cursed","The Marked","Waifu the Spire"],"gold_per_floor":[114,64,83,102,8,20,52,68,68,102,102,114,114,37,37,139,139,159,178,178,33,49,75,75,87,87,87,107,107,120,153,153,255,255,272,317,1316,626,626,626,656,72,72,106,117,150,164,179,179,179],"floor_reached":51,"playtime":3561,"items_purged":["Pain","Normality","Normality"],"score":1319,"play_id":"6aebbb2d-3cb5-4f38-98ea-422eab30f1be","local_time":"20210104210347","is_ascension_mode":true,"campfire_choices":[{"floor":11,"key":"REST"},{"data":"Beam Cell","floor":15,"key":"SMITH"},{"floor":24,"key":"REST"},{"floor":27,"key":"REST"},{"floor":32,"key":"REST"},{"floor":40,"key":"REST"},{"floor":49,"key":"DIG"}],"circlet_count":0,"master_deck":["AscendersBane","Strike_B","Strike_B","Defend_B","Defend_B","Defend_B","Zap","Dualcast","Scrape","Beam Cell+1","Steam","Swift Strike","Cold Snap","Ball Lightning","Steam Power","Leap","FTL","Ball Lightning","Reboot","Self Repair+1","Steam Power","Go for the Eyes","Hologram","Gash","Scrape","Streamline","BootSequence","Scrape","Genetic Algorithm","Writhe","All For One","Hyperbeam","Hologram","Reboot","Hologram+1","Go for the Eyes","Static Discharge+1","Apotheosis","Jack Of All Trades","Hello World+1","BootSequence+1","Static Discharge+1","Go for the Eyes","Heatsinks+1","Capacitor+1","Capacitor+1","Recycle"],"relics":["Empty Cage","Strawberry","Dream Catcher","Smiling Mask","Sundial","Fusion Hammer","WarpedTongs","Akabeko","Pantograph","Thread and Needle","Mercury Hourglass","Nuclear Battery","FossilizedHelix","Frozen Egg 2","MealTicket","Centennial Puzzle","Happy Flower","ClockworkSouvenir","Shovel","Mango","Symbiotic Virus","Boot"],"acts_visited":["Exordium","TheCity","TheBeyond"],"potions_floor_usage":[10,16,23,36,44,44,46,46],"damage_taken":[{"damage":4,"enemies":"Jaw Worm","floor":1,"turns":4},{"damage":4,"enemies":"Small Slimes","floor":3,"turns":4},{"damage":10,"enemies":"2 Louse","floor":4,"turns":3},{"damage":12,"enemies":"Lots of Slimes","floor":6,"turns":5},{"damage":21,"enemies":"3 Sentries","floor":7,"turns":9},{"damage":5,"enemies":"3 Louse","floor":8,"turns":3},{"damage":10,"enemies":"Gremlin Nob","floor":10,"turns":3},{"damage":0,"enemies":"2 Fungi Beasts","floor":12,"turns":3},{"damage":18,"enemies":"Hexaghost","floor":16,"turns":8},{"damage":6,"enemies":"3 Byrds","floor":18,"turns":4},{"damage":7,"enemies":"Chosen","floor":19,"turns":3},{"damage":10,"enemies":"Centurion and Healer","floor":22,"turns":5},{"damage":41,"enemies":"Gremlin Leader","floor":23,"turns":5},{"damage":18,"enemies":"Snecko","floor":25,"turns":5},{"damage":17,"enemies":"3 Cultists","floor":28,"turns":5},{"damage":0,"enemies":"Chosen and Byrds","floor":30,"turns":5},{"damage":37,"enemies":"Book of Stabbing","floor":31,"turns":5},{"damage":59,"enemies":"Automaton","floor":33,"turns":8},{"damage":0,"enemies":"3 Darklings","floor":35,"turns":2},{"damage":36,"enemies":"2 Orb Walkers","floor":36,"turns":4},{"damage":98,"enemies":"Giant Head","floor":41,"turns":10},{"damage":31,"enemies":"Nemesis","floor":44,"turns":7},{"damage":4,"enemies":"3 Shapes","floor":45,"turns":3},{"damage":8,"enemies":"Reptomancer","floor":46,"turns":6},{"damage":0,"enemies":"3 Darklings","floor":47,"turns":3},{"damage":0,"enemies":"Jaw Worm Horde","floor":48,"turns":2},{"damage":49,"enemies":"Donu and Deca","floor":50,"turns":7}],"seed_played":"-1033890869940749283","potions_obtained":[{"floor":1,"key":"DuplicationPotion"},{"floor":4,"key":"Strength Potion"},{"floor":16,"key":"FairyPotion"},{"floor":25,"key":"SkillPotion"},{"floor":30,"key":"DistilledChaos"},{"floor":41,"key":"FearPotion"},{"floor":44,"key":"Regen Potion"},{"floor":45,"key":"Weak Potion"}],"is_trial":false,"path_per_floor":["M","?","M","M","$","M","E","M","T","E","R","M","?","$","R","B",null,"M","M","?","$","M","E","R","M","T","R","M","?","M","E","R","B",null,"M","?","?","$","?","R","E","$","T","E","M","E","M","M","R","B",null],"character_chosen":"DEFECT","items_purchased":["Swift Strike","Regen Potion","Go for the Eyes","Hologram","Frozen Egg 2","Static Discharge+1","Regen Potion","Apotheosis","Jack Of All Trades","Centennial Puzzle","Happy Flower","ClockworkSouvenir","Static Discharge+1","Go for the Eyes"],"campfire_rested":5,"item_purchase_floors":[5,14,21,21,38,38,38,38,38,42,42,42,42,42],"current_hp_per_floor":[64,64,60,50,50,38,24,19,19,9,33,33,21,21,21,18,66,60,63,63,63,63,32,56,48,48,72,65,65,75,48,72,33,70,80,44,44,44,44,68,21,36,36,44,40,57,57,57,57,33],"gold":179,"neow_bonus":"BOSS_RELIC","is_daily":false,"chose_seed":false,"campfire_upgraded":1,"win_rate":0.0,"timestamp":1609812227,"path_taken":["M","?","M","M","$","M","E","M","T","E","R","M","?","?","R","BOSS","M","M","?","$","M","E","R","M","T","R","?","?","M","E","R","BOSS","M","?","?","$","?","R","E","$","T","E","M","E","?","M","R","BOSS"],"items_purchased_type":["Card","Potion","Card","Card","Relic","Card","Potion","Card","Card","Relic","Relic","Relic","Card","Card"],"build_version":"2020-12-22","purchased_purges":3,"victory":true,"max_hp_per_floor":[75,75,75,75,75,75,82,82,82,82,82,82,82,82,82,82,82,82,82,82,82,82,82,82,82,82,82,82,82,82,82,82,82,82,82,82,82,82,82,82,82,82,82,96,96,96,96,96,96,96],"relic_stats":{"Happy Flower":[9],"counters":[27,131],"Smiling Mask":150,"Boot":[12],"WarpedTongs":[82],"Mercury Hourglass":[210],"Dream Catcher":5,"Centennial Puzzle":[12],"Shovel":1,"Sundial":[22],"Pantograph":35,"MealTicket":15,"obtain_stats":[{"Happy Flower":42,"Thread and Needle":29,"Mango":44,"Frozen Egg 2":38,"Empty Cage":0,"Smiling Mask":10,"Boot":49,"Akabeko":23,"WarpedTongs":20,"Mercury Hourglass":31,"Nuclear Battery":34,"ClockworkSouvenir":42,"Dream Catcher":9,"Centennial Puzzle":42,"Shovel":43,"Sundial":13,"Strawberry":7,"Pantograph":26,"MealTicket":41,"Fusion Hammer":17,"Cracked Core":0,"Symbiotic Virus":46,"FossilizedHelix":36},{"Happy Flower":21,"Thread and Needle":15,"Mango":22,"Frozen Egg 2":20,"Empty Cage":0,"Smiling Mask":7,"Boot":26,"Akabeko":13,"WarpedTongs":11,"Mercury Hourglass":17,"Nuclear Battery":18,"ClockworkSouvenir":21,"Dream Catcher":6,"Centennial Puzzle":21,"Shovel":21,"Sundial":8,"Strawberry":5,"Pantograph":14,"MealTicket":21,"Fusion Hammer":9,"Cracked Core":0,"Symbiotic Virus":24,"FossilizedHelix":20},{"Happy Flower":103,"Thread and Needle":69,"Mango":110,"Frozen Egg 2":93,"Empty Cage":0,"Smiling Mask":31,"Boot":124,"Akabeko":59,"WarpedTongs":49,"Mercury Hourglass":79,"Nuclear Battery":87,"ClockworkSouvenir":103,"Dream Catcher":28,"Centennial Puzzle":103,"Shovel":103,"Sundial":34,"Strawberry":25,"Pantograph":64,"MealTicket":103,"Fusion Hammer":42,"Cracked Core":0,"Symbiotic Virus":119,"FossilizedHelix":93}]},"card_choices":[{"not_picked":["Static Discharge","Conserve Battery"],"picked":"Scrape","floor":1},{"not_picked":["Undo","Hologram"],"picked":"Beam Cell","floor":3},{"not_picked":["Blizzard","Rebound"],"picked":"Steam","floor":4},{"not_picked":["BootSequence","Melter"],"picked":"Cold Snap","floor":6},{"not_picked":["Reinforced Body","Stack"],"picked":"Ball Lightning","floor":7},{"not_picked":["Darkness","Storm"],"picked":"Steam Power","floor":8},{"not_picked":["Coolheaded","Self Repair"],"picked":"Leap","floor":10},{"not_picked":["Barrage","Coolheaded"],"picked":"FTL","floor":11},{"not_picked":["Compile Driver","Stack"],"picked":"Ball Lightning","floor":12},{"not_picked":["Multi-Cast","Meteor Strike"],"picked":"Reboot","floor":16},{"not_picked":["Defragment","Fusion"],"picked":"Self Repair+1","floor":18},{"not_picked":["White Noise","Cold Snap"],"picked":"Steam Power","floor":19},{"not_picked":["Scrape","Reprogram"],"picked":"Gash","floor":22},{"not_picked":["Amplify","Capacitor"],"picked":"Scrape","floor":23},{"not_picked":["Sweeping Beam","Blizzard"],"picked":"Streamline","floor":24},{"not_picked":["Self Repair","Cold Snap"],"picked":"BootSequence","floor":25},{"not_picked":["Ball Lightning","Coolheaded"],"picked":"Scrape","floor":27},{"not_picked":["Force Field","Barrage"],"picked":"Genetic Algorithm","floor":28},{"not_picked":["Darkness","Gash"],"picked":"All For One","floor":30},{"not_picked":["Darkness","Turbo"],"picked":"Hyperbeam","floor":31},{"not_picked":["Lockon+1","Doom and Gloom+1"],"picked":"Hologram","floor":32},{"not_picked":["Amplify","Thunder Strike"],"picked":"Reboot","floor":33},{"not_picked":["Redo+1","Fusion"],"picked":"Hologram+1","floor":35},{"not_picked":["Barrage","Capacitor"],"picked":"Go for the Eyes","floor":36},{"not_picked":["Barrage","Rebound+1"],"picked":"Hello World+1","floor":40},{"not_picked":["Aggregate","Steam+1"],"picked":"BootSequence+1","floor":41},{"not_picked":["Cold Snap","Stack"],"picked":"Heatsinks+1","floor":44},{"not_picked":["Leap+1","Rip and Tear"],"picked":"Capacitor+1","floor":45},{"not_picked":["Steam Power","Stack"],"picked":"Capacitor+1","floor":46},{"not_picked":["Multi-Cast","Leap","Compile Driver"],"picked":"SKIP","floor":47},{"not_picked":["Steam","Compile Driver+1"],"picked":"Recycle","floor":48}],"player_experience":439667,"relics_obtained":[{"floor":7,"key":"Strawberry"},{"floor":9,"key":"Dream Catcher"},{"floor":10,"key":"Smiling Mask"},{"floor":23,"key":"Akabeko"},{"floor":26,"key":"Pantograph"},{"floor":31,"key":"Mercury Hourglass"},{"floor":36,"key":"FossilizedHelix"},{"floor":41,"key":"MealTicket"},{"floor":43,"key":"Shovel"},{"floor":44,"key":"Mango"},{"floor":46,"key":"Symbiotic Virus"},{"floor":49,"key":"Boot"}],"event_choices":[{"cards_removed":["Strike_B"],"damage_healed":0,"gold_gain":0,"player_choice":"Card Removal","damage_taken":0,"max_hp_gain":0,"max_hp_loss":0,"event_name":"The Cleric","floor":2,"gold_loss":50},{"damage_healed":0,"gold_gain":0,"player_choice":"Success","damage_taken":12,"relics_obtained":["Sundial"],"max_hp_gain":0,"max_hp_loss":0,"event_name":"Scrap Ooze","floor":13,"gold_loss":0},{"damage_healed":0,"gold_gain":0,"player_choice":"Rummage","damage_taken":0,"relics_obtained":["WarpedTongs"],"max_hp_gain":0,"max_hp_loss":0,"event_name":"Accursed Blacksmith","floor":20,"gold_loss":0,"cards_obtained":["Pain"]},{"damage_healed":0,"gold_gain":0,"player_choice":"Opened","damage_taken":0,"relics_obtained":["Thread and Needle"],"max_hp_gain":0,"max_hp_loss":0,"event_name":"The Mausoleum","floor":29,"gold_loss":0,"cards_obtained":["Writhe"]},{"damage_healed":0,"gold_gain":0,"player_choice":"Fight","damage_taken":0,"max_hp_gain":0,"max_hp_loss":0,"event_name":"Mysterious Sphere","floor":36,"gold_loss":0},{"damage_healed":0,"gold_gain":999,"player_choice":"Gold","damage_taken":0,"max_hp_gain":0,"max_hp_loss":0,"event_name":"MindBloom","floor":37,"gold_loss":0,"cards_obtained":["Normality","Normality"]},{"damage_healed":0,"gold_gain":0,"player_choice":"Ignored","damage_taken":0,"max_hp_gain":0,"max_hp_loss":0,"event_name":"Tomb of Lord Red Mask","floor":39,"gold_loss":0}],"is_beta":false,"boss_relics":[{"not_picked":["SlaversCollar","Ectoplasm"],"picked":"Fusion Hammer"},{"not_picked":["Velvet Choker","SacredBark"],"picked":"Nuclear Battery"}],"items_purged_floors":[21,38,42],"is_endless":false,"potions_floor_spawned":[1,4,8,16,19,25,28,30,33,41,44,45],"ascension_level":12}}