{"host":"jgqxb38yl0c1w101","time":1609815889,"event":{"mods":["BaseMod","Colored Map","Downfall","Minty Spire (QoL Compilation)","StSLib"],"gold_per_floor":[99,114,129,229,229,244,244,144,174,249,264,294,294,309,324,324,324,324],"floor_reached":16,"playtime":1251,"items_purged":[],"score":162,"play_id":"81883018-76cb-4415-86a1-98803f23ab45","local_time":"20210104220449","daily_mods":["downfall:ChampStances","downfall:Jewelcrafting","downfall:ExchangeController"],"is_ascension_mode":false,"campfire_choices":[],"circlet_count":0,"master_deck":["hexamod:Strike","hexamod:Strike+1","hexamod:Strike","hexamod:Strike","hexamod:Defend","hexamod:Defend","hexamod:Defend","hexamod:Defend","hexamod:Sear","hexamod:Float","Guardian:ExploitGems+1","Guardian:ExploitGems","hexamod:FastForward+1","hexamod:BacktrackSmack","Regret","hexamod:BacktrackSmack+1","hexamod:Haunt+1","hexamod:SixthSeal","hexamod:FirstSeal","Guardian:Gem_Synthetic","Guardian:Gem_Cyan","hexamod:Rewind"],"relics":["hexamod:SpiritBrand","Guardian:PickAxe","champ:ChampStancesModRelic","downfall:NeowBlessing_Player","Boot","downfall:HeartBlessingBlue","Ornamental Fan","Pantograph","Whetstone"],"acts_visited":["Exordium"],"potions_floor_usage":[],"damage_taken":[{"damage":0,"enemies":"Small Slimes","floor":2,"turns":3},{"damage":6,"enemies":"Jaw Worm","floor":3,"turns":2},{"damage":19,"enemies":"2 Louse","floor":6,"turns":2},{"damage":25,"enemies":"Gremlin Nob","floor":9,"turns":4},{"damage":12,"enemies":"Exordium Wildlife","floor":11,"turns":3},{"damage":68,"enemies":"3 Sentries","floor":12,"turns":10},{"damage":48,"enemies":"3 Louse","floor":14,"turns":5},{"damage":38,"enemies":"Gremlin Gang","floor":15,"turns":5},{"damage":68,"enemies":"ArchetypeAct1Statuses","floor":16,"turns":8}],"seed_played":"-8136925521176778862","potions_obtained":[{"floor":9,"key":"Slimebound:ThreeZeroPotion"},{"floor":12,"key":"Fire Potion"}],"is_trial":false,"path_per_floor":["R","M","M","?","?","M","T","R","E","T","M","E","R","M","M","B"],"character_chosen":"THE_SPIRIT","items_purchased":[],"campfire_rested":0,"item_purchase_floors":[],"current_hp_per_floor":[170,170,164,164,164,160,160,170,145,145,133,89,89,60,43,0,0,0],"gold":324,"neow_bonus":"","is_daily":true,"chose_seed":false,"campfire_upgraded":0,"win_rate":0.0,"timestamp":1609815889,"path_taken":["R","M","M","?","?","M","T","R","E","?","M","E","R","M","M","BOSS"],"items_purchased_type":[],"build_version":"2020-12-22","purchased_purges":0,"victory":false,"max_hp_per_floor":[170,170,170,170,170,170,170,180,180,180,180,180,180,180,180,180,180,180],"card_choices":[{"not_picked":["hexamod:GhostLash","hexamod:InspiringFlames"],"picked":"hexamod:FastForward","floor":2},{"not_picked":["hexamod:UnlimitedPower","hexamod:RainOfEmbers"],"picked":"hexamod:BacktrackSmack","floor":3},{"not_picked":["hexamod:HauntingEcho","hexamod:ShieldOfDarkness"],"picked":"hexamod:BacktrackSmack","floor":6},{"not_picked":["hexamod:FastForward","hexamod:BacktrackSmack"],"picked":"hexamod:Haunt","floor":9},{"not_picked":["hexamod:Incineration","hexamod:ThermalTransfer"],"picked":"hexamod:SixthSeal","floor":11},{"not_picked":["hexamod:SoulSteal","hexamod:NightmareGuise"],"picked":"hexamod:FirstSeal","floor":12},{"not_picked":["hexamod:NecessarySacrifice","hexamod:EtherealExpedition"],"picked":"hexamod:Rewind","floor":14},{"not_picked":["hexamod:GhostShield","hexamod:SpectralSpark","hexamod:NecessarySacrifice"],"picked":"SKIP","floor":15}],"player_experience":146698,"relics_obtained":[{"floor":9,"key":"Ornamental Fan"},{"floor":10,"key":"Pantograph"},{"floor":12,"key":"Whetstone"}],"event_choices":[{"damage_healed":0,"gold_gain":0,"player_choice":"Box","damage_taken":0,"relics_obtained":["Boot"],"max_hp_gain":0,"max_hp_loss":0,"event_name":"Big Fish","floor":5,"gold_loss":0,"cards_obtained":["Regret"]}],"is_beta":false,"boss_relics":[],"items_purged_floors":[],"is_endless":false,"potions_floor_spawned":[9,12],"killed_by":"ArchetypeAct1Statuses","ascension_level":0}}