{"host":"udyc8f81k2jocuhg","time":1609857061,"event":{"mods":["2.2 Compatiblity","BaseMod","Better Third Choice","Colored Powertips","Conspire","Custom Start","GifTheSpireLib","Hermit","Minty Spire (QoL Compilation)","Permanent Neow","Quick Restart","Relic Filter","Relic Stats","Replay The Spire","Shop Mod","Spikes Relics","StSLib","Stuff the Spire"],"gold_per_floor":[364,364,41,41,41,73,89,109,178,191,191,226,113,143,143,222,222,188,188,32,45,55,55,81,93,180,192,204,204],"floor_reached":28,"playtime":2090,"items_purged":["Defend_G"],"score":523,"play_id":"c22086f8-3629-492d-9f81-4fe0332db622","local_time":"20210105153101","is_ascension_mode":true,"campfire_choices":[{"data":"StuffTheSpire:Repulse","floor":11.0,"key":"SMITH"},{"data":"Reforge","floor":15.0,"key":"SMITH"},{"data":"StuffTheSpire:ReptileScales","floor":23.0,"key":"SMITH"},{"data":"Footwork","floor":25.0,"key":"SMITH"}],"circlet_count":0,"master_deck":["AscendersBane","Strike_G","Defend_G","Defend_G","Defend_G","Defend_G","Survivor","Neutralize","StuffTheSpire:ReptileScales+1","Reforge+1","Backflip","Footwork+1","StuffTheSpire:Repulse+1","Finisher","StuffTheSpire:Python+1","Fluid Movement","Poisoned Stab","Malaise","Corpse Explosion","Riddle With Holes","Fluid Movement","Cloak And Dagger","StuffTheSpire:Python","Blade Dance"],"relics":["Ring of the Snake","ToxicTincture","Replay:WaspNest","Strawberry","conspire:Dentures","Omamori","StuffTheSpire:Barrel","conspire:RoyalGoblet","MawBank","Replay:Bottled Steam"],"acts_visited":["Exordium","TheCity"],"potions_floor_usage":[],"damage_taken":[{"damage":8.0,"enemies":"2 Louse","floor":1.0,"turns":7.0},{"damage":26.0,"enemies":"Gremlin Nob","floor":6.0,"turns":6.0},{"damage":0.0,"enemies":"Cultist","floor":7.0,"turns":6.0},{"damage":2.0,"enemies":"Small Slimes","floor":8.0,"turns":10.0},{"damage":14.0,"enemies":"Gremlin Gang","floor":10.0,"turns":9.0},{"damage":0.0,"enemies":"Lagavulin","floor":12.0,"turns":15.0},{"damage":4.0,"enemies":"3 Sentries","floor":14.0,"turns":28.0},{"damage":5.0,"enemies":"Hexaghost","floor":16.0,"turns":16.0},{"damage":5.0,"enemies":"2 Thieves","floor":18.0,"turns":5.0},{"damage":7.0,"enemies":"Shell Parasite","floor":21.0,"turns":8.0},{"damage":10.0,"enemies":"Snecko","floor":22.0,"turns":9.0},{"damage":15.0,"enemies":"Book of Stabbing","floor":24.0,"turns":5.0},{"damage":0.0,"enemies":"Slavers","floor":27.0,"turns":1.0},{"damage":32,"enemies":"3 Cultists","floor":28,"turns":3}],"seed_played":"7057501531398516664","potions_obtained":[{"floor":1.0,"key":"Poison Potion"},{"floor":6.0,"key":"Strength Potion"},{"floor":10.0,"key":"Weak Potion"},{"floor":16.0,"key":"DuplicationPotion"},{"floor":22.0,"key":"CunningPotion"},{"floor":24.0,"key":"SmokeBomb"}],"is_trial":false,"path_per_floor":["M","?","$","T","?","E","M","M","T","M","R","E","$","E","R","B",null,"M","?","$","M","M","R","E","R","T","E","M"],"character_chosen":"THE_SILENT","items_purchased":["Reforge","ToxicTincture","StuffTheSpire:Python+1","Fluid Movement","Fluid Movement"],"campfire_rested":0,"item_purchase_floors":[3,3,13,13,20],"current_hp_per_floor":[51,51,51,51,51,32,32,30,30,16,16,16,16,12,12,7,52,47,47,47,48,46,46,31,31,31,31,0,0],"gold":204,"neow_bonus":"TWO_FIFTY_GOLD","is_daily":false,"chose_seed":false,"campfire_upgraded":4,"win_rate":0.0,"timestamp":1609857061,"path_taken":["M","?","$","?","?","E","?","M","T","M","R","E","$","E","R","BOSS","M","?","$","M","M","R","E","R","T","E","M"],"items_purchased_type":["Card","Relic","Card","Card","Card"],"build_version":"2020-12-22","purchased_purges":1,"victory":false,"max_hp_per_floor":[60,60,60,60,60,67,67,67,67,67,67,67,67,67,67,67,67,67,67,67,67,67,67,67,67,67,67,67,67],"relic_stats":{"counters":[14,128],"MawBank":48,"obtain_stats":[{"conspire:Dentures":9,"StuffTheSpire:Barrel":14,"conspire:RoyalGoblet":17,"Strawberry":6,"Replay:WaspNest":4,"Omamori":12,"ToxicTincture":3,"MawBank":24,"Ring of the Snake":0,"Replay:Bottled Steam":26},{"conspire:Dentures":4,"StuffTheSpire:Barrel":7,"conspire:RoyalGoblet":8,"Strawberry":2,"Replay:WaspNest":1,"Omamori":6,"ToxicTincture":1,"MawBank":12,"Ring of the Snake":0,"Replay:Bottled Steam":12},{"conspire:Dentures":29,"StuffTheSpire:Barrel":81,"conspire:RoyalGoblet":97,"Strawberry":13,"Replay:WaspNest":7,"Omamori":53,"ToxicTincture":7,"MawBank":124,"Ring of the Snake":0,"Replay:Bottled Steam":124}],"Ring of the Snake":[28]},"card_choices":[{"not_picked":["Acrobatics","StuffTheSpire:DoubleShiv"],"picked":"StuffTheSpire:ReptileScales","floor":1.0},{"not_picked":["StuffTheSpire:BumpUp","Backstab"],"picked":"Footwork","floor":6.0},{"not_picked":["StuffTheSpire:Python","Sucker Punch"],"picked":"StuffTheSpire:Repulse","floor":7.0},{"not_picked":["Slice","Sucker Punch","StuffTheSpire:ClusterCrunch"],"picked":"SKIP","floor":8.0},{"not_picked":["Acrobatics","Pace","Glass Knife"],"picked":"SKIP","floor":10.0},{"not_picked":["Sneak Up","Poisoned Stab"],"picked":"Finisher","floor":12.0},{"not_picked":["Endless Agony","Prepared"],"picked":"Poisoned Stab","floor":14.0},{"not_picked":["Doppelganger","Grand Finale"],"picked":"Malaise","floor":16.0},{"not_picked":["Calculated Gamble","StuffTheSpire:ClusterCrunch","Blur"],"picked":"SKIP","floor":18.0},{"not_picked":["Dodge and Roll","Bane"],"picked":"Cloak And Dagger","floor":21.0},{"not_picked":["Reflex","Outmaneuver"],"picked":"StuffTheSpire:Python","floor":22.0},{"not_picked":["Quick Slash","Dagger Spray"],"picked":"Blade Dance","floor":24.0}],"player_experience":1944854,"relics_obtained":[{"floor":4.0,"key":"Replay:WaspNest"},{"floor":6.0,"key":"Strawberry"},{"floor":9.0,"key":"conspire:Dentures"},{"floor":12.0,"key":"Omamori"},{"floor":14.0,"key":"StuffTheSpire:Barrel"},{"floor":24.0,"key":"MawBank"},{"floor":26.0,"key":"Replay:Bottled Steam"}],"event_choices":[{"cards_removed":["Strike_G"],"damage_healed":0.0,"max_hp_gain":0.0,"max_hp_loss":0.0,"gold_gain":0.0,"event_name":"Bonfire Elementals","player_choice":"Offered Basic","floor":2.0,"gold_loss":0.0,"damage_taken":0.0},{"damage_healed":0.0,"max_hp_gain":0.0,"max_hp_loss":0.0,"gold_gain":0.0,"cards_transformed":["Strike_G"],"event_name":"Transmorgrifier","player_choice":"Transformed","floor":5.0,"gold_loss":0.0,"damage_taken":0.0,"cards_obtained":["Backflip"]},{"damage_healed":0.0,"max_hp_gain":0.0,"max_hp_loss":0.0,"gold_gain":0.0,"cards_transformed":["Strike_G","Strike_G"],"event_name":"Drug Dealer","player_choice":"Became Test Subject","floor":19.0,"gold_loss":0.0,"damage_taken":0.0,"cards_obtained":["Corpse Explosion","Riddle With Holes"]}],"is_beta":false,"boss_relics":[{"not_picked":["SlaversCollar","Replay:Bronze Core"],"picked":"conspire:RoyalGoblet"}],"items_purged_floors":[20],"is_endless":false,"potions_floor_spawned":[1,6,10,16,22,24,27],"killed_by":"3 Cultists","ascension_level":15}}