{"host":"9l4mw5jqza9qz9hr","time":1609836339,"event":{"mods":["AchievementEnabler","Always Whale","BaseMod","Colored Map","Minty Spire (QoL Compilation)","StSLib","SuperFastMode"],"gold_per_floor":[115,115,290,290,314,358,64,82,82,82,82,118,142,142,142,142,142],"floor_reached":16,"playtime":291,"items_purged":["Doubt"],"score":200,"play_id":"7be1091c-9450-4035-9564-d421a4338e82","local_time":"20210105174539","is_ascension_mode":true,"campfire_choices":[{"data":"Armaments","floor":10.0,"key":"SMITH"},{"data":"Flex","floor":15,"key":"SMITH"}],"circlet_count":0,"master_deck":["Strike_R","Strike_R","Strike_R","Strike_R","Strike_R","Defend_R","Defend_R","Defend_R","Defend_R","Bash","Heavy Blade+1","Flex+1","Bloodletting","Armaments+1","Shrug It Off","Carnage"],"relics":["Burning Blood","NeowsBlessing","Golden Idol","Charon\u0027s Ashes","Membership Card","Omamori","Calipers","Potion Belt"],"acts_visited":["Exordium"],"potions_floor_usage":[14,16],"damage_taken":[{"damage":0.0,"enemies":"Jaw Worm","floor":1.0,"turns":1.0},{"damage":0.0,"enemies":"Small Slimes","floor":5.0,"turns":1.0},{"damage":0.0,"enemies":"Gremlin Nob","floor":6.0,"turns":1.0},{"damage":0.0,"enemies":"2 Louse","floor":8.0,"turns":2.0},{"damage":45,"enemies":"Lagavulin","floor":12,"turns":6},{"damage":31,"enemies":"Large Slime","floor":13,"turns":8},{"damage":0,"enemies":"Gremlin Nob","floor":14,"turns":2},{"damage":18,"enemies":"The Guardian","floor":16,"turns":10}],"seed_played":"-5560141708680054693","potions_obtained":[{"floor":1.0,"key":"LiquidBronze"},{"floor":8.0,"key":"SmokeBomb"}],"is_trial":false,"path_per_floor":["M","?","?","?","M","E","$","M","T","R","?","E","M","E","R","B"],"character_chosen":"IRONCLAD","items_purchased":["Membership Card","Omamori","Armaments"],"campfire_rested":0,"item_purchase_floors":[7,7,7],"current_hp_per_floor":[78,78,78,58,64,70,70,76,76,76,76,37,12,18,18,0,0],"gold":142,"neow_bonus":"THREE_ENEMY_KILL","is_daily":false,"chose_seed":false,"campfire_upgraded":2,"win_rate":0.0,"timestamp":1609836339,"path_taken":["M","?","?","?","M","E","$","?","T","R","?","E","M","E","R","BOSS"],"items_purchased_type":["Relic","Relic","Card"],"build_version":"2020-12-22","purchased_purges":1,"victory":false,"max_hp_per_floor":[80,80,80,80,80,80,80,80,80,80,80,80,80,80,80,80,80],"card_choices":[{"not_picked":["Armaments","Perfected Strike"],"picked":"Heavy Blade","floor":1.0},{"not_picked":["Battle Trance","Anger"],"picked":"Flex","floor":5.0},{"not_picked":["Burning Pact","Headbutt"],"picked":"Bloodletting","floor":6.0},{"not_picked":["Twin Strike","Wild Strike"],"picked":"Shrug It Off","floor":8.0},{"not_picked":["Body Slam","Dark Embrace","Fiend Fire"],"picked":"SKIP","floor":12},{"not_picked":["Uppercut","Warcry"],"picked":"Carnage","floor":13}],"player_experience":168195,"relics_obtained":[{"floor":6.0,"key":"Charon\u0027s Ashes"},{"floor":9.0,"key":"Calipers"},{"floor":12,"key":"Potion Belt"}],"event_choices":[{"damage_healed":0.0,"max_hp_gain":0.0,"max_hp_loss":0.0,"gold_gain":0.0,"event_name":"Living Wall","player_choice":"Grow","floor":2.0,"gold_loss":0.0,"damage_taken":0.0,"cards_upgraded":["Heavy Blade"]},{"damage_healed":0.0,"max_hp_gain":0.0,"max_hp_loss":0.0,"gold_gain":175.0,"event_name":"Liars Game","player_choice":"AGREE","floor":3.0,"gold_loss":0.0,"damage_taken":0.0,"cards_obtained":["Doubt"]},{"damage_healed":0.0,"max_hp_gain":0.0,"max_hp_loss":0.0,"gold_gain":0.0,"event_name":"Golden Idol","player_choice":"Take Damage","floor":4.0,"gold_loss":0.0,"damage_taken":20.0,"relics_obtained":["Golden Idol"]},{"damage_healed":0,"gold_gain":0,"player_choice":"Searched \u00270\u0027 times","damage_taken":0,"max_hp_gain":0,"max_hp_loss":0,"event_name":"Dead Adventurer","floor":11,"gold_loss":0}],"is_beta":false,"boss_relics":[],"items_purged_floors":[7],"is_endless":false,"potions_floor_spawned":[1,8,14],"killed_by":"The Guardian","ascension_level":8}}