{"host":"s1vy8rtdj748rey3","time":1609826643,"event":{"mods":["Aspiration","BaseMod","Beaked The Cultist","BetterRewards","Block Reminder","Conspire","Downfall","Fiend Mod","Friendly Minions","GifTheSpireLib","Halation","Hermit","Hubris","Infinite Spire","Jorbs\u0027s Wanderer Trilogy","Minty Spire (QoL Compilation)","Rare Cards Sparkle","Replay The Spire","Small Relic Pack","StSLib","Stuff the Spire","The Hierophant","Transform Curses","Waifu the Spire","vexMod"],"gold_per_floor":[111,111,86,106,28,63,85,113,113,60,60,92,92,92,92,196,196,210,210,229,229,248,248,258,258,258,258,258,258,278,278,278,11,11,121,121,131,131,131,131,148,148,181,191,191,191,201,212,243,243,243,346,346,362,362,362,362,370,380,404,241,318,318,10,10,10,17,17,0,0],"floor_reached":69,"playtime":2997,"items_purged":[],"score":1317,"play_id":"ca7f8774-7b35-4b0b-9f04-96009e831a7a","local_time":"20210105100403","is_ascension_mode":true,"campfire_choices":[{"floor":11,"key":"REST"},{"data":"1","floor":13,"key":"LIFT"},{"data":"2","floor":15,"key":"LIFT"},{"floor":23,"key":"REST"},{"floor":25,"key":"REST"},{"floor":31,"key":"REST"},{"floor":34,"key":"REST"},{"floor":42,"key":"REST"},{"data":"3","floor":46,"key":"LIFT"},{"floor":51,"key":"REST"},{"data":"infinitespire:Gouge","floor":65,"key":"SMITH"},{"data":"hermit:CursedWeapon","floor":68,"key":"SMITH"}],"circlet_count":0,"master_deck":["hermit:Strike_Hermit","hermit:Strike_Hermit","hermit:Strike_Hermit","hermit:Strike_Hermit","hermit:Defend_Hermit","hermit:Defend_Hermit","hermit:Defend_Hermit","hermit:Defend_Hermit","hermit:Snapshot","hermit:Covet","hermit:CursedWeapon+1","hermit:Quickdraw","hermit:CursedWeapon","hermit:BigShot","hermit:Desperado","hermit:Deadeye","hermit:GoldenBullet","hermit:Scavenge","hermit:EyeOfTheStorm","hermit:ItchyTrigger","hermit:SprayPray","hermit:RoundhouseKick","hermit:CalledShot+1","hermit:Ricochet","hermit:FullyLoaded","hermit:Ricochet+1","infinitespire:Gouge+1","hermit:EyeOfTheStorm+1","hermit:Enervate","hermit:Brawl","hermit:Ricochet","hermit:FatalDesire","hermit:Enervate+1","infinitespire:Fortify","hermit:Roulette","hermit:Magnum","hermit:Desperado+1","hermit:Brawl","infinitespire:Punishment","hermit:Enervate","hermit:Desperado+1","hermit:PistolWhip+1","hermit:Grudge","hermit:Headshot","hermit:Midnight+1","hermit:GoldenBullet+1","hermit:EyeOfTheStorm","hermit:Determination","hermit:Showdown","hermit:BodyArmor","infinitespire:Collect","relicPack:TruthCard","stsjorbsmod:Amnesia","infinitespire:Punishment","hermit:CalledShot","hermit:Vantage","hermit:Quickdraw","Mayhem"],"relics":["hermit:Momento","hubris:Spice","hermit:CharredGlove","halation:PinkSoulGem","Bag of Marbles","Girya","infinitespire:Lychee Nut","Prayer Wheel","WarpedTongs","ChewingGum","hubris:EvacipatedBox","hubris:KleinBottle","halation:Sosunser","hubris:SlimyHat","StuffTheSpire:ForceGauntlet","ReplayTheSpireMod:DimensionalGlitch","relicPack:OneForAll","aspiration:VileToxins","Bronze Scales","PreservedInsect","Ice Cream","Replay:Drink Me"],"acts_visited":["Exordium","TheCity","TheBeyond","Exordium"],"potions_floor_usage":[6,8,12,16,22,30,35,35,35,47,52,69,69],"damage_taken":[{"damage":4,"enemies":"Jaw Worm","floor":1,"turns":3},{"damage":11,"enemies":"2 Louse","floor":4,"turns":2},{"damage":24,"enemies":"Gremlin Nob","floor":6,"turns":4},{"damage":2,"enemies":"Cultist","floor":7,"turns":2},{"damage":4,"enemies":"3 Sentries","floor":8,"turns":2},{"damage":18,"enemies":"Lagavulin","floor":12,"turns":3},{"damage":43,"enemies":"The Guardian","floor":16,"turns":6},{"damage":0,"enemies":"Shell Parasite","floor":18,"turns":1},{"damage":9,"enemies":"Spheric Guardian","floor":20,"turns":3},{"damage":8,"enemies":"Chosen and Byrds","floor":22,"turns":2},{"damage":13,"enemies":"Sentry and Sphere","floor":24,"turns":3},{"damage":0,"enemies":"Centurion and Healer","floor":30,"turns":1},{"damage":16,"enemies":"hubris:MusketHawk","floor":35,"turns":4},{"damage":24,"enemies":"3 Shapes","floor":37,"turns":2},{"damage":0,"enemies":"Orb Walker","floor":41,"turns":1},{"damage":9,"enemies":"beaked:SuperParasite","floor":43,"turns":2},{"damage":9,"enemies":"Transient","floor":44,"turns":5},{"damage":15,"enemies":"Sphere and 2 Shapes","floor":47,"turns":2},{"damage":12,"enemies":"4 Shapes","floor":48,"turns":1},{"damage":3,"enemies":"Nightmare","floor":49,"turns":1},{"damage":3,"enemies":"hubris:GrandSnecko","floor":52,"turns":3},{"damage":3,"enemies":"Cultist","floor":54,"turns":1},{"damage":0,"enemies":"Small Slimes","floor":58,"turns":1},{"damage":8,"enemies":"conspire:RoseBush","floor":59,"turns":1},{"damage":0,"enemies":"3 Sentries","floor":60,"turns":2},{"damage":3,"enemies":"Exordium Wildlife","floor":67,"turns":1},{"damage":10,"enemies":"Fading Forest","floor":69,"turns":5}],"seed_played":"3702372108385589096","potions_obtained":[{"floor":1,"key":"LifebloodPotion"},{"floor":7,"key":"FearPotion"},{"floor":8,"key":"Toxic Potion"},{"floor":12,"key":"Swift Potion"},{"floor":19,"key":"Block Potion"},{"floor":19,"key":"Toxic Potion"},{"floor":19,"key":"Energy Potion"},{"floor":24,"key":"CultistPotion"},{"floor":30,"key":"ColorlessPotion"},{"floor":43,"key":"EssenceOfSteel"},{"floor":44,"key":"Adrenaline Potion"},{"floor":49,"key":"BlessingOfTheForge"},{"floor":52,"key":"conspire:TimeTravelPotion"},{"floor":54,"key":"SteroidPotion"}],"is_trial":false,"path_per_floor":["M","?","?","M","$","E","M","E","T","$","R","E","R","?","R","B",null,"M","?","M","$","M","R","M","R","T","PTL","PTL","$","M","R","AVR","$","R","B",null,"M","?","?","AVR","M","R","E","M","T","R","M","M","NM","?","R","B",null,"M","?","AVR","?","M","M","E","$","T","T","$","R","?","M","R","B"],"character_chosen":"HERMIT","items_purchased":["hermit:CharredGlove","hermit:CursedWeapon","hermit:Quickdraw","hermit:CursedWeapon","hermit:BigShot","hermit:GoldenBullet","hermit:ItchyTrigger","hubris:EvacipatedBox","hubris:KleinBottle","halation:Sosunser","hubris:Spice","hubris:SlimyHat","StuffTheSpire:ForceGauntlet","hermit:Roulette","Mayhem","hubris:Spice"],"campfire_rested":7,"item_purchase_floors":[0,0,0,0,0,5,10,21,21,29,29,29,33,33,61,64],"current_hp_per_floor":[79,79,79,68,68,44,42,38,38,38,56,43,43,43,43,6,62,62,62,53,15,10,28,20,38,38,38,38,7,7,28,28,28,46,36,62,40,40,40,40,40,58,51,46,46,46,33,21,18,18,34,34,41,38,41,41,41,33,25,25,25,17,9,1,1,6,3,3,0,0],"gold":0,"neow_bonus":"","is_daily":false,"chose_seed":false,"campfire_upgraded":2,"win_rate":0.0,"timestamp":1609826643,"path_taken":["M","?","?","M","?","E","?","E","T","$","R","E","R","?","R","BOSS","M","?","M","?","M","R","M","R","T","PTL","PTL","?","M","R","AVR","?","R","BOSS","M","?","?","AVR","M","R","E","M","T","R","M","M","NM","?","R","BOSS","M","?","AVR","?","M","M","E","?","T","?","$","R","?","M","R","BOSS"],"items_purchased_type":["Relic","Card","Card","Card","Card","Card","Card","Relic","Relic","Relic","Relic","Relic","Relic","Card","Card","Relic"],"build_version":"2020-12-22","purchased_purges":0,"victory":false,"max_hp_per_floor":[83,83,83,83,83,83,83,83,62,62,62,62,62,62,62,62,62,62,62,62,62,62,62,62,62,62,62,62,70,70,70,62,62,62,62,62,62,62,62,62,62,62,62,62,62,62,62,54,54,54,54,54,41,41,41,41,41,33,33,25,25,17,9,1,1,6,6,6,6,6],"card_choices":[{"not_picked":["hermit:Malice","hermit:BodyArmor"],"picked":"hermit:Desperado","floor":1},{"not_picked":["hermit:ItchyTrigger","hermit:BigShot"],"picked":"hermit:Deadeye","floor":4},{"not_picked":["hermit:ItchyTrigger","hermit:Dive"],"picked":"hermit:Scavenge","floor":6},{"not_picked":["hermit:ItchyTrigger","hermit:Virtue"],"picked":"hermit:EyeOfTheStorm","floor":7},{"not_picked":["hermit:Maintenance","hermit:Cheat"],"picked":"hermit:FromBeyond","floor":8},{"not_picked":["hermit:Grudge","hermit:BodyArmor"],"picked":"hermit:SprayPray","floor":12},{"not_picked":["hermit:Purgatory","hermit:HighNoon"],"picked":"hermit:RoundhouseKick","floor":16},{"not_picked":["hermit:SprayPray","hermit:Manifest"],"picked":"hermit:CalledShot+1","floor":18},{"not_picked":["hermit:HighCaliber","hermit:NoHoldsBarred+1"],"picked":"hermit:Ricochet","floor":18},{"not_picked":["hermit:WideOpen","hermit:Quickdraw"],"picked":"hermit:FullyLoaded","floor":20},{"not_picked":["hermit:TakeAim","hermit:HoleUp"],"picked":"hermit:Ricochet+1","floor":20},{"not_picked":["infinitespire:NeuralNetwork","ReplayTheSpireMod:??????????????????????"],"picked":"infinitespire:Gouge","floor":21},{"not_picked":["hermit:ShadowCloak","hermit:BodyArmor"],"picked":"hermit:EyeOfTheStorm+1","floor":22},{"not_picked":["hermit:Virtue+1","hermit:ShadowCloak"],"picked":"hermit:Enervate","floor":22},{"not_picked":["hermit:HoleUp","hermit:BigShot"],"picked":"hermit:Brawl","floor":24},{"not_picked":["hermit:Deadeye","hermit:SprayPray"],"picked":"hermit:Ricochet","floor":24},{"not_picked":["hermit:Glare","hermit:Coalescence"],"picked":"hermit:FatalDesire","floor":30},{"not_picked":["hermit:DeadMansHand","hermit:Coalescence"],"picked":"hermit:Enervate+1","floor":30},{"not_picked":["hermit:HighNoon","hermit:Gambit"],"picked":"hermit:Magnum","floor":35},{"not_picked":["hermit:Roulette","hermit:GhostlyPresence"],"picked":"hermit:Desperado+1","floor":37},{"not_picked":["hermit:HoleUp+1","hubris:SpiceAddiction"],"picked":"hermit:Brawl","floor":37},{"not_picked":["hubris:SpiceAddiction","hubris:SpiceAddiction"],"picked":"hermit:Enervate","floor":41},{"not_picked":["hermit:EyeOfTheStorm","hermit:Feint+1"],"picked":"hermit:Desperado+1","floor":41},{"not_picked":["hermit:Maintenance+1","hermit:Feint+1"],"picked":"hermit:PistolWhip+1","floor":43},{"not_picked":["hermit:Glare","hermit:HeroicBravado"],"picked":"hermit:Grudge","floor":44},{"not_picked":["hermit:Glare","hermit:Feint+1"],"picked":"hermit:Headshot","floor":44},{"not_picked":["hermit:Manifest","hermit:Glare+1"],"picked":"hermit:Midnight+1","floor":47},{"not_picked":["hermit:GhostlyPresence+1","hermit:Horror+1"],"picked":"hermit:GoldenBullet+1","floor":47},{"not_picked":["hermit:Manifest+1","hermit:Desperado"],"picked":"hermit:EyeOfTheStorm","floor":48},{"not_picked":["hermit:WideOpen","hermit:Headshot+1"],"picked":"hubris:SpiceAddiction","floor":48},{"not_picked":["hermit:Desperado+1","hubris:SpiceAddiction"],"picked":"hermit:Reprieve","floor":49},{"not_picked":["hermit:Gambit","hermit:FinalCanter"],"picked":"hermit:Reprieve","floor":52},{"not_picked":["hermit:Feint","hermit:CalledShot"],"picked":"hermit:Showdown","floor":54},{"not_picked":["hermit:Showdown","hermit:Feint"],"picked":"hermit:BodyArmor","floor":54},{"not_picked":["infinitespire:Collect","ReplayTheSpireMod:Echoes of Time"],"picked":"infinitespire:Punishment","floor":57},{"not_picked":["hermit:DeadMansHand","hermit:NoHoldsBarred"],"picked":"hermit:CalledShot","floor":58},{"not_picked":["hermit:Shortfuse","hermit:Snipe"],"picked":"hubris:SpiceAddiction","floor":58},{"not_picked":["hubris:SpiceAddiction","hermit:Desperado"],"picked":"hermit:Vantage","floor":59},{"not_picked":["hermit:Showdown","hermit:Gestalt","hubris:SpiceAddiction"],"picked":"SKIP","floor":59},{"not_picked":["hermit:Coalescence","hubris:SpiceAddiction"],"picked":"hermit:Quickdraw","floor":60},{"not_picked":["hubris:SpiceAddiction","hermit:Maintenance","hermit:LoneWolf"],"picked":"SKIP","floor":67},{"not_picked":["hermit:TakeAim","hermit:LuckOfTheDraw","hermit:Gestalt"],"picked":"SKIP","floor":67}],"player_experience":207506,"relics_obtained":[{"floor":6,"key":"Bag of Marbles"},{"floor":8,"key":"Girya"},{"floor":9,"key":"infinitespire:Lychee Nut"},{"floor":12,"key":"Prayer Wheel"},{"floor":43,"key":"Bronze Scales"},{"floor":45,"key":"PreservedInsect"},{"floor":49,"key":"Ice Cream"},{"floor":60,"key":"hubris:Spice"},{"floor":62,"key":"hubris:Spice"},{"floor":63,"key":"hubris:Spice"}],"event_choices":[{"damage_healed":0,"gold_gain":0,"player_choice":"Rummage","damage_taken":0,"relics_obtained":["WarpedTongs"],"max_hp_gain":0,"max_hp_loss":0,"event_name":"Accursed Blacksmith","floor":14,"gold_loss":0,"cards_obtained":["Pain"]},{"damage_healed":0,"gold_gain":0,"player_choice":"Got Potions","damage_taken":0,"max_hp_gain":0,"max_hp_loss":0,"event_name":"Lab","floor":19,"gold_loss":0},{"damage_healed":0,"gold_gain":0,"cards_transformed":["hermit:FromBeyond"],"player_choice":"Transformed","damage_taken":0,"max_hp_gain":0,"max_hp_loss":0,"event_name":"Transmorgrifier","floor":50,"gold_loss":0,"cards_obtained":["hermit:Determination"]},{"damage_healed":0,"gold_gain":0,"player_choice":"Donut","damage_taken":0,"max_hp_gain":5,"max_hp_loss":0,"event_name":"Big Fish","floor":66,"gold_loss":0}],"is_beta":false,"boss_relics":[{"not_picked":["Ring of Chaos","hubris:Spice"],"picked":"ChewingGum"},{"not_picked":["hubris:Spice","hubris:Spice","hubris:Spice"],"picked":"ReplayTheSpireMod:DimensionalGlitch"},{"not_picked":["hubris:Spice","StuffTheSpire:Kangaroo","halation:ForbiddenBikini"],"picked":"Replay:Drink Me"}],"items_purged_floors":[],"is_endless":true,"potions_floor_spawned":[1,7,8,12,24,30,43,44,49,52,54,59,67],"killed_by":"Fading Forest","ascension_level":2}}