{"host":"g01l53quoe6lrer0","time":1609880703,"event":{"mods":["2.2 Compatiblity","AchievementEnabler","BaseMod","Colored Map","Highlight Path","Keyboard Shortcuts","Minty Spire (QoL Compilation)","Permanent Neow","Quick Restart","StSLib","SuperFastMode","everything is the same but u backflip on backflip"],"gold_per_floor":[360,206,166,185,205,223,223,223,275,291,291,303,335,335,335,437,437,447,362,377,227,227,227,255,130,204,54,66,66,66,76,76,180,230,230,241,66,116,116,116,132,132,132,132,145,157,36,68,68,68],"floor_reached":51,"playtime":1440,"items_purged":["Strike_R","Strike_R","Barricade","Fire Breathing","Defend_R"],"score":1108,"play_id":"c75cb9fe-dc16-4d8f-804c-65cd9e48dd11","local_time":"20210106060503","is_ascension_mode":true,"campfire_choices":[{"data":"Bash","floor":7.0,"key":"SMITH"},{"data":"Dropkick","floor":11.0,"key":"SMITH"},{"floor":15.0,"key":"REST"},{"data":"Dropkick","floor":23.0,"key":"SMITH"},{"floor":29.0,"key":"REST"},{"floor":32.0,"key":"REST"},{"data":"Defend_R","floor":40.0,"key":"PURGE"},{"data":"Defend_R","floor":44.0,"key":"PURGE"},{"data":"Defend_R+1","floor":49,"key":"PURGE"}],"circlet_count":0,"master_deck":["Bash+1","Dropkick+1","Dropkick+1","Second Wind","Dropkick","Brutality","Warcry+1","Offering"],"relics":["Burning Blood","Singing Bowl","PreservedInsect","Magic Flower","Runic Pyramid","Question Card","Tiny House","Peace Pipe","Molten Egg 2","Gambling Chip"],"acts_visited":["Exordium","TheCity","TheBeyond"],"potions_floor_usage":[48],"damage_taken":[{"damage":3.0,"enemies":"Small Slimes","floor":1.0,"turns":4.0},{"damage":1.0,"enemies":"Cultist","floor":4.0,"turns":3.0},{"damage":5.0,"enemies":"2 Louse","floor":5.0,"turns":3.0},{"damage":7.0,"enemies":"Looter","floor":6.0,"turns":3.0},{"damage":10.0,"enemies":"2 Fungi Beasts","floor":10.0,"turns":3.0},{"damage":8.0,"enemies":"Exordium Wildlife","floor":12.0,"turns":5.0},{"damage":20.0,"enemies":"3 Sentries","floor":13.0,"turns":6.0},{"damage":18.0,"enemies":"Slime Boss","floor":16.0,"turns":8.0},{"damage":37.0,"enemies":"2 Thieves","floor":18.0,"turns":4.0},{"damage":9.0,"enemies":"Chosen","floor":20.0,"turns":4.0},{"damage":25.0,"enemies":"Book of Stabbing","floor":24.0,"turns":4.0},{"damage":19.0,"enemies":"Snake Plant","floor":28.0,"turns":3.0},{"damage":41.0,"enemies":"Colosseum Slavers","floor":30.0,"turns":4.0},{"damage":1.0,"enemies":"Centurion and Healer","floor":31.0,"turns":3.0},{"damage":9.0,"enemies":"Champ","floor":33.0,"turns":2.0},{"damage":0.0,"enemies":"3 Shapes","floor":35.0,"turns":1.0},{"damage":3.0,"enemies":"Orb Walker","floor":36.0,"turns":3.0},{"damage":0.0,"enemies":"Mind Bloom Boss Battle","floor":38.0,"turns":3.0},{"damage":9.0,"enemies":"Spire Growth","floor":41.0,"turns":2.0},{"damage":0.0,"enemies":"Maw","floor":45.0,"turns":2.0},{"damage":57.0,"enemies":"Sphere and 2 Shapes","floor":46.0,"turns":5.0},{"damage":8,"enemies":"Nemesis","floor":48,"turns":3},{"damage":6,"enemies":"Awakened One","floor":50,"turns":2}],"seed_played":"8518486126231000912","potions_obtained":[{"floor":3.0,"key":"Fire Potion"},{"floor":3.0,"key":"HeartOfIron"},{"floor":3.0,"key":"FearPotion"},{"floor":12.0,"key":"Strength Potion"},{"floor":18.0,"key":"FearPotion"},{"floor":31.0,"key":"Fire Potion"},{"floor":34.0,"key":"SmokeBomb"},{"floor":36.0,"key":"Dexterity Potion"}],"is_trial":false,"path_per_floor":["M","$","?","M","M","M","R","T","T","M","R","M","E","?","R","B",null,"M","?","M","$","?","R","E","$","T","$","M","R","?","M","R","B",null,"M","M","$","?","?","R","M","?","T","R","M","M","$","E","R","B",null],"character_chosen":"IRONCLAD","items_purchased":["Dropkick","BloodPotion","DuplicationPotion","Block Potion"],"campfire_rested":3,"item_purchase_floors":[2,21,47,47],"current_hp_per_floor":[54,54,54,59,60,59,59,59,59,55,55,55,43,36,61,52,76,50,50,52,69,69,69,55,55,55,55,45,72,40,50,77,79,97,101,103,103,105,100,100,102,102,102,102,104,58,58,59,59,62],"gold":68,"neow_bonus":"TWO_FIFTY_GOLD","is_daily":false,"chose_seed":false,"campfire_upgraded":3,"win_rate":0.0,"timestamp":1609880703,"path_taken":["M","$","?","M","?","M","R","?","T","M","R","M","E","?","R","BOSS","M","?","M","$","?","R","E","?","T","$","M","R","?","M","R","BOSS","M","M","$","?","?","R","M","?","T","R","M","?","$","E","R","BOSS"],"items_purchased_type":["Card","Potion","Potion","Potion"],"build_version":"2020-12-22","purchased_purges":5,"victory":true,"max_hp_per_floor":[80,80,80,80,80,80,80,80,80,80,80,82,84,84,84,84,84,86,86,88,88,88,88,90,90,90,90,90,90,90,92,92,94,101,101,103,103,105,100,100,102,102,102,102,104,106,106,106,106,106],"card_choices":[{"not_picked":["True Grit","Perfected Strike"],"picked":"Dropkick","floor":1.0},{"not_picked":["Entrench","Sword Boomerang","Shrug It Off"],"picked":"SKIP","floor":4.0},{"not_picked":["Combust","Flex"],"picked":"Second Wind","floor":5.0},{"not_picked":["Inflame","Havoc","Shrug It Off"],"picked":"SKIP","floor":6.0},{"not_picked":["Battle Trance","Rage"],"picked":"Dropkick","floor":10.0},{"not_picked":["Blood for Blood","Wild Strike","Dual Wield"],"picked":"Singing Bowl","floor":12.0},{"not_picked":["Fire Breathing","Rupture","True Grit"],"picked":"Singing Bowl","floor":13.0},{"not_picked":["Bludgeon","Immolate"],"picked":"Brutality","floor":16.0},{"not_picked":["Intimidate+1","Blood for Blood","Pommel Strike"],"picked":"Singing Bowl","floor":18.0},{"not_picked":["Dual Wield","Burning Pact","Perfected Strike+1","Headbutt"],"picked":"Singing Bowl","floor":20.0},{"not_picked":["Fire Breathing","Intimidate","Exhume","Clash"],"picked":"Singing Bowl","floor":24.0},{"not_picked":["Clash+1","Inflame","Flame Barrier"],"picked":"Warcry+1","floor":28.0},{"not_picked":["Clash","Second Wind+1","Infernal Blade+1","Dark Embrace"],"picked":"Singing Bowl","floor":31.0},{"not_picked":["Brutality","Immolate","Impervious","Limit Break"],"picked":"Singing Bowl","floor":33.0},{"not_picked":["Infernal Blade","Headbutt","Metallicize+1","Flex"],"picked":"Singing Bowl","floor":34.0},{"not_picked":["Iron Wave","Intimidate","Hemokinesis+1","Flame Barrier+1"],"picked":"Singing Bowl","floor":36.0},{"not_picked":["Armaments","Headbutt+1","Pommel Strike","Ghostly Armor+1"],"picked":"Singing Bowl","floor":38.0},{"not_picked":["Dual Wield","Pommel Strike","Dropkick","True Grit"],"picked":"Singing Bowl","floor":41.0},{"not_picked":["Thunderclap+1","Clothesline+1","Spot Weakness","Perfected Strike+1"],"picked":"SKIP","floor":45.0},{"not_picked":["Thunderclap+1","Clothesline+1","Spot Weakness","Perfected Strike+1"],"picked":"Singing Bowl","floor":45.0},{"not_picked":["Bloodletting+1","Sword Boomerang+1","Clothesline+1","Heavy Blade+1"],"picked":"Singing Bowl","floor":46.0},{"not_picked":["Whirlwind+1","Burning Pact+1","Carnage+1"],"picked":"Offering","floor":48}],"player_experience":85753,"relics_obtained":[{"floor":8.0,"key":"Singing Bowl"},{"floor":9.0,"key":"PreservedInsect"},{"floor":13.0,"key":"Magic Flower"},{"floor":38.0,"key":"Peace Pipe"},{"floor":43.0,"key":"Molten Egg 2"},{"floor":48,"key":"Gambling Chip"}],"event_choices":[{"damage_healed":0.0,"max_hp_gain":0.0,"max_hp_loss":0.0,"gold_gain":0.0,"event_name":"The Woman in Blue","player_choice":"Bought 3 Potions","floor":3.0,"gold_loss":0.0,"damage_taken":0.0},{"cards_removed":["Strike_R"],"damage_healed":0.0,"max_hp_gain":0.0,"max_hp_loss":0.0,"gold_gain":0.0,"event_name":"Golden Wing","player_choice":"Card Removal","floor":14.0,"gold_loss":0.0,"damage_taken":7.0},{"damage_healed":0.0,"max_hp_gain":0.0,"max_hp_loss":0.0,"gold_gain":0.0,"event_name":"Addict","player_choice":"Obtained Relic","floor":19.0,"gold_loss":85.0,"damage_taken":0.0,"relics_obtained":["Question Card"]},{"damage_healed":0.0,"max_hp_gain":0.0,"max_hp_loss":0.0,"gold_gain":0.0,"cards_transformed":["Strike_R","Strike_R"],"event_name":"Drug Dealer","player_choice":"Became Test Subject","floor":22.0,"gold_loss":0.0,"damage_taken":0.0,"cards_obtained":["Barricade","Fire Breathing"]},{"damage_healed":0.0,"max_hp_gain":0.0,"max_hp_loss":0.0,"gold_gain":0.0,"event_name":"Colosseum","player_choice":"Fight","floor":30.0,"gold_loss":0.0,"damage_taken":0.0},{"damage_healed":0.0,"max_hp_gain":0.0,"max_hp_loss":0.0,"gold_gain":0.0,"event_name":"Colosseum","player_choice":"Fled From Nobs","floor":30.0,"gold_loss":0.0,"damage_taken":0.0},{"damage_healed":0.0,"max_hp_gain":0.0,"max_hp_loss":0.0,"gold_gain":0.0,"event_name":"MindBloom","player_choice":"Fight","floor":38.0,"gold_loss":0.0,"damage_taken":0.0},{"damage_healed":0.0,"max_hp_gain":0.0,"max_hp_loss":5.0,"gold_gain":0.0,"event_name":"Winding Halls","player_choice":"Max HP","floor":39.0,"gold_loss":0.0,"damage_taken":0.0},{"damage_healed":0.0,"max_hp_gain":0.0,"max_hp_loss":0.0,"gold_gain":0.0,"event_name":"SecretPortal","player_choice":"Ignored","floor":42.0,"gold_loss":0.0,"damage_taken":0.0}],"is_beta":false,"boss_relics":[{"not_picked":["Philosopher\u0027s Stone","Astrolabe"],"picked":"Runic Pyramid"},{"not_picked":["Runic Dome","Cursed Key"],"picked":"Tiny House"}],"items_purged_floors":[2,21,25,27,37],"is_endless":false,"potions_floor_spawned":[5,6,10,12,18,31,36,38,41],"ascension_level":8}}