{"host":"c3lc60y5x60jlt1y","time":1609855902,"event":{"mods":["AchievementEnabler","BaseMod","Bestiary","Colored Map","Minty Spire (QoL Compilation)","Quick Restart","StSLib","ojb\u0027s Info Mod"],"gold_per_floor":[118,118,118,130,145,174,174,174,228,263,275,275,310,91,91,173,173,151,178,205,214,226,226,260,260,260],"floor_reached":25,"playtime":3328,"items_purged":["Strike_G"],"score":528,"play_id":"13a89058-f31d-4980-a2c2-28bf10a27364","local_time":"20210105161142","is_ascension_mode":true,"campfire_choices":[{"data":"Corpse Explosion","floor":7,"key":"SMITH"},{"data":"Catalyst","floor":12,"key":"SMITH"},{"floor":15,"key":"REST"},{"data":"Ghostly","floor":23,"key":"SMITH"}],"circlet_count":0,"master_deck":["AscendersBane","Strike_G","Strike_G","Strike_G","Defend_G","Defend_G","Defend_G","Defend_G","Defend_G","Survivor","Neutralize+1","Corpse Explosion+1","Footwork","Cloak And Dagger","Catalyst+1","Dagger Throw+1","Backstab","Masterful Stab","Masterful Stab","Blur","Well Laid Plans","Escape Plan","Night Terror","Deadly Poison","Ghostly+1","Ghostly","Ghostly","RitualDagger"],"relics":["Ring of the Snake","HornCleat","Whetstone","Ancient Tea Set","Kunai","CeramicFish","Runic Pyramid","Bottled Lightning"],"acts_visited":["Exordium","TheCity"],"potions_floor_usage":[10,16,22,25],"damage_taken":[{"damage":6.0,"enemies":"Small Slimes","floor":1.0,"turns":3.0},{"damage":3.0,"enemies":"Jaw Worm","floor":4.0,"turns":7.0},{"damage":1,"enemies":"Cultist","floor":5,"turns":5},{"damage":6,"enemies":"3 Sentries","floor":6,"turns":4},{"damage":0,"enemies":"Gremlin Nob","floor":10,"turns":3},{"damage":1,"enemies":"Large Slime","floor":11,"turns":6},{"damage":2,"enemies":"3 Sentries","floor":13,"turns":9},{"damage":30,"enemies":"Hexaghost","floor":16,"turns":10},{"damage":6,"enemies":"2 Thieves","floor":18,"turns":4},{"damage":0,"enemies":"Chosen","floor":19,"turns":7},{"damage":0,"enemies":"3 Cultists","floor":22,"turns":4},{"damage":4,"enemies":"Slavers","floor":24,"turns":7},{"damage":29,"enemies":"Masked Bandits","floor":25,"turns":3}],"seed_played":"295387620155763599","potions_obtained":[{"floor":1.0,"key":"LiquidMemories"},{"floor":5,"key":"AttackPotion"},{"floor":11,"key":"Fire Potion"},{"floor":13,"key":"DistilledChaos"},{"floor":18,"key":"Energy Potion"},{"floor":19,"key":"GhostInAJar"}],"is_trial":false,"path_per_floor":["M","?","T","M","M","E","R","T","T","E","M","R","E","$","R","B",null,"M","M","?","?","M","R","E","?"],"character_chosen":"THE_SILENT","items_purchased":["Well Laid Plans","Escape Plan"],"campfire_rested":1,"item_purchase_floors":[14,14],"current_hp_per_floor":[38,38,38,35,34,28,28,28,28,28,27,27,25,25,44,14,53,47,47,33,27,27,27,23,0,0],"gold":260,"neow_bonus":"THREE_RARE_CARDS","is_daily":false,"chose_seed":false,"campfire_upgraded":3,"win_rate":0.0,"timestamp":1609855902,"path_taken":["M","?","?","M","M","E","R","?","T","E","M","R","E","$","R","BOSS","M","M","?","?","M","R","E","?"],"items_purchased_type":["Card","Card"],"build_version":"2020-12-22","purchased_purges":1,"victory":false,"max_hp_per_floor":[66,66,66,66,66,66,66,66,66,66,66,66,66,66,66,66,66,66,66,33,33,33,33,33,33,33],"card_choices":[{"not_picked":["Die Die Die","Unload"],"picked":"Corpse Explosion","floor":0.0},{"not_picked":["Flying Knee","Well Laid Plans"],"picked":"Footwork","floor":1.0},{"not_picked":["Distraction","Cloak And Dagger"],"picked":"Catalyst","floor":4.0},{"not_picked":["Concentrate","Endless Agony"],"picked":"Dagger Throw","floor":5},{"not_picked":["Choke","Grand Finale"],"picked":"Backstab","floor":6},{"not_picked":["Underhanded Strike","Flechettes"],"picked":"Masterful Stab","floor":10},{"not_picked":["PiercingWail","Setup"],"picked":"Masterful Stab","floor":11},{"not_picked":["Flying Knee","Underhanded Strike"],"picked":"Blur","floor":13},{"not_picked":["Corpse Explosion","Envenom"],"picked":"Night Terror","floor":16},{"not_picked":["Cloak And Dagger","Bane","Dodge and Roll"],"picked":"SKIP","floor":18},{"not_picked":["Blade Dance","Distraction"],"picked":"Deadly Poison","floor":19},{"not_picked":["Slice","Bane","Setup"],"picked":"SKIP","floor":22},{"not_picked":["Masterful Stab","Dagger Throw","All Out Attack"],"picked":"SKIP","floor":24}],"player_experience":7522848,"relics_obtained":[{"floor":3.0,"key":"HornCleat"},{"floor":6,"key":"Whetstone"},{"floor":9,"key":"Ancient Tea Set"},{"floor":10,"key":"Kunai"},{"floor":13,"key":"CeramicFish"},{"floor":24,"key":"Bottled Lightning"}],"event_choices":[{"damage_healed":0.0,"max_hp_gain":0.0,"max_hp_loss":0.0,"gold_gain":0.0,"cards_transformed":["Strike_G"],"event_name":"Living Wall","player_choice":"Change","floor":2.0,"gold_loss":0.0,"damage_taken":0.0,"cards_obtained":["Cloak And Dagger"]},{"damage_healed":0,"gold_gain":0,"player_choice":"Became a Ghost","damage_taken":0,"max_hp_gain":0,"max_hp_loss":33,"event_name":"Ghosts","floor":20,"gold_loss":0,"cards_obtained":["Ghostly","Ghostly","Ghostly"]},{"damage_healed":0,"gold_gain":0,"player_choice":"Joined the Cult","damage_taken":6,"max_hp_gain":0,"max_hp_loss":0,"event_name":"Nest","floor":21,"gold_loss":0,"cards_obtained":["RitualDagger"]},{"damage_healed":0,"gold_gain":0,"player_choice":"Fought Bandits","damage_taken":0,"max_hp_gain":0,"max_hp_loss":0,"event_name":"Masked Bandits","floor":25,"gold_loss":0}],"is_beta":false,"boss_relics":[{"not_picked":["SlaversCollar","WristBlade"],"picked":"Runic Pyramid"}],"items_purged_floors":[14],"is_endless":false,"potions_floor_spawned":[1,5,11,13,18,19],"killed_by":"Masked Bandits","ascension_level":20}}