{"host":"34w8p723gpcx9kua","time":1609880132,"event":{"mods":["100% Spire Juice","AchievementEnabler","Act Like it!","BaseMod","Bestiary","ChefMod","Colored Map","Colored Powertips","Evolution","Googly Eyes","Hallownest","Minty Spire (QoL Compilation)","Prisma Mod","StSLib","The IronCluck","The Marked","Yakumo Yukari mod"],"gold_per_floor":[113,113,125,80,15,50,50,62,87,33,45,45,65,78,78,59,59,76,1,18,18,18,18,45,45,45,45,45,61,61,61,61,61,61],"floor_reached":33,"playtime":2314,"items_purged":["Moonworks:CloudOfSeagulls"],"score":313,"play_id":"436c9df4-829e-43c4-8e36-dd8fc9d4d345","local_time":"20210105205532","is_ascension_mode":false,"campfire_choices":[{"data":"Moonworks:EvilSpyWorkPreparation","floor":7,"key":"SMITH"},{"data":"Moonworks:Dash","floor":15,"key":"SMITH"},{"data":"Moonworks:MetallicMonocoque","floor":23,"key":"SMITH"},{"floor":25,"key":"REST"},{"data":"Moonworks:ScrambledEve","floor":27,"key":"SMITH"},{"floor":32,"key":"REST"}],"circlet_count":0,"master_deck":["Moonworks:CloudOfSeagulls","Moonworks:Defend+1","Moonworks:Defend","Moonworks:Defend","Moonworks:Defend","Moonworks:Ambush","Moonworks:LongDistanceShot","Moonworks:UnpaidWork+1","Moonworks:EvilSpyWorkPreparation+1","Doubt","Moonworks:Dash+1","Moonworks:SakisCookie","Moonworks:NicePresent","Moonworks:DeployBits","Moonworks:MetallicMonocoque+1","Moonworks:ScrambledEve+1","Bite","Bite","Bite","Bite","Bite","Moonworks:UnpaidWork","Necronomicurse","Moonworks:AwakeningOfTalent+1"],"relics":["Moonworks:BrokenBomb","Moonworks:Homemark","EVO:Axolotl","NeowsBlessing","Toy Ornithopter","Strawberry","Black Star","Question Card","Happy Flower","Toxic Egg 2","Necronomicon"],"acts_visited":["Exordium","TheCity"],"potions_floor_usage":[16,16,20,24,24,29],"damage_taken":[{"damage":0,"enemies":"Small Slimes","floor":1,"turns":1},{"damage":0,"enemies":"Jaw Worm","floor":3,"turns":1},{"damage":0,"enemies":"Gremlin Nob","floor":6,"turns":1},{"damage":0,"enemies":"2 Louse","floor":8,"turns":3},{"damage":0,"enemies":"Blue Slaver","floor":11,"turns":5},{"damage":0,"enemies":"2 Fungi Beasts","floor":13,"turns":2},{"damage":0,"enemies":"Large Slime","floor":14,"turns":4},{"damage":60,"enemies":"Hexaghost","floor":16,"turns":12},{"damage":16,"enemies":"3 Byrds","floor":18,"turns":5},{"damage":7,"enemies":"Shell Parasite","floor":20,"turns":6},{"damage":39,"enemies":"Slavers","floor":24,"turns":5},{"damage":26,"enemies":"Centurion and Healer","floor":29,"turns":15},{"damage":66,"enemies":"Collector","floor":33,"turns":9}],"seed_played":"-6517565831262610407","potions_obtained":[{"floor":1,"key":"Swift Potion"},{"floor":6,"key":"Explosive Potion"},{"floor":16,"key":"Swift Potion"},{"floor":18,"key":"Energy Potion"},{"floor":20,"key":"GamblersBrew"},{"floor":24,"key":"DistilledChaos"}],"is_trial":false,"path_per_floor":["M","?","M","?","?","E","R","M","T","$","M","?","M","M","R","B",null,"M","$","M","$","?","R","E","R","T","R","?","M","?","$","R","B"],"character_chosen":"THE_STARBREAKER","items_purchased":["Moonworks:SakisCookie"],"campfire_rested":2,"item_purchase_floors":[10],"current_hp_per_floor":[60,60,60,49,49,49,49,49,56,56,60,47,47,51,51,5,67,55,55,57,57,46,46,19,32,32,32,16,27,20,20,35,0,0],"gold":61,"neow_bonus":"THREE_ENEMY_KILL","is_daily":false,"chose_seed":false,"campfire_upgraded":4,"win_rate":0.0,"timestamp":1609880132,"path_taken":["M","?","M","?","?","E","R","M","T","?","M","?","?","M","R","BOSS","M","$","M","$","?","R","E","R","T","R","?","M","?","?","R","BOSS"],"items_purchased_type":["Card"],"build_version":"2020-12-22","purchased_purges":1,"victory":false,"max_hp_per_floor":[60,60,60,60,60,60,60,60,67,67,67,67,67,67,67,67,67,67,67,67,67,46,46,46,46,46,46,46,46,51,51,51,51,51],"card_choices":[{"not_picked":["Moonworks:Heat300Percent","Moonworks:Assault"],"picked":"Moonworks:UnpaidWork","floor":1},{"not_picked":["Moonworks:MixPhenomenon","Moonworks:LulusLuckyEgg"],"picked":"Moonworks:EvilSpyWorkPreparation","floor":3},{"not_picked":["Moonworks:BackdoorTrade","Moonworks:FinalSurgery"],"picked":"Moonworks:Dash","floor":6},{"not_picked":["Moonworks:BigBangBell","Moonworks:SealedMemories","Moonworks:LulusLuckyEgg"],"picked":"SKIP","floor":8},{"not_picked":["Moonworks:Assault","Moonworks:LulusLuckyEgg"],"picked":"Moonworks:NicePresent","floor":11},{"not_picked":["Moonworks:ExtendedPhotonRifle","Moonworks:IndiscriminateFireSupport"],"picked":"Moonworks:DeployBits","floor":13},{"not_picked":["Moonworks:CastOff","Moonworks:Dinner","Moonworks:IndiscriminateFireSupport"],"picked":"SKIP","floor":14},{"not_picked":["Moonworks:GoAway","Moonworks:OutOfAmmo"],"picked":"Moonworks:MetallicMonocoque","floor":16},{"not_picked":["Moonworks:BigBangBell","Moonworks:BigMagnum+1","Moonworks:Assault+1"],"picked":"SKIP","floor":18},{"not_picked":["Moonworks:BigMagnum","Moonworks:DevilHand"],"picked":"Moonworks:ScrambledEve","floor":20},{"not_picked":["Moonworks:CloudOfSeagulls","Moonworks:ExtendedPhotonRifle"],"picked":"Moonworks:UnpaidWork","floor":24},{"not_picked":["Moonworks:ImOnFire+1","Moonworks:BigMagnum+1","Moonworks:WindyEnchantment+1"],"picked":"Moonworks:AwakeningOfTalent+1","floor":29}],"player_experience":37992,"relics_obtained":[{"floor":6,"key":"Toy Ornithopter"},{"floor":9,"key":"Strawberry"},{"floor":24,"key":"Question Card"},{"floor":24,"key":"Happy Flower"},{"floor":26,"key":"Toxic Egg 2"},{"floor":28,"key":"Necronomicon"}],"event_choices":[{"damage_healed":0,"gold_gain":0,"player_choice":"Leave","damage_taken":0,"max_hp_gain":0,"max_hp_loss":0,"event_name":"The Cleric","floor":2,"gold_loss":0},{"damage_healed":0,"gold_gain":75,"player_choice":"Gather Gold","damage_taken":11,"max_hp_gain":0,"max_hp_loss":0,"event_name":"World of Goop","floor":4,"gold_loss":0},{"damage_healed":0,"gold_gain":175,"player_choice":"AGREE","damage_taken":0,"max_hp_gain":0,"max_hp_loss":0,"event_name":"Liars Game","floor":5,"gold_loss":0,"cards_obtained":["Doubt"]},{"damage_healed":0,"gold_gain":0,"player_choice":"Entered Light","damage_taken":13,"max_hp_gain":0,"max_hp_loss":0,"event_name":"Shining Light","floor":12,"gold_loss":0,"cards_upgraded":["Moonworks:Defend","Moonworks:UnpaidWork"]},{"damage_healed":0,"gold_gain":0,"player_choice":"Became a vampire","damage_taken":0,"max_hp_gain":0,"max_hp_loss":21,"event_name":"Vampires","floor":22,"gold_loss":0,"cards_obtained":["Bite","Bite","Bite","Bite","Bite"]},{"damage_healed":0,"gold_gain":0,"player_choice":"Obtained Book","damage_taken":16,"max_hp_gain":0,"max_hp_loss":0,"event_name":"Cursed Tome","floor":28,"gold_loss":0},{"damage_healed":0,"gold_gain":0,"player_choice":"Shed Blood","damage_taken":12,"max_hp_gain":5,"max_hp_loss":0,"event_name":"Forgotten Altar","floor":30,"gold_loss":0}],"is_beta":false,"boss_relics":[{"not_picked":["SlaversCollar","Coffee Dripper"],"picked":"Black Star"}],"items_purged_floors":[19],"is_endless":false,"potions_floor_spawned":[1,6,16,18,20,24],"killed_by":"Collector","ascension_level":0}}