{"host":"oj7j1eigh1ojvq9e","time":1611477553,"event":{"mods":["Ascension Reborn","BaseMod","Highlight Path","Minty Spire (QoL Compilation)","Replay The Spire","StSLib","UnlockEverythingMod"],"gold_per_floor":[118,118,118,138,152,182,182,201,201,201,291,308,321,351,351,471,471,484,484,504,198,222,222,262,262,322,376,330,344,381,418,432,567,581,617,651,80,80,99,99,121,121,216,252,265,299,299,321,321,321,321,321,1,38,38],"floor_reached":56,"language":"ZHS","playtime":3773,"items_purged":["Strike_B+1","Defend_B+1","Defend_B+1"],"score":1359,"play_id":"8f4325e7-a280-436f-84d8-487b00d0ae7f","local_time":"20210124163913","is_ascension_mode":true,"campfire_choices":[{"data":"FIFO Queue","floor":7,"key":"SMITH"},{"data":"Crystallizer","floor":10,"key":"SMITH"},{"floor":15,"key":"REST"},{"data":"Loop","floor":23,"key":"SMITH"},{"floor":25,"key":"RECALL"},{"data":"Static Discharge","floor":29,"key":"SMITH"},{"data":"Storm","floor":32,"key":"SMITH"},{"data":"Electrodynamics","floor":40,"key":"SMITH"},{"data":"Biased Cognition","floor":47,"key":"SMITH"},{"data":"Secret Technique","floor":49,"key":"SMITH"},{"data":"Redo","floor":52,"key":"SMITH"}],"circlet_count":0,"master_deck":["Strike_B+1","Strike_B+1","Defend_B+1","Zap+1","Dualcast+1","Secret Technique+1","FIFO Queue","Turbo+1","Crystallizer+1","Self Repair","FIFO Queue+1","Crystallizer","Coolheaded","Beam Cell","Loop+1","Auto Shields+1","Biased Cognition+1","Rebound","Normality","Static Discharge+1","Storm+1","Time Bomb+1","Scrape","Chill+1","Leap+1","Electrodynamics+1","Creative AI","Compile Driver","Go for the Eyes+1","Spreading Infection","ReplayTheSpireMod:Uncanny Aura","Rip and Tear+1","BasicCrystalCard+1","Clumsy","Panic Button+1","Melter+1","Stack+1","Redo+1","Defragment","Amplify"],"relics":["Cracked Core","White Beast Statue","Mango","Replay:Bottled Flurry","Blood Vial","FossilizedHelix","Honey Jar","Ring of Shattering","ReplayTheSpireMod:Ring of Collecting","Boot","Bag of Marbles","Akabeko","Dream Catcher","Quantum Egg","Ring of Greed","The Courier","MawBank","Omamori","Lizard Tail","SacredBark","Potion Belt","ReplayFunnel","Juzu Bracelet","Replay:Wax Seal","Sundial","Geode","Shuriken","ReplayTheSpireMod:Ring of Exchange","ReplayTheSpireMod:Shallot","Garlic","Divine Protection","TungstenRod","Cables","Ornamental Fan"],"acts_visited":["Exordium","TheCity","TheBeyond","TheEnding"],"potions_floor_usage":[6,14,16,18,22,22,24,27,30,31,33,33,35,39,41,41,44,45,45,45,46,46,48,48,50,55,55,55,55,55],"damage_taken":[{"damage":0,"enemies":"Jaw Worm","floor":1,"turns":2},{"damage":6,"enemies":"2 Louse","floor":4,"turns":2},{"damage":2,"enemies":"Small Slimes","floor":5,"turns":3},{"damage":4,"enemies":"3 Sentries","floor":6,"turns":5},{"damage":11,"enemies":"Looter","floor":8,"turns":3},{"damage":32,"enemies":"Lots of Slimes","floor":12,"turns":4},{"damage":12,"enemies":"Exordium Wildlife","floor":13,"turns":3},{"damage":16,"enemies":"Gremlin Nob","floor":14,"turns":3},{"damage":12,"enemies":"The Guardian","floor":16,"turns":6},{"damage":0,"enemies":"Shell Parasite","floor":18,"turns":5},{"damage":0,"enemies":"Spheric Guardian","floor":20,"turns":3},{"damage":3,"enemies":"Centurion and Healer","floor":22,"turns":4},{"damage":22,"enemies":"Slavers","floor":24,"turns":5},{"damage":10,"enemies":"Replay:Snechameleon","floor":27,"turns":4},{"damage":4,"enemies":"Shelled Parasite and Fungi","floor":30,"turns":4},{"damage":0,"enemies":"Cultist and Chosen","floor":31,"turns":5},{"damage":50,"enemies":"Champ","floor":33,"turns":7},{"damage":0,"enemies":"Orb Walker","floor":35,"turns":2},{"damage":0,"enemies":"3 Shapes","floor":36,"turns":3},{"damage":0,"enemies":"3 Darklings","floor":39,"turns":3},{"damage":0,"enemies":"Transient","floor":41,"turns":5},{"damage":7,"enemies":"Nemesis","floor":44,"turns":5},{"damage":0,"enemies":"4 Shapes","floor":45,"turns":4},{"damage":0,"enemies":"Giant Head","floor":46,"turns":6},{"damage":0,"enemies":"Jaw Worm Horde","floor":48,"turns":4},{"damage":11,"enemies":"Donu and Deca","floor":50,"turns":5},{"damage":11,"enemies":"Shield and Spear","floor":54,"turns":3},{"damage":37,"enemies":"The Heart","floor":55,"turns":6}],"seed_played":"-1585869246034465829","potions_obtained":[{"floor":1,"key":"FocusPotion"},{"floor":4,"key":"Flashbang"},{"floor":6,"key":"Swift Potion"},{"floor":8,"key":"Elixir"},{"floor":12,"key":"Fire Potion"},{"floor":14,"key":"Milkshake"},{"floor":16,"key":"CultistPotion"},{"floor":18,"key":"Toxic Potion"},{"floor":18,"key":"ColorlessPotion"},{"floor":20,"key":"SkillPotion"},{"floor":20,"key":"Dexterity Potion"},{"floor":22,"key":"AttackPotion"},{"floor":22,"key":"SpeedPotion"},{"floor":24,"key":"Doom Potion"},{"floor":24,"key":"PotionOfCapacity"},{"floor":27,"key":"Adrenaline Potion"},{"floor":27,"key":"Dexterity Potion"},{"floor":30,"key":"Explosive Potion"},{"floor":30,"key":"Strength Potion"},{"floor":31,"key":"Cursed Concoction"},{"floor":31,"key":"Elixir"},{"floor":33,"key":"Fire Potion"},{"floor":33,"key":"Doom Potion"},{"floor":35,"key":"CultistPotion"},{"floor":35,"key":"Ancient Potion"},{"floor":36,"key":"Weak Potion"},{"floor":36,"key":"Dexterity Potion"},{"floor":39,"key":"BlessingOfTheForge"},{"floor":39,"key":"Swift Potion"},{"floor":41,"key":"AttackPotion"},{"floor":41,"key":"FearPotion"},{"floor":44,"key":"SteroidPotion"},{"floor":44,"key":"LiquidBronze"},{"floor":45,"key":"Dexterity Potion"},{"floor":45,"key":"LifebloodPotion"},{"floor":46,"key":"Milkshake"},{"floor":46,"key":"LiquidMemories"},{"floor":48,"key":"LiquidMemories"},{"floor":48,"key":"EssenceOfDarkness"},{"floor":54,"key":"FearPotion"},{"floor":54,"key":"Venom Potion"}],"is_trial":false,"path_per_floor":["M","?","?","M","M","E","R","M","T","R","?","M","M","E","R","B",null,"M","?","M","$","M","R","E","R","T","E","?","R","M","M","R","B",null,"M","M","$","?","M","R","M","?","T","E","M","E","R","M","R","B",null,"R","$","E","B",null],"character_chosen":"DEFECT","items_purchased":["Storm","Boot","Bag of Marbles","ReplayFunnel","Juzu Bracelet","Replay:Wax Seal","Sundial","Geode","Cables","Defragment","Swift Potion"],"campfire_rested":1,"item_purchase_floors":[21,21,21,37,37,37,37,37,53,53,53],"current_hp_per_floor":[72,77,74,68,66,82,82,81,81,81,70,48,46,40,78,85,95,95,95,95,95,95,95,83,83,83,86,86,86,95,95,95,61,99,99,99,99,99,99,99,99,99,99,92,99,99,99,99,99,103,103,103,103,92,74],"gold":38,"neow_bonus":"RANDOM_COLORLESS_2","is_daily":false,"chose_seed":false,"campfire_upgraded":9,"win_rate":0.0,"timestamp":1611477553,"path_taken":["M","?","?","M","M","E","R","M","T","R","?","M","M","E","R","BOSS","M","?","M","$","M","R","E","R","T","E","?","R","?","M","R","BOSS","M","M","$","?","M","R","M","?","T","E","M","E","R","M","R","BOSS","R","$","E","BOSS"],"items_purchased_type":["Card","Relic","Relic","Relic","Relic","Relic","Relic","Relic","Relic","Card","Potion"],"build_version":"2020-12-22","purchased_purges":3,"victory":true,"max_hp_per_floor":[72,77,77,77,77,91,91,91,91,91,91,91,91,91,91,95,95,95,95,95,95,95,95,95,95,95,95,95,95,95,95,95,99,99,99,99,99,99,99,99,99,99,99,99,99,99,99,99,99,103,103,103,103,103,107],"card_choices":[{"not_picked":["Sadistic Nature","Secret Weapon"],"picked":"Secret Technique","floor":0},{"not_picked":["Ball Lightning","Turbo"],"picked":"FIFO Queue","floor":1},{"not_picked":["Beam Cell","Ball Lightning"],"picked":"Turbo+1","floor":4},{"not_picked":["Barrage","Stack"],"picked":"Crystallizer","floor":5},{"not_picked":["Ball Lightning","Sweeping Beam+1"],"picked":"Self Repair","floor":6},{"not_picked":["Reboot","Chill"],"picked":"FIFO Queue","floor":6},{"not_picked":["Rebound+1","Coolheaded"],"picked":"Crystallizer","floor":8},{"not_picked":["Turbo","Crystallizer"],"picked":"Coolheaded","floor":12},{"not_picked":["ReplaySort","Hologram"],"picked":"Beam Cell","floor":13},{"not_picked":["ReplayTheSpireMod:System Scan","Glacier"],"picked":"Loop","floor":14},{"not_picked":["ReplaySolidLightProjector","Multi-Cast"],"picked":"Auto Shields+1","floor":14},{"not_picked":["ReplayTheSpireMod:Omega Cannon","Amplify"],"picked":"Biased Cognition","floor":16},{"not_picked":["Steam Power+1","Capacitor","Gash+1"],"picked":"Rebound","floor":18},{"not_picked":["FTL","Panic Button+1","Beam Cell+1"],"picked":"Static Discharge","floor":20},{"not_picked":["Ball Lightning+1","Defragment+1","Conserve Battery"],"picked":"Time Bomb+1","floor":22},{"not_picked":["Coolheaded","Steam Power","Machine Learning"],"picked":"Scrape","floor":24},{"not_picked":["Barrage+1","Gash","Skim+1"],"picked":"Chill+1","floor":27},{"not_picked":["Cold Snap","Crystallizer","Beam Cell"],"picked":"Leap+1","floor":30},{"not_picked":["Consume+1","Coolheaded+1","Steam Power+1"],"picked":"Electrodynamics","floor":31},{"not_picked":["Buffer","Multi-Cast","Seek"],"picked":"Creative AI","floor":33},{"not_picked":["Rebound+1","Time Bomb","ReplayTheSpireMod:GoodbyeWorld"],"picked":"Compile Driver","floor":35},{"not_picked":["Coolheaded+1","Gash+1","Barrage+1"],"picked":"Go for the Eyes+1","floor":36},{"not_picked":["Midas Touch","Deep Breath","Jack Of All Trades"],"picked":"ReplayTheSpireMod:Uncanny Aura","floor":38},{"not_picked":["Gash","Auto Shields+1","Sweeping Beam"],"picked":"Rip and Tear+1","floor":39},{"not_picked":["BootSequence","Go for the Eyes","Leap"],"picked":"BasicCrystalCard+1","floor":41},{"not_picked":["Aggregate+1","Sweeping Beam+1","Conserve Battery"],"picked":"Panic Button+1","floor":44},{"not_picked":["Gash","All For One","Crystallizer+1"],"picked":"Melter+1","floor":45},{"not_picked":["Cold Snap+1","Hologram+1","Conserve Battery+1"],"picked":"Stack+1","floor":46},{"not_picked":["Auto Shields","ReplaySort+1","Barrage+1"],"picked":"Redo","floor":48},{"not_picked":["Sunder+1","Barrage+1","Glacier"],"picked":"Amplify","floor":54}],"player_experience":110333,"relics_obtained":[{"floor":6,"key":"Mango"},{"floor":9,"key":"Replay:Bottled Flurry"},{"floor":14,"key":"Blood Vial"},{"floor":16,"key":"FossilizedHelix"},{"floor":19,"key":"Ring of Shattering"},{"floor":19,"key":"ReplayTheSpireMod:Ring of Collecting"},{"floor":24,"key":"Akabeko"},{"floor":26,"key":"Dream Catcher"},{"floor":26,"key":"Quantum Egg"},{"floor":26,"key":"Ring of Greed"},{"floor":26,"key":"The Courier"},{"floor":26,"key":"MawBank"},{"floor":27,"key":"Omamori"},{"floor":33,"key":"Lizard Tail"},{"floor":35,"key":"Potion Belt"},{"floor":43,"key":"Shuriken"},{"floor":43,"key":"ReplayTheSpireMod:Ring of Exchange"},{"floor":43,"key":"ReplayTheSpireMod:Shallot"},{"floor":44,"key":"Garlic"},{"floor":45,"key":"Divine Protection"},{"floor":46,"key":"TungstenRod"},{"floor":54,"key":"Ornamental Fan"}],"event_choices":[{"damage_healed":0,"gold_gain":0,"player_choice":"Donut","damage_taken":0,"max_hp_gain":5,"max_hp_loss":0,"event_name":"Big Fish","floor":2,"gold_loss":0},{"damage_healed":0,"gold_gain":0,"player_choice":"Success","damage_taken":3,"relics_obtained":["White Beast Statue"],"max_hp_gain":0,"max_hp_loss":0,"event_name":"Scrap Ooze","floor":3,"gold_loss":0},{"damage_healed":0,"gold_gain":75,"player_choice":"Gather Gold","damage_taken":11,"max_hp_gain":0,"max_hp_loss":0,"event_name":"World of Goop","floor":11,"gold_loss":0},{"cards_removed":["Defend_B"],"damage_healed":0,"gold_gain":0,"player_choice":"Single Remove","damage_taken":0,"max_hp_gain":0,"max_hp_loss":0,"event_name":"Designer","floor":28,"gold_loss":60},{"damage_healed":0,"gold_gain":0,"player_choice":"Memory 1","damage_taken":0,"max_hp_gain":0,"max_hp_loss":0,"event_name":"SensoryStone","floor":38,"gold_loss":0},{"cards_removed":["Strike_B"],"damage_healed":0,"gold_gain":0,"player_choice":"Purged","damage_taken":0,"max_hp_gain":0,"max_hp_loss":0,"event_name":"Purifier","floor":42,"gold_loss":0}],"is_beta":false,"boss_relics":[{"not_picked":["Philosopher\u0027s Stone","Replay:Grab Bag"],"picked":"Honey Jar"},{"not_picked":["Busted Crown","Empty Cage"],"picked":"SacredBark"}],"items_purged_floors":[21,37,53],"is_endless":false,"potions_floor_spawned":[4,5,6,8,12,13,14,16,18,20,22,24,27,30,31,33,35,36,39,41,44,45,46,48,54],"ascension_level":0}}