{"host":"ft78nznc4009qqbv","time":1611473876,"event":{"mods":["BaseMod","Minty Spire (QoL Compilation)","Quick Restart","StSLib","SuperFastMode"],"gold_per_floor":[118,136,149,324,51,51,86,59,83,48,66,66,80,10,10,105,155,167,266,142,154,29,29,29,29,100,100,100,100,114,125,125,225,225,237,237,237],"floor_reached":36,"language":"ZHS","playtime":1116,"items_purged":["Strike_G","Strike_G","Strike_G"],"score":449,"play_id":"033b238d-8b61-45c5-bc74-21709919d535","local_time":"20210124153756","is_ascension_mode":true,"campfire_choices":[{"data":"Noxious Fumes","floor":6.0,"key":"SMITH"},{"data":"Crippling Poison","floor":12.0,"key":"SMITH"},{"floor":15.0,"key":"REST"},{"data":"Catalyst","floor":23.0,"key":"SMITH"},{"data":"Calculated Gamble","floor":25.0,"key":"SMITH"},{"data":"Outmaneuver","floor":27.0,"key":"SMITH"},{"data":"Prepared","floor":29.0,"key":"SMITH"},{"floor":32.0,"key":"REST"}],"circlet_count":0,"master_deck":["Strike_G","Defend_G","Defend_G","Defend_G","Defend_G","Defend_G","Survivor","Neutralize","Calculated Gamble+1","Acrobatics","Noxious Fumes+1","Doubt","Outmaneuver+1","Outmaneuver","Deadly Poison","Crippling Poison+1","PiercingWail","Catalyst+1","Deadly Poison","Prepared+1","Prepared","Calculated Gamble+1","Bullet Time","Deflect"],"relics":["Ring of the Serpent","Lantern","Strawberry","Art of War","Tiny House","Matryoshka"],"acts_visited":["Exordium","TheCity","TheBeyond"],"potions_floor_usage":[],"damage_taken":[{"damage":1.0,"enemies":"Small Slimes","floor":1.0,"turns":4.0},{"damage":3.0,"enemies":"2 Louse","floor":2.0,"turns":3.0},{"damage":7.0,"enemies":"Jaw Worm","floor":3.0,"turns":4.0},{"damage":29.0,"enemies":"3 Sentries","floor":7.0,"turns":7.0},{"damage":7.0,"enemies":"Looter","floor":11.0,"turns":4.0},{"damage":3.0,"enemies":"Lots of Slimes","floor":13.0,"turns":3.0},{"damage":44.0,"enemies":"The Guardian","floor":16.0,"turns":9.0},{"damage":7.0,"enemies":"Chosen","floor":18.0,"turns":6.0},{"damage":11.0,"enemies":"Spheric Guardian","floor":21.0,"turns":4.0},{"damage":7.0,"enemies":"Chosen and Byrds","floor":30.0,"turns":4.0},{"damage":5.0,"enemies":"Snake Plant","floor":31.0,"turns":4.0},{"damage":52.0,"enemies":"Automaton","floor":33.0,"turns":8.0},{"damage":24.0,"enemies":"3 Shapes","floor":35.0,"turns":7.0},{"damage":0,"enemies":"3 Darklings","floor":36,"turns":1}],"seed_played":"3234907596559146822","potions_obtained":[{"floor":1.0,"key":"GhostInAJar"},{"floor":2.0,"key":"Dexterity Potion"},{"floor":13.0,"key":"BlessingOfTheForge"},{"floor":17.0,"key":"Poison Potion"},{"floor":31.0,"key":"FairyPotion"}],"is_trial":false,"path_per_floor":["M","M","M","?","$","R","E","$","T","?","M","R","M","$","R","B",null,"M","?","$","M","$","R","?","R","T","R","?","R","M","M","R","B",null,"M","M"],"character_chosen":"THE_SILENT","items_purchased":["Lantern","Outmaneuver","Deadly Poison","Catalyst","Prepared"],"campfire_rested":2,"item_purchase_floors":[5,5,8,14,20],"current_hp_per_floor":[76,73,66,66,66,66,44,44,44,65,58,58,55,55,80,36,89,82,82,82,71,71,71,71,71,71,71,71,71,64,59,85,33,89,65,65,65],"gold":237,"neow_bonus":"TEN_PERCENT_HP_BONUS","is_daily":false,"chose_seed":false,"campfire_upgraded":6,"win_rate":0.0,"timestamp":1611473876,"path_taken":["M","M","M","?","$","R","E","$","T","?","M","R","M","$","R","BOSS","M","?","$","M","$","R","?","R","T","R","?","R","M","M","R","BOSS","M","?"],"items_purchased_type":["Relic","Card","Card","Card","Card"],"build_version":"2020-12-22","purchased_purges":3,"victory":false,"max_hp_per_floor":[77,77,77,77,77,77,84,84,84,84,84,84,84,84,84,84,89,89,89,89,89,89,89,89,89,89,89,89,89,89,89,89,89,89,89,89,89],"card_choices":[{"not_picked":["All Out Attack","Quick Slash"],"picked":"Calculated Gamble","floor":1.0},{"not_picked":["Sucker Punch","Deflect"],"picked":"Acrobatics","floor":2.0},{"not_picked":["Blade Dance","Escape Plan"],"picked":"Noxious Fumes","floor":3.0},{"not_picked":["Heel Hook","Footwork"],"picked":"Outmaneuver","floor":7.0},{"not_picked":["Dodge and Roll","Quick Slash"],"picked":"Crippling Poison","floor":11.0},{"not_picked":["Finisher","Outmaneuver"],"picked":"PiercingWail","floor":13.0},{"not_picked":["Sucker Punch","Prepared"],"picked":"Deadly Poison","floor":17.0},{"not_picked":["Flying Knee","Heel Hook"],"picked":"Prepared","floor":18.0},{"not_picked":["Choke","Deadly Poison"],"picked":"Calculated Gamble","floor":21.0},{"not_picked":["Dagger Spray","Prepared","Outmaneuver"],"picked":"SKIP","floor":30.0},{"not_picked":["Sucker Punch+1","Noxious Fumes","Bane"],"picked":"SKIP","floor":31.0},{"not_picked":["Doppelganger","Phantasmal Killer"],"picked":"Bullet Time","floor":33.0},{"not_picked":["Acrobatics+1","Slice+1"],"picked":"Deflect","floor":35.0}],"player_experience":81267,"relics_obtained":[{"floor":7.0,"key":"Strawberry"},{"floor":9.0,"key":"Art of War"},{"floor":26.0,"key":"Matryoshka"}],"event_choices":[{"damage_healed":0.0,"max_hp_gain":0.0,"max_hp_loss":0.0,"gold_gain":175.0,"event_name":"Liars Game","player_choice":"AGREE","floor":4.0,"gold_loss":0.0,"damage_taken":0.0,"cards_obtained":["Doubt"]},{"damage_healed":21.0,"max_hp_gain":0.0,"max_hp_loss":0.0,"gold_gain":0.0,"event_name":"The Cleric","player_choice":"Healed","floor":10.0,"gold_loss":35.0,"damage_taken":0.0},{"damage_healed":0.0,"max_hp_gain":0.0,"max_hp_loss":0.0,"gold_gain":99.0,"event_name":"Nest","player_choice":"Stole From Cult","floor":19.0,"gold_loss":0.0,"damage_taken":0.0},{"cards_removed":["Strike_G"],"damage_healed":0.0,"max_hp_gain":0.0,"max_hp_loss":0.0,"gold_gain":0.0,"event_name":"Back to Basics","player_choice":"Elegance","floor":24.0,"gold_loss":0.0,"damage_taken":0.0},{"damage_healed":0.0,"max_hp_gain":0.0,"max_hp_loss":0.0,"gold_gain":0.0,"event_name":"Transmorgrifier","player_choice":"Ignored","floor":28.0,"gold_loss":0.0,"damage_taken":0.0}],"is_beta":false,"boss_relics":[{"not_picked":["WristBlade","Coffee Dripper"],"picked":"Tiny House"},{"not_picked":["Cursed Key","Black Star"],"picked":"Ring of the Serpent"}],"items_purged_floors":[5,20,22],"is_endless":false,"potions_floor_spawned":[1,2,13,21,31],"killed_by":"3 Darklings","ascension_level":2}}