{"host":"syozzdlzcqop4jia","time":1611448498,"event":{"mods":["BaseMod","Colored Powertips","Minty Spire (QoL Compilation)","Quick Restart"],"gold_per_floor":[117,132,149,36,36,36,67,67,92,118,138,166,186,196,196,297,297,309,341,358,376,389,389,401,401,401,501,310,326,326,345,345,443,443,454,472,484,499,552,586,586,601,652,652,671,671,671,704,704,704],"floor_reached":51,"language":"ENG","playtime":4922,"items_purged":["Strike_R"],"score":906,"play_id":"cee28cd1-8aa3-4838-a8e1-4bbc914456db","local_time":"20210124013458","is_ascension_mode":true,"campfire_choices":[{"data":"Perfected Strike","floor":6,"key":"SMITH"},{"data":"Inflame","floor":8,"key":"SMITH"},{"data":"Flex","floor":15,"key":"SMITH"},{"data":"Bludgeon","floor":23,"key":"SMITH"},{"floor":25,"key":"REST"},{"floor":32,"key":"REST"},{"floor":41,"key":"REST"},{"floor":44,"key":"REST"},{"floor":47,"key":"REST"},{"floor":49,"key":"REST"}],"circlet_count":0,"master_deck":["Strike_R+1","Strike_R+1","Strike_R+1","Strike_R+1","Defend_R+1","Defend_R+1","Defend_R+1","Defend_R+1","Bash","Iron Wave","Perfected Strike","Perfected Strike+1","Swift Strike","Twin Strike","Inflame+1","Ghostly Armor+1","Inflame","Flex+1","Heavy Blade","Bludgeon+1","Thunderclap+1","Armaments+1","Cleave","Pommel Strike+1","Heavy Blade+1","Heavy Blade","Headbutt","Flex+1","Inflame","Hemokinesis+1","Demon Form","Reaper","Thunderclap+1","Anger","Heavy Blade+1","Wild Strike+1","Ghostly Armor","Ghostly Armor","Flex+1","Flex+1"],"relics":["Burning Blood","Omamori","Vajra","Nunchaku","Ornamental Fan","Philosopher\u0027s Stone","Red Mask","Peace Pipe","Ice Cream","White Beast Statue","Velvet Choker","Thread and Needle","TungstenRod","War Paint","Bronze Scales"],"acts_visited":["Exordium","TheCity","TheBeyond"],"potions_floor_usage":[13,19,20,24,27,33,37,38,39,39,40,40,42,48,50,50],"damage_taken":[{"damage":1,"enemies":"Cultist","floor":1,"turns":4},{"damage":9,"enemies":"Jaw Worm","floor":2,"turns":5},{"damage":10,"enemies":"Small Slimes","floor":3,"turns":4},{"damage":14,"enemies":"Gremlin Nob","floor":7,"turns":3},{"damage":31,"enemies":"Lagavulin","floor":10,"turns":4},{"damage":3,"enemies":"Blue Slaver","floor":11,"turns":2},{"damage":4,"enemies":"3 Sentries","floor":12,"turns":6},{"damage":7,"enemies":"Exordium Wildlife","floor":13,"turns":3},{"damage":6,"enemies":"Looter","floor":14,"turns":2},{"damage":0,"enemies":"Slime Boss","floor":16,"turns":5},{"damage":0,"enemies":"Spheric Guardian","floor":18,"turns":3},{"damage":29,"enemies":"Masked Bandits","floor":19,"turns":4},{"damage":0,"enemies":"Chosen","floor":20,"turns":3},{"damage":5,"enemies":"3 Cultists","floor":21,"turns":4},{"damage":10,"enemies":"Chosen and Byrds","floor":22,"turns":3},{"damage":31,"enemies":"Shelled Parasite and Fungi","floor":24,"turns":4},{"damage":5,"enemies":"Colosseum Slavers","floor":27,"turns":2},{"damage":6,"enemies":"Colosseum Nobs","floor":27,"turns":3},{"damage":18,"enemies":"Snake Plant","floor":29,"turns":3},{"damage":16,"enemies":"Centurion and Healer","floor":31,"turns":3},{"damage":88,"enemies":"Collector","floor":33,"turns":8},{"damage":3,"enemies":"3 Darklings","floor":35,"turns":2},{"damage":2,"enemies":"Orb Walker","floor":36,"turns":2},{"damage":23,"enemies":"3 Darklings","floor":37,"turns":3},{"damage":7,"enemies":"Spire Growth","floor":38,"turns":4},{"damage":37,"enemies":"2 Orb Walkers","floor":39,"turns":4},{"damage":13,"enemies":"Reptomancer","floor":40,"turns":4},{"damage":67,"enemies":"Writhing Mass","floor":42,"turns":4},{"damage":9,"enemies":"Sphere and 2 Shapes","floor":45,"turns":3},{"damage":56,"enemies":"Nemesis","floor":48,"turns":5},{"damage":72,"enemies":"Donu and Deca","floor":50,"turns":8}],"seed_played":"576672914508343816","potions_obtained":[{"floor":2,"key":"ElixirPotion"},{"floor":7,"key":"SmokeBomb"},{"floor":12,"key":"Ancient Potion"},{"floor":13,"key":"ColorlessPotion"},{"floor":19,"key":"LiquidBronze"},{"floor":20,"key":"Fruit Juice"},{"floor":24,"key":"Explosive Potion"},{"floor":29,"key":"BlessingOfTheForge"},{"floor":31,"key":"CultistPotion"},{"floor":33,"key":"Swift Potion"},{"floor":35,"key":"Explosive Potion"},{"floor":37,"key":"Energy Potion"},{"floor":38,"key":"PowerPotion"},{"floor":39,"key":"Strength Potion"},{"floor":40,"key":"ColorlessPotion"},{"floor":42,"key":"Energy Potion"},{"floor":45,"key":"BloodPotion"},{"floor":48,"key":"AttackPotion"}],"is_trial":false,"path_per_floor":["M","M","M","$","?","R","E","R","T","E","M","E","M","M","R","B",null,"M","?","M","M","M","R","M","R","T","?","$","M","?","M","R","B",null,"M","M","M","M","?","E","R","M","T","R","M","?","R","E","R","B",null],"character_chosen":"IRONCLAD","items_purchased":["Swift Strike","Twin Strike","Flex","Inflame"],"campfire_rested":6,"item_purchase_floors":[4,4,28,28],"current_hp_per_floor":[88,85,81,81,86,86,78,78,78,53,56,58,57,57,57,63,93,93,70,81,82,78,78,53,82,82,83,83,71,71,61,90,8,98,98,98,81,90,67,60,89,28,28,57,62,62,91,60,89,23],"gold":704,"neow_bonus":"TEN_PERCENT_HP_BONUS","is_daily":false,"chose_seed":false,"campfire_upgraded":4,"win_rate":0.0,"timestamp":1611448498,"path_taken":["M","?","M","$","?","R","E","R","T","E","M","E","M","M","R","BOSS","M","?","M","M","M","R","M","R","T","?","?","M","?","M","R","BOSS","M","M","M","M","?","E","R","M","T","R","M","?","R","E","R","BOSS"],"items_purchased_type":["Card","Card","Card","Card"],"build_version":"2020-12-22","purchased_purges":1,"victory":true,"max_hp_per_floor":[88,88,88,88,93,93,93,93,93,93,93,93,93,93,93,93,93,93,93,98,98,98,98,98,98,98,98,98,98,98,98,98,98,98,98,98,98,98,98,98,98,98,98,98,98,98,98,98,98,98],"card_choices":[{"not_picked":["Clothesline","Sever Soul"],"picked":"Iron Wave","floor":1},{"not_picked":["Body Slam","Thunderclap"],"picked":"Perfected Strike","floor":2},{"not_picked":["Rupture","True Grit"],"picked":"Perfected Strike","floor":3},{"not_picked":["Iron Wave","Feel No Pain"],"picked":"Inflame","floor":7},{"not_picked":["Juggernaut","Havoc"],"picked":"Ghostly Armor","floor":10},{"not_picked":["Power Through","Rampage"],"picked":"Inflame","floor":11},{"not_picked":["Rampage","Fire Breathing"],"picked":"Flex","floor":12},{"not_picked":["Spot Weakness","Thunderclap","Headbutt"],"picked":"SKIP","floor":13},{"not_picked":["Clash","Shrug It Off"],"picked":"Heavy Blade","floor":14},{"not_picked":["Impervious","Brutality"],"picked":"Bludgeon","floor":16},{"not_picked":["Warcry","Wild Strike"],"picked":"Thunderclap+1","floor":18},{"not_picked":["Dark Embrace","Seeing Red"],"picked":"Armaments+1","floor":19},{"not_picked":["Havoc","Wild Strike"],"picked":"Cleave","floor":20},{"not_picked":["Burning Pact","Shrug It Off"],"picked":"Pommel Strike+1","floor":21},{"not_picked":["Fire Breathing+1","Power Through+1"],"picked":"Heavy Blade+1","floor":22},{"not_picked":["Twin Strike","Iron Wave"],"picked":"Heavy Blade","floor":24},{"not_picked":["Evolve","Burning Pact"],"picked":"Headbutt","floor":27},{"not_picked":["Clothesline","Armaments"],"picked":"Hemokinesis+1","floor":29},{"not_picked":["Entrench","Searing Blow+1"],"picked":"Demon Form","floor":31},{"not_picked":["Juggernaut","Demon Form"],"picked":"Reaper","floor":33},{"not_picked":["Blood for Blood+1","Rage"],"picked":"Thunderclap+1","floor":35},{"not_picked":["Clothesline","Sword Boomerang+1"],"picked":"Anger","floor":36},{"not_picked":["Perfected Strike","Warcry+1"],"picked":"Heavy Blade+1","floor":37},{"not_picked":["Body Slam","Fire Breathing","Second Wind+1"],"picked":"SKIP","floor":38},{"not_picked":["True Grit","Pummel+1"],"picked":"Wild Strike+1","floor":39},{"not_picked":["Dark Embrace","Sentinel+1","Pummel"],"picked":"SKIP","floor":40},{"not_picked":["Heavy Blade+1","Wild Strike+1"],"picked":"Ghostly Armor","floor":42},{"not_picked":["Pummel","Thunderclap"],"picked":"Ghostly Armor","floor":45},{"not_picked":["True Grit+1","Carnage+1"],"picked":"Flex+1","floor":48}],"player_experience":334833,"relics_obtained":[{"floor":7,"key":"Omamori"},{"floor":9,"key":"Vajra"},{"floor":10,"key":"Nunchaku"},{"floor":12,"key":"Ornamental Fan"},{"floor":19,"key":"Red Mask"},{"floor":26,"key":"Peace Pipe"},{"floor":27,"key":"Ice Cream"},{"floor":27,"key":"White Beast Statue"},{"floor":39,"key":"Thread and Needle"},{"floor":40,"key":"TungstenRod"},{"floor":43,"key":"War Paint"},{"floor":48,"key":"Bronze Scales"}],"event_choices":[{"damage_healed":0,"gold_gain":0,"player_choice":"Donut","damage_taken":0,"max_hp_gain":5,"max_hp_loss":0,"event_name":"Big Fish","floor":5,"gold_loss":0},{"damage_healed":0,"gold_gain":0,"player_choice":"Fought Bandits","damage_taken":0,"max_hp_gain":0,"max_hp_loss":0,"event_name":"Masked Bandits","floor":19,"gold_loss":0},{"damage_healed":0,"gold_gain":0,"player_choice":"Fight","damage_taken":0,"max_hp_gain":0,"max_hp_loss":0,"event_name":"Colosseum","floor":27,"gold_loss":0},{"damage_healed":0,"gold_gain":0,"player_choice":"Fought Nobs","damage_taken":0,"max_hp_gain":0,"max_hp_loss":0,"event_name":"Colosseum","floor":27,"gold_loss":0},{"damage_healed":0,"gold_gain":0,"player_choice":"Simplicity","damage_taken":0,"max_hp_gain":0,"max_hp_loss":0,"event_name":"Back to Basics","floor":30,"gold_loss":0,"cards_upgraded":["Strike_R","Strike_R","Strike_R","Strike_R","Defend_R","Defend_R","Defend_R","Defend_R"]},{"damage_healed":0,"gold_gain":0,"player_choice":"Fight","damage_taken":0,"max_hp_gain":0,"max_hp_loss":0,"event_name":"Mysterious Sphere","floor":39,"gold_loss":0},{"damage_healed":0,"gold_gain":0,"player_choice":"Copied","damage_taken":0,"max_hp_gain":0,"max_hp_loss":0,"event_name":"Duplicator","floor":46,"gold_loss":0,"cards_obtained":["Flex"]}],"is_beta":false,"boss_relics":[{"not_picked":["Snecko Eye","Busted Crown"],"picked":"Philosopher\u0027s Stone"},{"not_picked":["Runic Pyramid","Coffee Dripper"],"picked":"Velvet Choker"}],"items_purged_floors":[28],"is_endless":false,"potions_floor_spawned":[2,7,12,13,19,20,24,29,31,33,35,36,37,38,39,40,42,45,48],"ascension_level":2}}