{"host":"pfna4jpnbj44b3d3","time":1611531835,"event":{"mods":["2.2 Compatiblity","AchievementEnabler","AlwaysNeverKeys","Ascension Reborn","Ascension Unlocker","Aspiration","BaseMod","Bestiary","Better Altar","Better Match","Better Sensory Stone","Better Silent Start","Better Skull","Better Third Choice","Better Vampires","Better-Laid Plans","BetterRewards","Block Reminder","CCEM","CapriCore","Colored Map","Colored Powertips","Communication Mod","Conspire","Curses Come First","Defective Defect","Disable Question Mark Monsters","Displayed Cursed Tome","Downfall-Rebalance","Emptier Cage","Energized Spire","Friendly Minions","FruityMod","GifTheSpireLib","Googly Eyes","Gremlin Skip","Halation","HexUI Lib","Highlight Path","Hubris","Infinite Spire","Jedi Mod","Keyboard Shortcuts","Minty Spire (QoL Compilation)","MonsterHotkey","Permanent Neow","Quarter Circle Forward PUNCH!","Quick Restart","Random Character Button","Random Character Mod","Rare Cards Sparkle","RatMod","Relic Sorter","Relic Stats","Replay The Spire","Reworked Bosses","RumiaBox-????????","SCP261 Mod","SacredBarkPlus","Shop Mod","Small Relic Pack","Spicy Shops","Spikes Relics","Spire Arcade","StSLib","Stuff the Spire","SuperFastMode","Synergy Search","The Administrix","The Blue Laboratory","The IronCluck","The Jungle","Trackpad","Uncapped","UnlockEverythingMod","Virulent Crown","Waifu the Spire","egg","everything is the same but u backflip on backflip","slay the spire mod where everything is the same but ironclad has a cowboy hat","vexMod"],"gold_per_floor":[115,126,51,62,78,103,103,117,164,164,181,181,181,200,200,297,297,309,354,354,373,83,83,109,109,109,109,127,127,127],"floor_reached":29,"language":"ENG","playtime":4683,"items_purged":["AdministrixMod:Strike_Administrix","AdministrixMod:Strike_Administrix"],"score":320,"play_id":"f231a3ec-d1ff-4b3a-adfb-5553a67b2757","local_time":"20210124154355","is_ascension_mode":true,"campfire_choices":[{"data":"AdministrixMod:RebukeDesires","floor":7.0,"key":"SMITH"},{"data":"AdministrixMod:ImmortalClarity","floor":12,"key":"SMITH"},{"data":"AdministrixMod:ImmortalGrace","floor":15,"key":"SMITH"},{"data":"Jack Of All Trades","floor":23,"key":"SMITH"},{"data":"AdministrixMod:CenturiesAscent","floor":25,"key":"SMITH"}],"circlet_count":0,"master_deck":["AdministrixMod:RedCloak","AdministrixMod:Defend_Administrix","AdministrixMod:Defend_Administrix","AdministrixMod:Defend_Administrix","AdministrixMod:BlueCloak","AdministrixMod:RebukeDesires+1","AdministrixMod:ShadowPlay","AdministrixMod:ImmortalClarity+1","AdministrixMod:ImmortalGrace+1","AdministrixMod:ShadowPlay","AdministrixMod:Transition","AdministrixMod:FearOfDeath+1","Jack Of All Trades+1","AdministrixMod:CenturiesAscent+1","AdministrixMod:Overdrive","AdministrixMod:TenDesires"],"relics":["AdministrixMod:ConductorRitualBaton","AdministrixMod:PrescriptionBottle","infinitespire:Beetle Shell","trackpad:Compendium","trackpad:Trackpad","SpikesRelics:ToyHorsey","ReplayTheSpireMod:TigerMarble","CCEMRelics:SpiritsEdge"],"acts_visited":["Exordium","theJungle:Jungle"],"potions_floor_usage":[19,21,29],"damage_taken":[{"damage":0.0,"enemies":"infinitespire:Voidling","floor":1.0,"turns":3.0},{"damage":0.0,"enemies":"Small Slimes","floor":2.0,"turns":2.0},{"damage":0.0,"enemies":"Cultist","floor":4.0,"turns":2.0},{"damage":1.0,"enemies":"Large Slime","floor":5.0,"turns":6.0},{"damage":6.0,"enemies":"Replay:BlueRogue","floor":6.0,"turns":4.0},{"damage":0.0,"enemies":"2 Fungi Beasts","floor":8.0,"turns":2.0},{"damage":3,"enemies":"Exordium Wildlife","floor":11,"turns":3},{"damage":2,"enemies":"Blue Slaver","floor":14,"turns":2},{"damage":0,"enemies":"Slime Boss","floor":16,"turns":6},{"damage":6,"enemies":"theJungle:MUSHROOMGANG","floor":18,"turns":5},{"damage":12,"enemies":"conspire:MimicChest","floor":19,"turns":6},{"damage":2,"enemies":"Shell Parasite","floor":21,"turns":3},{"damage":0,"enemies":"theJungle:Cassacara","floor":24,"turns":6},{"damage":0,"enemies":"theJungle:SlimyTreeVines","floor":28,"turns":1},{"damage":43,"enemies":"Nightmare","floor":29,"turns":4}],"seed_played":"-8322322891797491085","potions_obtained":[{"floor":1.0,"key":"SCP261:GirlTearsPotion"},{"floor":4.0,"key":"sneckomod:MuddlingPotion"},{"floor":11,"key":"blueLaboratory:StoneskinPotion"},{"floor":14,"key":"blueLaboratory:HorrorPotion"},{"floor":19,"key":"Energy Potion"},{"floor":24,"key":"Fire Potion"},{"floor":28,"key":"jedi:tentaclejuice"}],"is_trial":false,"path_per_floor":["M","M","$","M","M","E","R","M","T","?","M","R","?","M","R","B",null,"M","?","?","M","$","R","E","R","T","?","M","NM"],"character_chosen":"TheAdministrix","items_purchased":["Jack Of All Trades","AdministrixMod:CenturiesAscent"],"campfire_rested":0,"item_purchase_floors":[22,22],"current_hp_per_floor":[59,59,59,59,58,52,52,52,52,52,49,49,42,40,40,40,59,53,41,41,39,39,39,39,39,39,39,39,0,0],"gold":127,"neow_bonus":"REMOVE_TWO","is_daily":false,"chose_seed":false,"campfire_upgraded":5,"win_rate":0.0,"timestamp":1611531835,"path_taken":["M","?","$","M","M","E","R","M","T","?","?","R","?","M","R","BOSS","M","?","?","?","?","R","E","R","T","?","M","NM"],"items_purchased_type":["Card","Card"],"build_version":"2020-12-22","purchased_purges":2,"victory":false,"max_hp_per_floor":[59,59,59,59,59,59,59,59,59,59,59,59,59,59,59,59,59,59,59,59,59,59,59,59,59,59,59,59,59,59],"relic_stats":{"counters":[15,55],"obtain_stats":[{"SpikesRelics:ToyHorsey":19,"trackpad:Trackpad":17,"AdministrixMod:ConductorRitualBaton":0,"infinitespire:Beetle Shell":9,"trackpad:Compendium":10,"ReplayTheSpireMod:TigerMarble":24,"AdministrixMod:PrescriptionBottle":6,"CCEMRelics:SpiritsEdge":26},{"SpikesRelics:ToyHorsey":11,"trackpad:Trackpad":9,"AdministrixMod:ConductorRitualBaton":0,"infinitespire:Beetle Shell":6,"trackpad:Compendium":6,"ReplayTheSpireMod:TigerMarble":13,"AdministrixMod:PrescriptionBottle":5,"CCEMRelics:SpiritsEdge":13},{"SpikesRelics:ToyHorsey":41,"trackpad:Trackpad":30,"AdministrixMod:ConductorRitualBaton":0,"infinitespire:Beetle Shell":19,"trackpad:Compendium":19,"ReplayTheSpireMod:TigerMarble":50,"AdministrixMod:PrescriptionBottle":17,"CCEMRelics:SpiritsEdge":50}]},"card_choices":[{"not_picked":["AdministrixMod:SealAway","AdministrixMod:Transition"],"picked":"AdministrixMod:RebukeDesires","floor":1.0},{"not_picked":["AdministrixMod:SealAway","AdministrixMod:RebukeDesires"],"picked":"AdministrixMod:ShadowPlay","floor":2.0},{"not_picked":["AdministrixMod:TrickOfTheLight","AdministrixMod:PassageOfAges"],"picked":"AdministrixMod:ImmortalClarity","floor":4.0},{"not_picked":["AdministrixMod:SealAway","AdministrixMod:TrickOfTheLight"],"picked":"AdministrixMod:ImmortalGrace","floor":5.0},{"not_picked":["AdministrixMod:BegetEternity","AdministrixMod:FuneraryRites","AdministrixMod:Untouchable"],"picked":"SKIP","floor":6.0},{"not_picked":["AdministrixMod:BegetEternity","AdministrixMod:FuneraryRites","AdministrixMod:Untouchable"],"picked":"SKIP","floor":6.0},{"not_picked":["AdministrixMod:HarmonicReverence","AdministrixMod:HiddenPower"],"picked":"AdministrixMod:ShadowPlay","floor":8.0},{"not_picked":["AdministrixMod:SipOfSparks","AdministrixMod:NewbornDivinity"],"picked":"AdministrixMod:Transition","floor":11},{"not_picked":["AdministrixMod:DiversionaryTactic","AdministrixMod:SyncreticSurge","AdministrixMod:WickedPunishment"],"picked":"SKIP","floor":14},{"not_picked":["AdministrixMod:BattleforgedBonds","AdministrixMod:LifeforceNet"],"picked":"AdministrixMod:FearOfDeath","floor":16},{"not_picked":["AdministrixMod:HarmonicReverence","AdministrixMod:Katabasis","AdministrixMod:CrackingPangu+1"],"picked":"SKIP","floor":18},{"not_picked":["AdministrixMod:XianArts","AdministrixMod:NoblePath","AdministrixMod:RegentEdict"],"picked":"SKIP","floor":21},{"not_picked":["AdministrixMod:SealAway","AdministrixMod:XianArts"],"picked":"AdministrixMod:Overdrive","floor":24},{"not_picked":["AdministrixMod:FiendishCrimson+1","AdministrixMod:SeventeenArticleLaser"],"picked":"AdministrixMod:TenDesires","floor":28}],"player_experience":338542,"relics_obtained":[{"floor":6.0,"key":"AdministrixMod:PrescriptionBottle"},{"floor":9.0,"key":"infinitespire:Beetle Shell"},{"floor":19,"key":"SpikesRelics:ToyHorsey"},{"floor":24,"key":"ReplayTheSpireMod:TigerMarble"},{"floor":26,"key":"CCEMRelics:SpiritsEdge"}],"event_choices":[{"damage_healed":0.0,"max_hp_gain":0.0,"max_hp_loss":0.0,"gold_gain":0.0,"event_name":"WeMeetAgain","player_choice":"Gave Potion","floor":10.0,"gold_loss":0.0,"damage_taken":0.0,"relics_obtained":["trackpad:Compendium"]},{"cards_removed":["AdministrixMod:Strike_Administrix"],"damage_healed":0,"gold_gain":0,"player_choice":"Card Removal","damage_taken":7,"max_hp_gain":0,"max_hp_loss":0,"event_name":"Golden Wing","floor":13,"gold_loss":0},{"damage_healed":0,"gold_gain":0,"player_choice":"Upgraded","damage_taken":0,"max_hp_gain":0,"max_hp_loss":0,"event_name":"Upgrade Shrine","floor":20,"gold_loss":0,"cards_upgraded":["AdministrixMod:FearOfDeath"]},{"damage_healed":0,"gold_gain":0,"player_choice":"Leave","damage_taken":0,"max_hp_gain":0,"max_hp_loss":0,"event_name":"conspire:Investor","floor":27,"gold_loss":0}],"is_beta":false,"boss_relics":[{"not_picked":["CosmicIsotope","aspiration:RandomNobGenerator"],"picked":"trackpad:Trackpad"}],"items_purged_floors":[3,22],"is_endless":false,"potions_floor_spawned":[1,4,11,14,19,24,28],"killed_by":"Nightmare","ascension_level":0}}