{"host":"o6rpelx2jpc8yies","time":1611461840,"event":{"mods":["BaseMod","Downfall","Minty Spire (QoL Compilation)","StSLib"],"gold_per_floor":[99,112,126,18,34,19,19,36,67,67,85,98,98,110,127,229,229,129,140,156,156,174,204,204,223,131,161,61,43,43,57,77,177,177,177,187,187,238,289,307,307,207,257,257,257,61,61,92,108,108,108,139,7,7,7,7,7,7],"floor_reached":56,"language":"ENG","playtime":4095,"items_purged":["bronze:Strike"],"score":901,"play_id":"a51e2b58-2461-4577-bc0f-717de4b81951","local_time":"20210123211720","is_ascension_mode":true,"campfire_choices":[{"floor":1,"key":"RECALL"},{"floor":13,"key":"REST"},{"data":"bronze:Iterate","floor":18,"key":"SMITH"},{"floor":28,"key":"REST"},{"floor":35,"key":"REST"},{"floor":42,"key":"REST"},{"floor":45,"key":"REST"},{"floor":47,"key":"REST"},{"floor":54,"key":"REST"}],"circlet_count":0,"master_deck":["bronze:Strike","bronze:Strike","bronze:Defend","bronze:Defend","bronze:Defend","bronze:Defend","bronze:Replicate","bronze:Goto","bronze:Separator","bronze:Overheat","bronze:Refactor","bronze:Constructor","bronze:Iterate+1","bronze:Boost","bronze:BitShift","bronze:ChosenStrike","bronze:CutThrough","bronze:ForceShield","bronze:Shield","bronze:Assembly","bronze:BronzeOrb+1","bronze:FollowUp","bronze:MaxOutput","bronze:Assembly+1","bronze:Constructor+1","bronze:FineTuning+1","bronze:Invalidate+1","bronze:BronzeArmor+1","Flash of Steel"],"relics":["bronze:BronzeCore","bronze:SilverBullet","Bottled Flame","Pantograph","WarpedTongs","Busted Crown","downfall:HeartBlessingRed","Spirit Poop","WingedGreaves","Singing Bowl","FossilizedHelix","downfall:HeartBlessingGreen","Toxic Egg 2","Fusion Hammer","Bird Faced Urn","Lizard Tail","downfall:HeartBlessingBlue","Ice Cream","Sundial","Oddly Smooth Stone","HornCleat","Gremlin Horn"],"acts_visited":["Exordium","TheCity","TheBeyond","TheEnding"],"potions_floor_usage":[16,16,27,27,29,52,55],"damage_taken":[{"damage":0,"enemies":"Cultist","floor":2,"turns":3},{"damage":2,"enemies":"Jaw Worm","floor":3,"turns":2},{"damage":5,"enemies":"downfall:FleeingMerchant","floor":4,"turns":4},{"damage":6,"enemies":"2 Louse","floor":5,"turns":2},{"damage":10,"enemies":"downfall:FleeingMerchant","floor":6,"turns":4},{"damage":11,"enemies":"Gremlin Gang","floor":8,"turns":3},{"damage":12,"enemies":"Gremlin Nob","floor":9,"turns":4},{"damage":5,"enemies":"Large Slime","floor":11,"turns":4},{"damage":3,"enemies":"3 Louse","floor":12,"turns":2},{"damage":7,"enemies":"2 Fungi Beasts","floor":14,"turns":2},{"damage":10,"enemies":"Large Slime","floor":15,"turns":5},{"damage":17,"enemies":"IC_STATUS_ARCHETYPE","floor":16,"turns":6},{"damage":7,"enemies":"Chosen","floor":19,"turns":3},{"damage":19,"enemies":"Spheric Guardian","floor":20,"turns":4},{"damage":5,"enemies":"3 Cultists","floor":22,"turns":5},{"damage":22,"enemies":"Gremlin Leader","floor":23,"turns":6},{"damage":0,"enemies":"Cultist and Chosen","floor":25,"turns":4},{"damage":0,"enemies":"downfall:FleeingMerchant","floor":26,"turns":4},{"damage":0,"enemies":"Book of Stabbing","floor":27,"turns":2},{"damage":10,"enemies":"downfall:FleeingMerchant","floor":29,"turns":4},{"damage":0,"enemies":"Centurion and Healer","floor":31,"turns":3},{"damage":0,"enemies":"Snecko","floor":32,"turns":2},{"damage":32,"enemies":"SI_MIRROR_ARCHETYPE","floor":33,"turns":12},{"damage":4,"enemies":"3 Shapes","floor":36,"turns":3},{"damage":0,"enemies":"2 Orb Walkers","floor":38,"turns":4},{"damage":0,"enemies":"3 Darklings","floor":40,"turns":2},{"damage":0,"enemies":"3 Darklings","floor":43,"turns":5},{"damage":1,"enemies":"Reptomancer","floor":48,"turns":8},{"damage":0,"enemies":"Transient","floor":49,"turns":5},{"damage":26,"enemies":"DF_ARCHETYPE_ORBS","floor":50,"turns":8},{"damage":140,"enemies":"downfall:CharBossMerchant","floor":52,"turns":15},{"damage":52,"enemies":"downfall:NeowBoss","floor":55,"turns":23},{"damage":98,"enemies":"downfall:NeowBossFinal","floor":56,"turns":8}],"seed_played":"-3497532473612012311","potions_obtained":[{"floor":2,"key":"bronze:FreeFunctionsPotion"},{"floor":8,"key":"bronze:FreeFunctionsPotion"},{"floor":9,"key":"Strength Potion"},{"floor":12,"key":"SpeedPotion"},{"floor":16,"key":"Strength Potion"},{"floor":19,"key":"SteroidPotion"},{"floor":23,"key":"FearPotion"},{"floor":27,"key":"GamblersBrew"},{"floor":31,"key":"FairyPotion"},{"floor":40,"key":"AttackPotion"}],"is_trial":false,"path_per_floor":["R","M","M","$","M","$","T","M","E","?","M","M","R","M","M","B",null,"R","M","M","?","M","E","T","M","$","E","R","$","?","M","M","B",null,"R","M","?","?","?","M","T","R","?","T","R","$","R","E","M","B",null,"E","$","R","B","B"],"character_chosen":"THE_AUTOMATON","items_purchased":["bronze:Constructor","bronze:Iterate","bronze:FollowUp","Toxic Egg 2","bronze:MaxOutput","bronze:FineTuning+1","Oddly Smooth Stone","bronze:BronzeArmor+1","Flash of Steel"],"campfire_rested":7,"item_purchase_floors":[4,4,26,29,29,46,46,53,53],"current_hp_per_floor":[70,70,68,63,57,47,47,36,24,24,19,16,37,30,20,28,70,70,63,44,44,39,17,17,19,21,23,45,37,37,37,39,34,82,82,80,80,82,82,86,86,98,100,100,100,100,100,101,102,76,102,53,53,84,52,0,0,0],"gold":7,"neow_bonus":"RANDOM_COMMON_RELIC","is_daily":false,"chose_seed":false,"campfire_upgraded":1,"win_rate":0.0,"timestamp":1611461840,"path_taken":["R","M","?","$","M","?","T","M","E","?","M","?","R","M","M","BOSS","R","M","M","?","M","E","T","?","$","E","R","$","?","?","M","BOSS","R","M","?","?","?","M","T","R","?","?","R","$","R","E","M","BOSS","E","$","R","BOSS","BOSS"],"items_purchased_type":["Card","Card","Card","Relic","Card","Card","Relic","Card","Card"],"build_version":"2020-12-22","purchased_purges":1,"victory":false,"max_hp_per_floor":[70,70,70,70,70,70,70,70,70,70,70,70,70,70,70,70,70,70,70,70,70,70,70,70,72,74,76,76,78,78,78,80,82,82,82,84,84,86,86,88,88,98,100,100,100,100,100,102,102,102,102,104,104,104,104,104,104,104],"card_choices":[{"not_picked":["bronze:ClassDefault","bronze:Optimize"],"picked":"bronze:Separator","floor":2},{"not_picked":["bronze:Turbo","bronze:DelayedSlice"],"picked":"bronze:Overheat","floor":3},{"not_picked":["bronze:InfiniteLoop","bronze:WhirlingStrike"],"picked":"bronze:Refactor","floor":4},{"not_picked":["bronze:DelayedSlice","bronze:ChildClass","bronze:WhirlingStrike"],"picked":"SKIP","floor":5},{"not_picked":["bronze:Safeguard","bronze:ClassDefault"],"picked":"bronze:Boost","floor":6},{"not_picked":["bronze:Invalidate","bronze:Frontload"],"picked":"bronze:BitShift","floor":8},{"not_picked":["bronze:Frontload","bronze:HyperBeam"],"picked":"bronze:ChosenStrike","floor":9},{"not_picked":["bronze:BugBarrage","bronze:DelayedSlice"],"picked":"bronze:CutThrough","floor":11},{"not_picked":["bronze:InfiniteBeams","bronze:Deprecate","bronze:BugBarrage"],"picked":"SKIP","floor":12},{"not_picked":["bronze:Frontload","bronze:Shield"],"picked":"bronze:ForceShield","floor":14},{"not_picked":["bronze:Overheat","bronze:Boost"],"picked":"bronze:Shield","floor":15},{"not_picked":["bronze:AlphaBuild","bronze:InfiniteLoop"],"picked":"bronze:Assembly","floor":16},{"not_picked":[],"picked":"bronze:BronzeOrb+1","floor":19},{"not_picked":["bronze:ClassDefault"],"picked":"SKIP","floor":20},{"not_picked":["bronze:Shield"],"picked":"SKIP","floor":22},{"not_picked":["bronze:CloningBeam"],"picked":"SKIP","floor":23},{"not_picked":["bronze:CloningBeam"],"picked":"SKIP","floor":23},{"not_picked":["bronze:Flail+1"],"picked":"Singing Bowl","floor":25},{"not_picked":["bronze:Frontload"],"picked":"Singing Bowl","floor":26},{"not_picked":["bronze:Turbo"],"picked":"Singing Bowl","floor":27},{"not_picked":["bronze:ChosenStrike"],"picked":"Singing Bowl","floor":29},{"not_picked":[],"picked":"bronze:Constructor+1","floor":31},{"not_picked":["bronze:BronzeOrb+1"],"picked":"Singing Bowl","floor":32},{"not_picked":["bronze:Break"],"picked":"Singing Bowl","floor":33},{"not_picked":["bronze:Turbo+1"],"picked":"Singing Bowl","floor":36},{"not_picked":["bronze:CutThrough+1"],"picked":"Singing Bowl","floor":38},{"not_picked":["bronze:Fortify"],"picked":"Singing Bowl","floor":40},{"not_picked":["bronze:Repair+1"],"picked":"Singing Bowl","floor":43},{"not_picked":["bronze:Backtrace+1"],"picked":"Singing Bowl","floor":48},{"not_picked":[],"picked":"bronze:Invalidate+1","floor":49},{"not_picked":["bronze:CutThrough"],"picked":"Singing Bowl","floor":52}],"player_experience":1843490,"relics_obtained":[{"floor":7,"key":"Bottled Flame"},{"floor":9,"key":"Pantograph"},{"floor":23,"key":"WingedGreaves"},{"floor":24,"key":"Singing Bowl"},{"floor":27,"key":"FossilizedHelix"},{"floor":38,"key":"Bird Faced Urn"},{"floor":41,"key":"Lizard Tail"},{"floor":43,"key":"Ice Cream"},{"floor":44,"key":"Sundial"},{"floor":48,"key":"HornCleat"},{"floor":52,"key":"Gremlin Horn"}],"event_choices":[{"cards_removed":["Pain"],"damage_healed":0,"gold_gain":0,"player_choice":"Offered Curse","damage_taken":0,"relics_obtained":["Spirit Poop"],"max_hp_gain":0,"max_hp_loss":0,"event_name":"Bonfire Elementals","floor":21,"gold_loss":0},{"cards_removed":["bronze:Strike"],"damage_healed":0,"gold_gain":0,"player_choice":"Removed Attack","damage_taken":0,"max_hp_gain":0,"max_hp_loss":0,"event_name":"Falling","floor":37,"gold_loss":0},{"damage_healed":0,"gold_gain":0,"player_choice":"Fight","damage_taken":0,"max_hp_gain":0,"max_hp_loss":0,"event_name":"Mysterious Sphere","floor":38,"gold_loss":0}],"is_beta":false,"boss_relics":[{"not_picked":["Empty Cage","expansioncontent:StudyCardRelic"],"picked":"Busted Crown"},{"not_picked":["bronze:PlatinumCore","Coffee Dripper"],"picked":"Fusion Hammer"}],"items_purged_floors":[29],"is_endless":false,"potions_floor_spawned":[2,8,9,12,15,16,19,20,23,27,31,40,49],"killed_by":"downfall:NeowBossFinal","ascension_level":3}}