{"host":"5i902d4kyq17lzic","time":1611469601,"event":{"mods":["BaseMod","BetterRewards","Colored Powertips","Dio Mod","Duelist Mod","Hermit","Minty Spire (QoL Compilation)","Shop Mod","StSLib","Td1madao Mod","The Cursed","The Marked","The Problem Sleuth","The Sage","The Servant 0.9.4"],"gold_per_floor":[135,135,135,135,149,149,168,168,168,183,213,213,213,213,213,313,313,330,330,330,330,348,348,30,30,30,30,43,58,13,30,30,30,30],"floor_reached":33,"language":"ENG","playtime":1712,"items_purged":[],"score":243,"play_id":"7cc28477-3f37-4f2a-a272-8c96162f2e8a","local_time":"20210123222641","is_ascension_mode":false,"campfire_choices":[{"data":"theDuelist:Sparks","floor":6.0,"key":"SMITH"},{"data":"theDuelist:MiraculousDescent","floor":8.0,"key":"SMITH"},{"floor":13.0,"key":"REST"},{"floor":15.0,"key":"REST"},{"data":"theDuelist:CastleWalls","floor":23.0,"key":"SMITH"},{"data":"theDuelist:CyberDragonDrei","floor":25.0,"key":"SMITH"},{"data":"theDuelist:AncientGearGadjiltron","floor":27.0,"key":"SMITH"},{"floor":32.0,"key":"REST"}],"circlet_count":0,"master_deck":["theDuelist:BabyDragon","theDuelist:CastleWalls+1","theDuelist:CastleWalls","theDuelist:CaveDragon","theDuelist:CaveDragon","theDuelist:LesserDragon","theDuelist:LesserDragon","theDuelist:Sparks+1","theDuelist:Sparks","theDuelist:YamataDragon","theDuelist:MirageDragon","theDuelist:DeltaMagnet","theDuelist:SummoningCurse","theDuelist:ThunderDragon","theDuelist:MiraculousDescent+1","theDuelist:GravityLash","theDuelist:CurseDragon","Parasite","theDuelist:BerserkScales","theDuelist:AncientGearGadjiltron+1","theDuelist:AncientDragon+1","theDuelist:CyberDragonDrei+1","theDuelist:CyberDragonSieger","theDuelist:RedDragonArchfiend+1","theDuelist:CyberDragonNachster+1","theDuelist:FiveHeaded"],"relics":["theDuelist:MillenniumPuzzle","theDuelist:CardPoolRelic","theDuelist:CardPoolBasicRelic","theDuelist:BoosterPackPoolRelic","theDuelist:CardPoolAddRelic","theDuelist:CardPoolMinusRelic","theDuelist:CardPoolSaveRelic","theDuelist:CardPoolOptionsRelic","theDuelist:MillenniumSymbol","theDuelist:GiftAnubis","MealTicket","sagemod:Red_Beast_Statue","sagemod:Falmels_Amulet","theDuelist:MonsterEggRelic","MerchantsRug","Lee\u0027s Waffle","Toxic Egg 2"],"acts_visited":["Exordium","TheCity"],"potions_floor_usage":[],"damage_taken":[{"damage":11.0,"enemies":"Jaw Worm","floor":1.0,"turns":2.0},{"damage":15.0,"enemies":"Small Slimes","floor":5.0,"turns":4.0},{"damage":9.0,"enemies":"2 Louse","floor":7.0,"turns":3.0},{"damage":11.0,"enemies":"2 Fungi Beasts","floor":10.0,"turns":3.0},{"damage":22.0,"enemies":"3 Sentries","floor":11.0,"turns":7.0},{"damage":44.0,"enemies":"The Guardian","floor":16.0,"turns":13.0},{"damage":40.0,"enemies":"2 Thieves","floor":18.0,"turns":4.0},{"damage":18.0,"enemies":"Spheric Guardian","floor":22.0,"turns":4.0},{"damage":41.0,"enemies":"Centurion and Healer","floor":28.0,"turns":9.0},{"damage":21.0,"enemies":"Chosen and Byrds","floor":29.0,"turns":4.0},{"damage":19.0,"enemies":"Shelled Parasite and Fungi","floor":31.0,"turns":3.0},{"damage":0,"enemies":"Collector","floor":33,"turns":1}],"seed_played":"5807947818884650839","potions_obtained":[{"floor":5.0,"key":"Energy Potion"},{"floor":10.0,"key":"theDuelist:BabyPotion"},{"floor":16.0,"key":"FairyPotion"},{"floor":29.0,"key":"LiquidMemories"},{"floor":31.0,"key":"PowerPotion"}],"is_trial":false,"path_per_floor":["M","?","?","?","M","R","M","R","T","M","E","T","R","?","R","B",null,"M","?","?","T","M","R","$","R","T","R","M","M","$","M","R","B"],"character_chosen":"THE_DUELIST","items_purchased":["MerchantsRug","Lee\u0027s Waffle","theDuelist:CyberDragonDrei","theDuelist:CyberDragonNachster+1"],"campfire_rested":3,"item_purchase_floors":[24,24,24,30],"current_hp_per_floor":[77,77,77,77,62,62,53,53,53,42,20,20,46,68,88,44,88,48,48,48,48,30,30,91,91,91,91,50,29,44,25,52,52,52],"gold":30,"neow_bonus":"TEN_PERCENT_HP_BONUS","is_daily":false,"chose_seed":false,"campfire_upgraded":5,"win_rate":0.0,"timestamp":1611469601,"path_taken":["M","?","?","?","M","R","M","R","T","M","E","?","R","?","R","BOSS","M","?","?","?","M","R","?","R","T","R","M","M","$","?","R","BOSS"],"items_purchased_type":["Relic","Relic","Card","Card"],"build_version":"2020-12-22","purchased_purges":0,"victory":false,"max_hp_per_floor":[88,88,88,88,88,88,88,88,88,88,88,88,88,88,88,88,88,88,84,84,84,84,84,91,91,91,91,91,91,91,91,91,91,91],"card_choices":[{"not_picked":["theDuelist:Pyrorex","theDuelist:MadSwordBeast","theDuelist:CyberValley","theDuelist:ThunderDragon"],"picked":"theDuelist:MirageDragon","floor":1.0},{"not_picked":["theDuelist:MadSwordBeast","theDuelist:CyberRevsystem","theDuelist:CyberDragonNachster","theDuelist:GiantRex"],"picked":"theDuelist:ThunderDragon","floor":5.0},{"not_picked":["theDuelist:Mountain","theDuelist:JurassicImpact","theDuelist:CyberLaserDragon","theDuelist:TotemDragon"],"picked":"theDuelist:MiraculousDescent","floor":7.0},{"not_picked":["theDuelist:TailSwipe","theDuelist:UltraEvolutionPill","theDuelist:FangCritias","theDuelist:Scapegoat"],"picked":"theDuelist:GravityLash","floor":10.0},{"not_picked":["theDuelist:LesserDragon","theDuelist:BlackStego","theDuelist:BlackBrutdrago","theDuelist:YamataDragon"],"picked":"theDuelist:CurseDragon","floor":11.0},{"not_picked":["theDuelist:SurvivalFittest","theDuelist:OceanDragonLord","theDuelist:CyberDragonInfinity","theDuelist:BlueDuston"],"picked":"theDuelist:BerserkScales","floor":16.0},{"not_picked":["theDuelist:YamataDragon","theDuelist:TornadoDragon","theDuelist:MirageDragon","theDuelist:AncientRules"],"picked":"theDuelist:AncientGearGadjiltron","floor":18.0},{"not_picked":["theDuelist:Pyrorex","theDuelist:ArtifactIgnition","theDuelist:FiendSkull","theDuelist:Carboneddon+1"],"picked":"theDuelist:AncientDragon+1","floor":22.0},{"not_picked":["theDuelist:WhiteHornDragon","theDuelist:CyberLaserDragon","theDuelist:AutorokketDragon+1","theDuelist:DragonMirror"],"picked":"theDuelist:CyberDragonSieger","floor":28.0},{"not_picked":["theDuelist:MadSwordBeast","theDuelist:AquaDolphin+1","theDuelist:CyberDinosaur","theDuelist:SnowDragon+1"],"picked":"theDuelist:RedDragonArchfiend+1","floor":29.0},{"not_picked":["theDuelist:OceanDragonLord+1","theDuelist:LostWorld"],"picked":"theDuelist:FiveHeaded","floor":31.0}],"player_experience":31157,"relics_obtained":[{"floor":9.0,"key":"theDuelist:GiftAnubis"},{"floor":11.0,"key":"MealTicket"},{"floor":12.0,"key":"sagemod:Red_Beast_Statue"},{"floor":21.0,"key":"theDuelist:MonsterEggRelic"},{"floor":26.0,"key":"Toxic Egg 2"}],"event_choices":[{"damage_healed":0.0,"max_hp_gain":0.0,"max_hp_loss":0.0,"gold_gain":0.0,"event_name":"Egyptian Village","player_choice":"Delta Electro","duelist":true,"floor":2.0,"gold_loss":0.0,"damage_taken":0.0,"cards_obtained":["Delta Electromagnet Warrior"]},{"damage_healed":0.0,"max_hp_gain":0.0,"max_hp_loss":0.0,"gold_gain":0.0,"event_name":"Millennium Items","player_choice":"Took item - Received: Millennium Symbol","duelist":true,"floor":3.0,"gold_loss":0.0,"damage_taken":0.0},{"damage_healed":0.0,"max_hp_gain":0.0,"max_hp_loss":0.0,"gold_gain":0.0,"event_name":"Golden Idol","player_choice":"Ignored","floor":4.0,"gold_loss":0.0,"damage_taken":0.0},{"damage_healed":22.0,"max_hp_gain":0.0,"max_hp_loss":0.0,"gold_gain":0.0,"event_name":"Mushrooms","player_choice":"Healed and dodged fight","floor":14.0,"gold_loss":0.0,"damage_taken":0.0,"cards_obtained":["Parasite"]},{"damage_healed":0.0,"max_hp_gain":0.0,"max_hp_loss":0.0,"gold_gain":0.0,"event_name":"Aknamkanon\u0027s Tomb","player_choice":"Brew - 2x Potion Slots","duelist":true,"floor":19.0,"gold_loss":0.0,"damage_taken":0.0}],"is_beta":false,"boss_relics":[{"not_picked":["Runic Pyramid","Cursed Key"],"picked":"sagemod:Falmels_Amulet"}],"items_purged_floors":[],"is_endless":false,"potions_floor_spawned":[5,10,16,29,31],"killed_by":"Collector","ascension_level":0}}