{"host":"yq2wmfr0u0wuvxc0","time":1611482621,"event":{"mods":["Act Like it!","BaseMod","Curses Come First","Downfall","Friendly Minions","Gensokyo","Hero for Fun","Hubris","Minty Spire (QoL Compilation)","Shop Mod","StSLib","vexMod"],"gold_per_floor":[99,118,137,157,173,273,273,288,388,403,403,403,522,335,350,300,300,300],"floor_reached":16,"language":"ZHS","playtime":1422,"items_purged":["hexamod:Defend"],"score":96,"play_id":"36bd0291-fa38-45be-9053-4af9c98e2b95","local_time":"20210124020341","is_ascension_mode":false,"campfire_choices":[{"data":"hexamod:Float","floor":1,"key":"SMITH"}],"circlet_count":0,"master_deck":["hexamod:Strike","hexamod:Strike","hexamod:Defend","hexamod:Defend","hexamod:Defend","hexamod:Sear","hexamod:Float+1","hexamod:BurningTouch+1","hexamod:EmpoweredFlame","hexamod:PhantomCloak","hexamod:BurningTouch","hexamod:ShieldOfDarkness+1","hexamod:RetreatToShadows+1","hexamod:EmpoweredFlame","hexamod:ChargedBarrage+1","hexamod:HeatShield+1","hexamod:NightmareStrike","hexamod:FastForward+1","hexamod:DynamicBlow","hexamod:InspiringFlames+1"],"relics":["hexamod:SpiritBrand","Toxic Egg 2","hubris:Towel","hubris:Icosahedron"],"acts_visited":["Exordium"],"potions_floor_usage":[5,9],"damage_taken":[{"damage":0,"enemies":"Small Slimes","floor":2,"turns":3},{"damage":0,"enemies":"Cultist","floor":3,"turns":4},{"damage":1,"enemies":"Jaw Worm","floor":4,"turns":5},{"damage":4,"enemies":"3 Louse","floor":5,"turns":2},{"damage":13,"enemies":"Exordium Wildlife","floor":8,"turns":5},{"damage":20,"enemies":"downfall:Heads","floor":9,"turns":8},{"damage":14,"enemies":"Large Slime","floor":10,"turns":5},{"damage":5,"enemies":"3 Louse","floor":13,"turns":5},{"damage":0,"enemies":"downfall:FleeingMerchant","floor":14,"turns":4},{"damage":0,"enemies":"2 Fungi Beasts","floor":15,"turns":5},{"damage":20,"enemies":"SI_SHIV_ARCHETYPE","floor":16,"turns":7}],"seed_played":"2715177421221119826","potions_obtained":[{"floor":4,"key":"Fire Potion"},{"floor":5,"key":"DistilledChaos"},{"floor":8,"key":"SteroidPotion"},{"floor":15,"key":"Strength Potion"}],"is_trial":false,"path_per_floor":["R","M","M","M","M","?","T","M","?","M","?","?","M","$","M","B"],"character_chosen":"THE_SPIRIT","items_purchased":["hexamod:FastForward+1","hexamod:DynamicBlow"],"campfire_rested":0,"item_purchase_floors":[14,14],"current_hp_per_floor":[77,77,77,76,72,72,72,59,39,25,25,25,20,20,20,0,0,0],"gold":300,"neow_bonus":"TEN_PERCENT_HP_BONUS","is_daily":false,"chose_seed":false,"campfire_upgraded":1,"win_rate":0.0,"timestamp":1611482621,"path_taken":["R","M","M","M","M","?","T","?","?","M","?","?","M","$","M","BOSS"],"items_purchased_type":["Card","Card"],"build_version":"2020-12-22","purchased_purges":1,"victory":false,"max_hp_per_floor":[77,77,77,77,77,77,77,77,77,77,77,77,77,77,77,77,77,77],"card_choices":[{"not_picked":["hexamod:ThermalTransfer","hexamod:BacktrackSmack"],"picked":"hexamod:BurningTouch","floor":2},{"not_picked":["hexamod:Hexaguard","hexamod:HauntingEcho"],"picked":"hexamod:EmpoweredFlame","floor":3},{"not_picked":["hexamod:FastForward","hexamod:Hexaguard"],"picked":"hexamod:PhantomCloak","floor":4},{"not_picked":["hexamod:ThermalTransfer","hexamod:HeatCrush"],"picked":"hexamod:BurningTouch","floor":5},{"not_picked":["hexamod:GhostOfSpireFuture","hexamod:BacktrackSmack"],"picked":"hexamod:ShieldOfDarkness+1","floor":8},{"not_picked":["hexamod:ThermalTransfer","hexamod:HeatMetal"],"picked":"hexamod:RetreatToShadows+1","floor":9},{"not_picked":["hexamod:InspiringFlames+1","hexamod:ShieldOfDarkness+1"],"picked":"hexamod:ChargedBarrage+1","floor":10},{"not_picked":["hexamod:Incineration","hexamod:GhostOfSpirePast"],"picked":"hexamod:HeatShield+1","floor":13},{"not_picked":["hexamod:NightmareGuise+1","hexamod:HeatShield+1"],"picked":"hexamod:NightmareStrike","floor":14},{"not_picked":["hexamod:GhostShield+1","hexamod:HeatMetal"],"picked":"hexamod:InspiringFlames+1","floor":15}],"player_experience":234162,"relics_obtained":[{"floor":7,"key":"Toxic Egg 2"}],"event_choices":[],"is_beta":false,"boss_relics":[],"items_purged_floors":[14],"is_endless":false,"potions_floor_spawned":[4,5,8,15],"killed_by":"SI_SHIV_ARCHETYPE","ascension_level":0}}