{"host":"mbj2cbgnaexp1bjw","time":1611470740,"event":{"mods":["BaseMod","DNKmod","Downfall","Friendly Minions","Grow up Mod","Highlight Path","Minty Spire (QoL Compilation)","Remove Card Discount Mod","Spicy Shops","StSLib"],"gold_per_floor":[1016,1026,1104,1114,1132,1163,1163,1190,1213,1238,1163,1174,1191,1220,1170,1273,1273,1288,1308,1308,1340,1354,1304,1338,1288,1288,624,650,665,693,716,678,785,797,827,839,869,881,912,874,913,943,1005,1045,1007,1032,1075,1111,1073,1085,1097,1059,212,238,238],"floor_reached":56,"language":"ZHS","playtime":3046,"items_purged":["Writhe","Doubt","Slimebound:Tackle","Slimebound:CorrosiveSpit","Slimebound:AcidTongue","Slimebound:Strike_Slimebound","Slimebound:Strike_Slimebound","Slimebound:Strike_Slimebound","downfall:Malfunctioning","downfall:Malfunctioning","Shame"],"score":1580,"play_id":"1fac163f-856a-46e9-b32d-74db1a66200f","local_time":"20210124144540","is_ascension_mode":true,"campfire_choices":[{"data":"Slimebound:LeadByExample","floor":7.0,"key":"SMITH"},{"data":"Slimebound:LeadByExample","floor":15.0,"key":"SMITH"},{"data":"Slimebound:SelfFormingGoo","floor":23,"key":"SMITH"},{"floor":25,"key":"RECALL"},{"data":"Slimebound:SelfFormingGoo","floor":32,"key":"SMITH"},{"data":"Slimebound:SelfFormingGoo","floor":40,"key":"SMITH"},{"data":"Slimebound:LevelUp","floor":45,"key":"SMITH"},{"data":"Slimebound:Replication","floor":49,"key":"SMITH"},{"data":"Slimebound:SlimeBarrage","floor":52,"key":"SMITH"}],"circlet_count":0,"master_deck":["Slimebound:Defend_Slimebound","Slimebound:Defend_Slimebound","Slimebound:Defend_Slimebound","Slimebound:Defend_Slimebound","Slimebound:Split","Thinking Ahead","Slimebound:LeadByExample+1","Slimebound:SplitBruiser","Slimebound:SplitMire","Slimebound:SplitAcid+1","Slimebound:LivingWall","Slimebound:Equalize","Slimebound:LeadByExample+1","Slimebound:SplitAcid+1","Slimebound:SelfFormingGoo+1","Slimebound:LevelUp+1","Slimebound:ForwardTackle","Slimebound:Replication+1","Slimebound:SplitLeeching","Slimebound:SlimeTap+1","Slimebound:RallyTheTroops","Slimebound:SelfFormingGoo+1","Slimebound:SlimeBarrage+1","Slimebound:SplitLeeching","Slimebound:Repurpose","Slimebound:Teamwork","Metamorphosis","Slimebound:Schlurp","Slimebound:SplitBruiser+1","Slimebound:LevelUp+1","Slimebound:MinionMaster+1","Slimebound:HauntingLick+1","Slimebound:SelfFormingGoo+1","Slimebound:SlimeBarrage+1","Slimebound:SlimeTap+1","Slimebound:SlimeBarrage","Slimebound:PressTheAttack+1","Slimebound:ProtectTheBoss"],"relics":["Slimebound:AbsorbEndCombat","Vajra","Tiny Chest","Bag of Marbles","Slimebound:GreedOozeRelic","Nunchaku","Cursed Key","HornCleat","Red Mask","Strawberry","Potion Belt","Question Card","Orrery","Ornamental Fan","Eternal Feather","MawBank","Black Star","Slimebound:MaxSlimesRelic","Pen Nib","Slimebound:AggressiveSlimeRelic","InkBottle","Ancient Tea Set","War Paint","Toxic Egg 2","Lantern","Bottled Flame","Boot","Oddly Smooth Stone","Sling","Medical Kit","Thread and Needle","Bronze Scales"],"acts_visited":["Exordium","TheCity","TheBeyond","TheEnding"],"potions_floor_usage":[55,55,55,55,55],"damage_taken":[{"damage":5.0,"enemies":"Small Slimes","floor":1.0,"turns":3.0},{"damage":0.0,"enemies":"Jaw Worm","floor":2.0,"turns":3.0},{"damage":0.0,"enemies":"2 Louse","floor":4.0,"turns":1.0},{"damage":7.0,"enemies":"Blue Slaver","floor":5.0,"turns":2.0},{"damage":19.0,"enemies":"Lagavulin","floor":6.0,"turns":4.0},{"damage":4.0,"enemies":"3 Sentries","floor":8.0,"turns":4.0},{"damage":4.0,"enemies":"Lagavulin","floor":10.0,"turns":4.0},{"damage":0.0,"enemies":"Large Slime","floor":12.0,"turns":3.0},{"damage":0.0,"enemies":"Gremlin Gang","floor":13.0,"turns":2.0},{"damage":4.0,"enemies":"3 Sentries","floor":14.0,"turns":3.0},{"damage":121.0,"enemies":"Hexaghost","floor":16.0,"turns":6.0},{"damage":12.0,"enemies":"Shell Parasite","floor":18.0,"turns":4.0},{"damage":5.0,"enemies":"Chosen","floor":19.0,"turns":4.0},{"damage":0.0,"enemies":"Masked Bandits","floor":21.0,"turns":2.0},{"damage":9,"enemies":"3 Cultists","floor":22,"turns":4},{"damage":11,"enemies":"Book of Stabbing","floor":24,"turns":4},{"damage":19,"enemies":"Slavers","floor":28,"turns":3},{"damage":0,"enemies":"Snake Plant","floor":29,"turns":2},{"damage":0,"enemies":"Gremlin Leader","floor":30,"turns":5},{"damage":27,"enemies":"Champ","floor":33,"turns":6},{"damage":0,"enemies":"Orb Walker","floor":35,"turns":2},{"damage":2,"enemies":"3 Darklings","floor":37,"turns":3},{"damage":14,"enemies":"4 Shapes","floor":39,"turns":2},{"damage":10,"enemies":"Nemesis","floor":41,"turns":5},{"damage":0,"enemies":"Sphere and 2 Shapes","floor":42,"turns":3},{"damage":3,"enemies":"Giant Head","floor":44,"turns":5},{"damage":14,"enemies":"Jaw Worm Horde","floor":46,"turns":2},{"damage":0,"enemies":"Nemesis","floor":47,"turns":3},{"damage":0,"enemies":"Donu and Deca","floor":50,"turns":6},{"damage":18,"enemies":"Shield and Spear","floor":54,"turns":3},{"damage":47,"enemies":"The Heart","floor":55,"turns":5}],"seed_played":"8132283765207890190","potions_obtained":[{"floor":1.0,"key":"champ:CounterPotion"},{"floor":5.0,"key":"SteroidPotion"},{"floor":8.0,"key":"LiquidBronze"},{"floor":12.0,"key":"Fire Potion"},{"floor":16.0,"key":"Fire Potion"},{"floor":28,"key":"LiquidBronze"},{"floor":29,"key":"Fire Potion"},{"floor":41,"key":"Strength Potion"},{"floor":44,"key":"SteroidPotion"},{"floor":47,"key":"Fire Potion"},{"floor":54,"key":"FearPotion"}],"is_trial":false,"path_per_floor":["M","M","?","M","M","E","R","E","T","E","?","M","M","E","R","B",null,"M","M","?","?","M","R","E","R","T","$","E","M","E","T","R","B",null,"M","?","M","?","M","R","E","M","T","E","R","M","E","T","R","B",null,"R","$","E","B",null],"character_chosen":"SLIMEBOUND","items_purchased":["Question Card","Slimebound:RallyTheTroops","Orrery","Metamorphosis","Bottled Flame","Boot","Oddly Smooth Stone","Sling","Medical Kit"],"campfire_rested":0,"item_purchase_floors":[27,27,27,27,53,53,53,53,53],"current_hp_per_floor":[89,105,115,127,132,129,139,153,163,185,195,211,225,241,251,156,280,280,295,305,319,323,333,353,363,373,383,378,390,404,414,437,428,457,467,477,487,497,495,517,526,537,547,554,567,563,577,587,607,617,627,637,647,639,614],"gold":238,"neow_bonus":"RANDOM_COLORLESS_2","is_daily":false,"chose_seed":false,"campfire_upgraded":8,"win_rate":0.0,"timestamp":1611470740,"path_taken":["M","M","?","M","M","E","R","E","T","E","?","M","M","E","R","BOSS","M","M","?","?","M","R","E","R","T","$","E","M","E","?","R","BOSS","M","?","?","?","M","R","E","M","T","E","R","M","E","?","R","BOSS","R","$","E","BOSS"],"items_purchased_type":["Relic","Card","Relic","Card","Relic","Relic","Relic","Relic","Relic"],"build_version":"2020-12-22","purchased_purges":11,"victory":true,"max_hp_per_floor":[120,130,140,150,160,170,180,190,200,210,220,230,240,250,260,270,280,290,300,310,320,330,340,357,367,377,387,397,407,417,427,437,447,457,467,477,487,497,507,517,527,537,547,557,567,577,587,597,607,617,627,637,647,657,667],"card_choices":[{"not_picked":["Mayhem","Metamorphosis"],"picked":"Thinking Ahead","floor":0.0},{"not_picked":["Slimebound:Schlurp","Slimebound:SlimeTap"],"picked":"Slimebound:LeadByExample","floor":1.0},{"not_picked":["Slimebound:SlimeSpikes","Slimebound:RainOfGoop"],"picked":"Slimebound:SplitBruiser","floor":2.0},{"not_picked":["Slimebound:GoopSpray","Slimebound:ComboTackle"],"picked":"Slimebound:SplitMire","floor":4.0},{"not_picked":["Slimebound:LeechLife","Slimebound:LeechEnergy"],"picked":"Slimebound:SplitAcid","floor":5.0},{"not_picked":["Slimebound:ViciousTackle","Slimebound:HauntingLick"],"picked":"Slimebound:LivingWall","floor":6.0},{"not_picked":["Slimebound:GrowthPunch","Slimebound:GoopSpray"],"picked":"Slimebound:Equalize","floor":8.0},{"not_picked":["Slimebound:Schlurp","Slimebound:MegaLick"],"picked":"Slimebound:LeadByExample","floor":10.0},{"not_picked":["Slimebound:Prepare","Slimebound:LivingWall"],"picked":"Slimebound:SplitAcid","floor":12.0},{"not_picked":["Slimebound:SlimeBrawl","Slimebound:FinishingTackle","Slimebound:HauntingLick"],"picked":"SKIP","floor":13.0},{"not_picked":["Slimebound:LeechEnergy","Slimebound:RollThrough"],"picked":"Slimebound:AcidTongue","floor":14.0},{"not_picked":["Slimebound:SlimeSlap","Slimebound:WasteNot"],"picked":"Slimebound:SelfFormingGoo","floor":16.0},{"not_picked":["Slimebound:HauntingLick+1","Slimebound:FlameTackle+1"],"picked":"Slimebound:LevelUp","floor":18.0},{"not_picked":["Slimebound:GoopSpray","Slimebound:ComboTackle"],"picked":"Slimebound:ForwardTackle","floor":19.0},{"not_picked":["Slimebound:ItLooksTasty","Slimebound:SlimeSpikes"],"picked":"Slimebound:Replication","floor":21.0},{"not_picked":["Slimebound:BestDefense+1","Slimebound:LeechEnergy"],"picked":"Slimebound:SplitLeeching","floor":22},{"not_picked":["Slimebound:FinishingTackle","Slimebound:Schlurp"],"picked":"Slimebound:SlimeTap+1","floor":24},{"not_picked":["Slimebound:Repurpose","Slimebound:PressTheAttack","Slimebound:Prepare"],"picked":"Slimebound:SelfFormingGoo","floor":27},{"not_picked":["Slimebound:SlimeBrawl","Slimebound:GoopSpray","Slimebound:LeechEnergy+1"],"picked":"Slimebound:SlimeBarrage+1","floor":27},{"not_picked":["Slimebound:Dissolve+1","Slimebound:FinishingTackle+1","Slimebound:BestDefense"],"picked":"Slimebound:SplitLeeching","floor":27},{"not_picked":["Slimebound:DuplicatedForm","Slimebound:ForwardTackle+1","Slimebound:SlimeSpikes+1"],"picked":"Slimebound:Repurpose","floor":27},{"not_picked":["Slimebound:PressTheAttack+1","Slimebound:ForwardTackle","Slimebound:SlimeBarrage"],"picked":"Slimebound:Teamwork","floor":27},{"not_picked":["Slimebound:Dissolve+1","Slimebound:Nibble","Slimebound:RejuvenatingLick"],"picked":"Slimebound:Schlurp","floor":28},{"not_picked":["Slimebound:Dissolve","Slimebound:BestDefense+1","Slimebound:SamplingLick"],"picked":"Slimebound:SplitBruiser+1","floor":29},{"not_picked":["Slimebound:LeechingTouch","Slimebound:Replication","Slimebound:Gluttony"],"picked":"Slimebound:LevelUp+1","floor":30},{"not_picked":["Slimebound:OozeBath","Slimebound:DouseInSlime","Slimebound:MassFeed"],"picked":"Slimebound:MinionMaster","floor":33},{"not_picked":["Slimebound:Chomp","Slimebound:DisruptingSlam+1","Slimebound:LeechingTouch+1"],"picked":"Slimebound:HauntingLick+1","floor":35},{"not_picked":["Slimebound:MegaLick","Slimebound:LeechEnergy","Slimebound:ComboTackle","Slimebound:PressTheAttack+1"],"picked":"SKIP","floor":37},{"not_picked":["Slimebound:Prepare+1","Slimebound:FinishingTackle","Slimebound:LeechingTouch"],"picked":"Slimebound:SlimeBarrage","floor":39},{"not_picked":["Slimebound:Schlurp","Slimebound:LivingWall+1","Slimebound:Replication+1"],"picked":"Slimebound:SlimeTap+1","floor":41},{"not_picked":["Slimebound:LeechingTouch","Slimebound:SplitAcid","Slimebound:DuplicatedForm","Slimebound:SlimeSpikes+1"],"picked":"SKIP","floor":42},{"not_picked":["Slimebound:PressTheAttack","Slimebound:FlameTackle+1","Slimebound:SlimeSpikes"],"picked":"Slimebound:SlimeBarrage","floor":44},{"not_picked":["Slimebound:LeechEnergy+1","Slimebound:Prepare","Slimebound:RollThrough+1"],"picked":"Slimebound:PressTheAttack+1","floor":46},{"not_picked":["Slimebound:AcidTongue+1","Slimebound:FormOfPuddle+1","Slimebound:SplitAcid+1"],"picked":"Slimebound:ProtectTheBoss","floor":47},{"not_picked":["Slimebound:TongueLash+1","Slimebound:LeechingTouch","Slimebound:SplitLeeching+1","Slimebound:Schlurp+1"],"picked":"SKIP","floor":54}],"player_experience":103656,"relics_obtained":[{"floor":6.0,"key":"Vajra"},{"floor":8.0,"key":"Tiny Chest"},{"floor":10.0,"key":"Bag of Marbles"},{"floor":14.0,"key":"Nunchaku"},{"floor":21.0,"key":"Red Mask"},{"floor":24,"key":"Strawberry"},{"floor":26,"key":"Potion Belt"},{"floor":28,"key":"Ornamental Fan"},{"floor":30,"key":"Eternal Feather"},{"floor":31,"key":"MawBank"},{"floor":41,"key":"Slimebound:MaxSlimesRelic"},{"floor":41,"key":"Pen Nib"},{"floor":43,"key":"Slimebound:AggressiveSlimeRelic"},{"floor":44,"key":"InkBottle"},{"floor":44,"key":"Ancient Tea Set"},{"floor":47,"key":"War Paint"},{"floor":47,"key":"Toxic Egg 2"},{"floor":48,"key":"Lantern"},{"floor":54,"key":"Thread and Needle"},{"floor":54,"key":"Bronze Scales"}],"event_choices":[{"damage_healed":0.0,"max_hp_gain":0.0,"max_hp_loss":0.0,"gold_gain":78.0,"event_name":"Golden Wing","player_choice":"Gained Gold","floor":3.0,"gold_loss":0.0,"damage_taken":0.0},{"damage_healed":0.0,"max_hp_gain":0.0,"max_hp_loss":0.0,"gold_gain":0.0,"event_name":"The Mausoleum","player_choice":"Opened","floor":20.0,"gold_loss":0.0,"damage_taken":0.0,"relics_obtained":["HornCleat"],"cards_obtained":["Writhe"]},{"damage_healed":0.0,"max_hp_gain":0.0,"max_hp_loss":0.0,"gold_gain":0.0,"event_name":"Masked Bandits","player_choice":"Fought Bandits","floor":21.0,"gold_loss":0.0,"damage_taken":0.0},{"damage_healed":0,"gold_gain":0,"player_choice":"1 cards matched","damage_taken":0,"max_hp_gain":0,"max_hp_loss":0,"event_name":"Match and Keep!","floor":36,"gold_loss":0,"cards_obtained":["Slimebound:SelfFormingGoo"]},{"damage_healed":0,"gold_gain":0,"player_choice":"Upgraded","damage_taken":0,"max_hp_gain":0,"max_hp_loss":0,"event_name":"Upgrade Shrine","floor":38,"gold_loss":0,"cards_upgraded":["Slimebound:MinionMaster"]}],"is_beta":false,"boss_relics":[{"not_picked":["Philosopher\u0027s Stone","Runic Dome"],"picked":"Cursed Key"},{"not_picked":["Runic Pyramid","Slimebound:TarBlob"],"picked":"Black Star"}],"items_purged_floors":[27,27,27,27,27,27,27,27,53,53,53],"is_endless":false,"potions_floor_spawned":[1,5,8,12,13,14,16,18,28,29,41,44,47,54],"ascension_level":1}}