{"host":"pe7ycb8t2t906so2","time":1611518928,"event":{"mods":["BaseMod","Colored Map","Highlight Path","Minty Spire (QoL Compilation)"],"gold_per_floor":[115,115,115,134,148,73,73,91,91,106,106,6,23,23,23,119,119,133,148,167,181,192,226,238,1,1,12,12,25,25,44,44,144,144,164,191,48,48,61,61,73,123,123,143,143,162,162,162,162,162],"floor_reached":51,"language":"FRA","playtime":3715,"items_purged":["Strike_G","Strike_G","Strike_G"],"score":950,"play_id":"a1aa1730-314f-455d-9aaa-ef023899b4cf","local_time":"20210124150848","is_ascension_mode":true,"campfire_choices":[{"data":"Endless Agony","floor":11,"key":"SMITH"},{"data":"Blade Dance","floor":15,"key":"SMITH"},{"data":"Phantasmal Killer","floor":24,"key":"SMITH"},{"floor":30,"key":"REST"},{"data":"Terror","floor":32,"key":"SMITH"},{"data":"After Image","floor":40,"key":"SMITH"},{"data":"Burst","floor":45,"key":"SMITH"},{"data":"Survivor","floor":47,"key":"SMITH"},{"floor":49,"key":"REST"}],"circlet_count":0,"master_deck":["Defend_G","Defend_G","Defend_G","Survivor+1","Neutralize","Blade Dance+1","Endless Agony+1","Backflip","Backstab","Backflip","Phantasmal Killer+1","Caltrops","Blade Dance","Burst+1","Cloak And Dagger+1","Slice","Bandage Up","Prepared","Terror+1","Blade Dance","After Image+1","Accuracy+1","Wraith Form v2+1","Infinite Blades+1","Slice","Blade Dance+1","Dodge and Roll+1","Endless Agony","Prepared+1","Calculated Gamble+1"],"relics":["Ring of the Snake","Blood Vial","Tiny Chest","Gremlin Horn","Smiling Mask","WristBlade","MawBank","Sundial","Astrolabe","Vajra","Akabeko","Peace Pipe","Toxic Egg 2","Strawberry"],"acts_visited":["Exordium","TheCity","TheBeyond"],"potions_floor_usage":[16,16,16,23,33,33,50],"damage_taken":[{"damage":4,"enemies":"Small Slimes","floor":1,"turns":8},{"damage":4,"enemies":"2 Louse","floor":4,"turns":3},{"damage":0,"enemies":"Cultist","floor":5,"turns":4},{"damage":21,"enemies":"Large Slime","floor":8,"turns":8},{"damage":0,"enemies":"Lots of Slimes","floor":10,"turns":3},{"damage":0,"enemies":"Looter","floor":13,"turns":3},{"damage":26,"enemies":"Slime Boss","floor":16,"turns":10},{"damage":1,"enemies":"3 Byrds","floor":18,"turns":3},{"damage":4,"enemies":"Shell Parasite","floor":19,"turns":3},{"damage":1,"enemies":"Centurion and Healer","floor":20,"turns":5},{"damage":7,"enemies":"Chosen and Byrds","floor":21,"turns":2},{"damage":15,"enemies":"Shelled Parasite and Fungi","floor":22,"turns":4},{"damage":0,"enemies":"Gremlin Leader","floor":23,"turns":5},{"damage":23,"enemies":"Cultist and Chosen","floor":27,"turns":5},{"damage":0,"enemies":"Sentry and Sphere","floor":29,"turns":2},{"damage":12,"enemies":"Snake Plant","floor":31,"turns":2},{"damage":13,"enemies":"Collector","floor":33,"turns":3},{"damage":42,"enemies":"3 Darklings","floor":35,"turns":4},{"damage":0,"enemies":"Orb Walker","floor":39,"turns":1},{"damage":3,"enemies":"Sphere and 2 Shapes","floor":41,"turns":4},{"damage":14,"enemies":"Mind Bloom Boss Battle","floor":42,"turns":5},{"damage":0,"enemies":"Transient","floor":44,"turns":5},{"damage":13,"enemies":"Maw","floor":46,"turns":5},{"damage":32,"enemies":"Donu and Deca","floor":50,"turns":6}],"seed_played":"4756072015991247283","potions_obtained":[{"floor":1,"key":"Regen Potion"},{"floor":8,"key":"Strength Potion"},{"floor":10,"key":"DuplicationPotion"},{"floor":21,"key":"Dexterity Potion"},{"floor":23,"key":"CultistPotion"},{"floor":31,"key":"GamblersBrew"},{"floor":33,"key":"FairyPotion"},{"floor":35,"key":"BlessingOfTheForge"},{"floor":44,"key":"Weak Potion"}],"is_trial":false,"path_per_floor":["M","?","?","M","M","$","?","M","T","M","R","$","M","T","R","B",null,"M","M","M","M","M","E","R","$","T","M","?","M","R","M","R","B",null,"M","T","$","?","M","R","M","?","T","M","R","M","R","T","R","B",null],"character_chosen":"THE_SILENT","items_purchased":["Slice","Bandage Up","Prepared","Akabeko"],"campfire_rested":2,"item_purchase_floors":[25,25,25,37],"current_hp_per_floor":[61,61,61,59,61,61,54,35,35,37,37,37,39,39,39,30,60,61,59,60,55,42,44,44,44,44,27,27,33,54,44,44,37,62,26,26,26,61,61,61,58,47,47,53,53,46,46,53,68,40],"gold":162,"neow_bonus":"RANDOM_COMMON_RELIC","is_daily":false,"chose_seed":false,"campfire_upgraded":7,"win_rate":0.0,"timestamp":1611518928,"path_taken":["M","?","?","M","?","$","?","M","T","M","R","$","M","?","R","BOSS","M","?","?","M","M","E","R","$","T","M","?","M","R","M","R","BOSS","M","?","$","?","M","R","M","?","T","M","R","?","R","?","R","BOSS"],"items_purchased_type":["Card","Card","Card","Relic"],"build_version":"2020-12-22","purchased_purges":3,"victory":true,"max_hp_per_floor":[70,70,70,70,70,70,70,70,70,70,70,70,70,70,70,70,70,70,70,70,70,70,70,70,70,70,70,70,70,70,70,70,70,70,70,70,70,61,61,61,61,61,61,61,61,61,61,68,68,68],"card_choices":[{"not_picked":["Reflex","Dagger Throw"],"picked":"Sucker Punch","floor":1},{"not_picked":["Quick Slash","Underhanded Strike"],"picked":"Blade Dance","floor":4},{"not_picked":["Reflex","Setup"],"picked":"Endless Agony","floor":5},{"not_picked":["Bane","Underhanded Strike"],"picked":"Backflip","floor":8},{"not_picked":["Poisoned Stab","Noxious Fumes"],"picked":"Backstab","floor":10},{"not_picked":["Dagger Throw","Acrobatics"],"picked":"Backflip","floor":13},{"not_picked":["Corpse Explosion","Malaise"],"picked":"Phantasmal Killer","floor":16},{"not_picked":["Noxious Fumes","Tactician+1","Concentrate"],"picked":"SKIP","floor":18},{"not_picked":["Acrobatics","Deadly Poison+1","Quick Slash"],"picked":"SKIP","floor":19},{"not_picked":["Bane+1","Dagger Throw"],"picked":"Caltrops","floor":20},{"not_picked":["Footwork+1","Flying Knee+1"],"picked":"Blade Dance","floor":21},{"not_picked":["Backflip+1","Slice"],"picked":"Burst","floor":22},{"not_picked":["Slice","Endless Agony"],"picked":"Cloak And Dagger+1","floor":23},{"not_picked":["Calculated Gamble","PiercingWail","Outmaneuver+1"],"picked":"SKIP","floor":27},{"not_picked":["Expertise+1","Acrobatics"],"picked":"Terror","floor":29},{"not_picked":["Dagger Throw","Backflip"],"picked":"Blade Dance","floor":31},{"not_picked":["Doppelganger","A Thousand Cuts"],"picked":"After Image","floor":33},{"not_picked":["Bane+1","Dagger Spray+1"],"picked":"Slice","floor":35},{"not_picked":["Catalyst+1","Choke"],"picked":"Blade Dance+1","floor":39},{"not_picked":["Backstab+1","Flying Knee+1"],"picked":"Dodge and Roll+1","floor":41},{"not_picked":["Underhanded Strike","PiercingWail"],"picked":"Endless Agony","floor":42},{"not_picked":["Dagger Throw+1","Slice+1"],"picked":"Prepared+1","floor":44},{"not_picked":["Infinite Blades+1","Slice"],"picked":"Calculated Gamble+1","floor":46}],"player_experience":934400,"relics_obtained":[{"floor":9,"key":"Gremlin Horn"},{"floor":14,"key":"Smiling Mask"},{"floor":23,"key":"MawBank"},{"floor":26,"key":"Sundial"},{"floor":36,"key":"Vajra"},{"floor":42,"key":"Peace Pipe"},{"floor":43,"key":"Toxic Egg 2"},{"floor":48,"key":"Strawberry"}],"event_choices":[{"damage_healed":0,"gold_gain":0,"player_choice":"Box","damage_taken":0,"relics_obtained":["Tiny Chest"],"max_hp_gain":0,"max_hp_loss":0,"event_name":"Big Fish","floor":2,"gold_loss":0,"cards_obtained":["Regret"]},{"cards_removed":["Regret"],"damage_healed":0,"gold_gain":0,"player_choice":"Purged","damage_taken":0,"max_hp_gain":0,"max_hp_loss":0,"event_name":"Purifier","floor":3,"gold_loss":0},{"cards_removed":["Strike_G"],"damage_healed":0,"gold_gain":0,"player_choice":"Card Removal","damage_taken":7,"max_hp_gain":0,"max_hp_loss":0,"event_name":"Golden Wing","floor":7,"gold_loss":0},{"cards_removed":["Strike_G"],"damage_healed":0,"gold_gain":0,"player_choice":"Purged","damage_taken":0,"max_hp_gain":0,"max_hp_loss":0,"event_name":"Purifier","floor":28,"gold_loss":0},{"damage_healed":61,"gold_gain":0,"player_choice":"Heal","damage_taken":0,"max_hp_gain":0,"max_hp_loss":9,"event_name":"The Moai Head","floor":38,"gold_loss":0},{"damage_healed":0,"gold_gain":0,"player_choice":"Fight","damage_taken":0,"max_hp_gain":0,"max_hp_loss":0,"event_name":"MindBloom","floor":42,"gold_loss":0}],"is_beta":false,"boss_relics":[{"not_picked":["Black Star","Pandora\u0027s Box"],"picked":"WristBlade"},{"not_picked":["Busted Crown","Sozu"],"picked":"Astrolabe"}],"items_purged_floors":[6,12,25],"is_endless":false,"potions_floor_spawned":[1,8,10,21,23,31,33,35,44],"ascension_level":9}}