{"host":"00f1p9ihhzi7hxfk","time":1611489696,"event":{"mods":["AchievementEnabler","BaseMod","Colored Map","Colored Powertips","Minty Spire (QoL Compilation)","Rare Cards Sparkle","Relic Stats"],"gold_per_floor":[109,119,139,154,154,154,166,166,166,180,211,211,231,251,251,356,356,372,471,484,1,1,1,21,21,74,107,107,122,122,122,122,122,122],"floor_reached":33,"language":"DEU","playtime":1558,"items_purged":[],"score":249,"play_id":"8127c55f-8461-41f9-a477-a5f815a05e5f","local_time":"20210124130136","is_ascension_mode":false,"campfire_choices":[{"data":"Anger","floor":6,"key":"SMITH"},{"data":"Inflame","floor":12,"key":"SMITH"},{"data":"Cleave","floor":15,"key":"SMITH"},{"data":"Limit Break","floor":23,"key":"SMITH"},{"floor":25,"key":"REST"},{"data":"Shrug It Off","floor":28,"key":"SMITH"},{"floor":32,"key":"REST"}],"circlet_count":0,"master_deck":["Strike_R","Strike_R","Strike_R","Strike_R","Strike_R","Defend_R","Defend_R","Defend_R","Defend_R","Bash","Anger+1","Shrug It Off+1","Reaper","Cleave+1","Inflame+1","Limit Break+1","CurseOfTheBell","Headbutt","Carnage+1","The Bomb+1","True Grit+1","Clothesline+1","Iron Wave+1","Barricade","Twin Strike"],"relics":["Burning Blood","Bag of Marbles","Eternal Feather","Bottled Flame","Calling Bell","Blood Vial","Matryoshka","Prayer Wheel","Paper Frog","Omamori","War Paint","Red Mask"],"acts_visited":["Exordium","TheCity"],"potions_floor_usage":[11,14],"damage_taken":[{"damage":15,"enemies":"Cultist","floor":1,"turns":4},{"damage":7,"enemies":"2 Louse","floor":2,"turns":3},{"damage":3,"enemies":"Jaw Worm","floor":3,"turns":4},{"damage":3,"enemies":"Blue Slaver","floor":4,"turns":3},{"damage":13,"enemies":"Exordium Wildlife","floor":7,"turns":5},{"damage":10,"enemies":"Looter","floor":10,"turns":3},{"damage":22,"enemies":"3 Sentries","floor":11,"turns":6},{"damage":0,"enemies":"Large Slime","floor":13,"turns":3},{"damage":0,"enemies":"3 Louse","floor":14,"turns":1},{"damage":19,"enemies":"Slime Boss","floor":16,"turns":10},{"damage":26,"enemies":"3 Byrds","floor":18,"turns":5},{"damage":31,"enemies":"Shell Parasite","floor":20,"turns":7},{"damage":34,"enemies":"Centurion and Healer","floor":24,"turns":4},{"damage":30,"enemies":"Masked Bandits","floor":27,"turns":3},{"damage":35,"enemies":"Chosen and Byrds","floor":29,"turns":7},{"damage":75,"enemies":"Collector","floor":33,"turns":5}],"seed_played":"310727272633193662","potions_obtained":[{"floor":3,"key":"Dexterity Potion"},{"floor":10,"key":"LiquidBronze"},{"floor":13,"key":"SteroidPotion"},{"floor":16,"key":"DuplicationPotion"},{"floor":20,"key":"PowerPotion"}],"is_trial":false,"path_per_floor":["M","M","M","M","?","R","M","?","T","M","E","R","M","M","R","B",null,"M","?","M","$","?","R","M","R","T","?","R","M","?","?","R","B"],"character_chosen":"IRONCLAD","items_purchased":["The Bomb","Paper Frog","True Grit"],"campfire_rested":2,"item_purchase_floors":[21,21,21],"current_hp_per_floor":[71,70,73,76,76,76,69,66,66,62,54,63,69,75,80,80,80,75,75,62,62,62,74,55,80,80,56,68,46,46,31,71,0,0],"gold":122,"neow_bonus":"THREE_CARDS","is_daily":false,"chose_seed":false,"campfire_upgraded":5,"win_rate":0.0,"timestamp":1611489696,"path_taken":["M","M","M","M","?","R","M","?","T","M","E","R","M","M","R","BOSS","M","?","M","$","?","R","M","R","T","?","R","?","?","?","R","BOSS"],"items_purchased_type":["Card","Relic","Card"],"build_version":"2020-12-22","purchased_purges":0,"victory":false,"max_hp_per_floor":[80,80,80,80,80,80,80,80,80,80,80,80,80,80,80,80,80,80,80,80,80,80,80,80,80,80,80,80,80,80,85,85,85,85],"relic_stats":{"Blood Vial":8,"counters":[16,73],"Eternal Feather":65,"Prayer Wheel":4,"War Paint":["The Bomb","True Grit"],"obtain_stats":[{"Calling Bell":17,"Blood Vial":17,"Bottled Flame":11,"Matryoshka":17,"Eternal Feather":9,"Prayer Wheel":17,"Bag of Marbles":8,"Omamori":26,"Red Mask":27,"War Paint":26,"Burning Blood":0,"Paper Frog":21},{"Calling Bell":10,"Blood Vial":10,"Bottled Flame":7,"Matryoshka":10,"Eternal Feather":5,"Prayer Wheel":10,"Bag of Marbles":5,"Omamori":13,"Red Mask":14,"War Paint":13,"Burning Blood":0,"Paper Frog":12},{"Calling Bell":42,"Blood Vial":42,"Bottled Flame":28,"Matryoshka":42,"Eternal Feather":19,"Prayer Wheel":42,"Bag of Marbles":19,"Omamori":58,"Red Mask":61,"War Paint":58,"Burning Blood":0,"Paper Frog":54}],"Burning Blood":89},"card_choices":[{"not_picked":["Rupture","Pummel"],"picked":"Anger","floor":0},{"not_picked":["Wild Strike","Perfected Strike"],"picked":"Rage","floor":1},{"not_picked":["Havoc","True Grit"],"picked":"Shrug It Off","floor":2},{"not_picked":["Flex","Sword Boomerang","Metallicize"],"picked":"SKIP","floor":3},{"not_picked":["Burning Pact","Rage","Body Slam"],"picked":"SKIP","floor":4},{"not_picked":["Shrug It Off","Pommel Strike"],"picked":"Reaper","floor":7},{"not_picked":["Pummel","Feel No Pain"],"picked":"Cleave","floor":10},{"not_picked":["Metallicize","Perfected Strike"],"picked":"Inflame","floor":11},{"not_picked":["Power Through","Rupture","Uppercut"],"picked":"SKIP","floor":13},{"not_picked":["Metallicize","Clash","Burning Pact"],"picked":"SKIP","floor":14},{"not_picked":["Bludgeon","Impervious"],"picked":"Limit Break","floor":16},{"not_picked":["Perfected Strike","Berserk"],"picked":"Headbutt","floor":18},{"not_picked":["Shrug It Off","Havoc","Rampage"],"picked":"SKIP","floor":18},{"not_picked":["Clash","Anger"],"picked":"Carnage+1","floor":20},{"not_picked":["Thunderclap","Disarm+1","Body Slam+1"],"picked":"SKIP","floor":20},{"not_picked":["Perfected Strike","Flame Barrier"],"picked":"Clothesline+1","floor":24},{"not_picked":["Dark Embrace","Thunderclap","Anger"],"picked":"SKIP","floor":24},{"not_picked":["Rampage","Wild Strike"],"picked":"Iron Wave+1","floor":27},{"not_picked":["Headbutt","Metallicize"],"picked":"Barricade","floor":29},{"not_picked":["Carnage","Pommel Strike"],"picked":"Twin Strike","floor":29}],"player_experience":69812,"relics_obtained":[{"floor":9,"key":"Eternal Feather"},{"floor":11,"key":"Bottled Flame"},{"floor":17,"key":"Blood Vial"},{"floor":17,"key":"Matryoshka"},{"floor":17,"key":"Prayer Wheel"},{"floor":26,"key":"Omamori"},{"floor":26,"key":"War Paint"},{"floor":27,"key":"Red Mask"}],"event_choices":[{"damage_healed":0,"gold_gain":0,"player_choice":"Grow","damage_taken":0,"max_hp_gain":0,"max_hp_loss":0,"event_name":"Living Wall","floor":5,"gold_loss":0,"cards_upgraded":["Rage"]},{"damage_healed":0,"gold_gain":0,"player_choice":"Success","damage_taken":3,"relics_obtained":["Bag of Marbles"],"max_hp_gain":0,"max_hp_loss":0,"event_name":"Scrap Ooze","floor":8,"gold_loss":0},{"damage_healed":0,"gold_gain":99,"player_choice":"Stole From Cult","damage_taken":0,"max_hp_gain":0,"max_hp_loss":0,"event_name":"Nest","floor":19,"gold_loss":0},{"damage_healed":0,"gold_gain":0,"player_choice":"Fought Bandits","damage_taken":0,"max_hp_gain":0,"max_hp_loss":0,"event_name":"Masked Bandits","floor":27,"gold_loss":0},{"cards_removed":["Rage"],"damage_healed":0,"gold_gain":0,"player_choice":"Elegance","damage_taken":0,"max_hp_gain":0,"max_hp_loss":0,"event_name":"Back to Basics","floor":30,"gold_loss":0},{"damage_healed":0,"gold_gain":0,"player_choice":"Shed Blood","damage_taken":20,"max_hp_gain":5,"max_hp_loss":0,"event_name":"Forgotten Altar","floor":31,"gold_loss":0}],"is_beta":false,"boss_relics":[{"not_picked":["SlaversCollar","SacredBark"],"picked":"Calling Bell"}],"items_purged_floors":[],"is_endless":false,"potions_floor_spawned":[3,10,13,16,20,27,29],"killed_by":"Collector","ascension_level":0}}