{"host":"c2bue2hyafvtxka5","time":1611506216,"event":{"mods":["BaseMod","Hermit","Minty Spire (QoL Compilation)","Replay The Spire","StSLib","SuperFastMode","The Cursed","The Disciple","The Necromancer","The Servant 0.9.4"],"gold_per_floor":[118,128,142,159,124,149,175,175,202,222,222,238,238,238,238],"floor_reached":14,"language":"ENG","playtime":265,"items_purged":[],"score":106,"play_id":"32ca36c7-6708-4e0a-a59b-7118dbceeee6","local_time":"20210124113656","is_ascension_mode":true,"campfire_choices":[{"floor":8,"key":"REST"},{"floor":11,"key":"REST"}],"circlet_count":0,"master_deck":["Strike_W","Strike_W","Strike_W","Strike_W","Defend_W","Defend_W","Defend_W","Defend_W","Negative_Energy_Arrows","Bone_Wall","Death_Knell","Summon_Lich","Skeleton_Dragon","Bone_Armor","Summon_Undead"],"relics":["Vampire_Amulet","NeowsBlessing","Simple Rune","Odd Mushroom","Replay:Mystery Machine","Replay:Rubber Ducky"],"acts_visited":["Exordium"],"potions_floor_usage":[6],"damage_taken":[{"damage":0,"enemies":"Small Slimes","floor":1,"turns":1},{"damage":0,"enemies":"2 Louse","floor":2,"turns":1},{"damage":0,"enemies":"Jaw Worm","floor":3,"turns":1},{"damage":17,"enemies":"Looter","floor":4,"turns":4},{"damage":32,"enemies":"Gremlin Nob","floor":6,"turns":4},{"damage":18,"enemies":"The Mushroom Lair","floor":7,"turns":3},{"damage":28,"enemies":"Exordium Thugs","floor":10,"turns":5},{"damage":6,"enemies":"Red Slaver","floor":12,"turns":4},{"damage":4,"enemies":"3 Sentries","floor":14,"turns":1}],"seed_played":"3978142679422884963","potions_obtained":[{"floor":2,"key":"Block Potion"},{"floor":3,"key":"AttackPotion"},{"floor":10,"key":"AttackPotion"}],"is_trial":false,"path_per_floor":["M","M","M","M","$","E","?","R","T","M","R","M","?","E"],"character_chosen":"NECROMANCER","items_purchased":["Summon_Lich"],"campfire_rested":2,"item_purchase_floors":[5],"current_hp_per_floor":[75,75,75,60,60,30,18,40,40,16,38,34,4,0,0],"gold":238,"neow_bonus":"THREE_ENEMY_KILL","is_daily":false,"chose_seed":false,"campfire_upgraded":0,"win_rate":0.0,"timestamp":1611506216,"path_taken":["M","M","M","M","$","E","?","R","T","M","R","M","?","E"],"items_purchased_type":["Card"],"build_version":"2020-12-22","purchased_purges":0,"victory":false,"max_hp_per_floor":[75,75,75,75,75,75,75,75,75,75,75,75,75,75,75],"card_choices":[{"not_picked":["Finger_Of_Death","Flesh_Made_Foul","Bone_Spikes"],"picked":"SKIP","floor":1},{"not_picked":["Finger_Of_Death","Flesh_Made_Foul","Bone_Spikes"],"picked":"SKIP","floor":1},{"not_picked":["Shackles_Of_Pain","Bones_to_Steel","Blood_Whip"],"picked":"SKIP","floor":2},{"not_picked":["Death_March_Dance","Blood_Curse","Thousand_Bone_Knives"],"picked":"SKIP","floor":3},{"not_picked":["Life_Drain","Plague_Bolt"],"picked":"Death_Knell","floor":4},{"not_picked":["Death_March_Dance","Negative_Energy_Sphere"],"picked":"Skeleton_Dragon","floor":6},{"not_picked":["Bones_to_Steel","Blood_Curse"],"picked":"Bone_Armor","floor":10},{"not_picked":["Exploit","Shackles_Of_Pain","Negative_Energy_Sphere"],"picked":"SKIP","floor":12},{"not_picked":["Negative_Energy_Shield","Stop_Heart"],"picked":"Summon_Undead","floor":13}],"player_experience":97572,"relics_obtained":[{"floor":6,"key":"Simple Rune"},{"floor":7,"key":"Odd Mushroom"},{"floor":9,"key":"Replay:Mystery Machine"},{"floor":13,"key":"Replay:Rubber Ducky"}],"event_choices":[{"damage_healed":0,"gold_gain":0,"player_choice":"Fought Mushrooms","damage_taken":0,"max_hp_gain":0,"max_hp_loss":0,"event_name":"Mushrooms","floor":7,"gold_loss":0}],"is_beta":false,"boss_relics":[],"items_purged_floors":[],"is_endless":false,"potions_floor_spawned":[2,3,10],"killed_by":"3 Sentries","ascension_level":3}}