{"host":"ci7ivtocgfxh0ueo","time":1611457976,"event":{"mods":["BaseMod","GifTheSpireLib","Minty Spire (QoL Compilation)","StSLib"],"gold_per_floor":[115,115,115,115,9,41,55,55,55,125,143,143,193,204,204,282,282,293,359,297,347,22,22,53,53,53,68,136,186,186,186],"floor_reached":30,"language":"ZHT","playtime":561,"items_purged":[],"score":471,"play_id":"5c2ac5e3-f320-4f5e-91d0-407703e463c2","local_time":"20210124111256","is_ascension_mode":true,"campfire_choices":[{"data":"Infernal Blade","floor":12,"key":"SMITH"},{"data":"Inflame","floor":15,"key":"SMITH"},{"data":"Bludgeon","floor":23,"key":"SMITH"}],"circlet_count":0,"master_deck":["AscendersBane","Strike_R+1","Strike_R","Strike_R","Strike_R","Strike_R","Defend_R+1","Defend_R+1","Defend_R","Defend_R+1","Bash","Perfected Strike","Flex","Infernal Blade+1","Ghostly Armor","Inflame+1","Whirlwind","Bludgeon+1","Second Wind","Immolate"],"relics":["Burning Blood","Pen Nib","Omamori","SsserpentHead","Bronze Scales","Busted Crown","War Paint","Bag of Marbles","Blood Vial","Kunai"],"acts_visited":["Exordium","TheCity"],"potions_floor_usage":[16,16,20,30],"damage_taken":[{"damage":10,"enemies":"Small Slimes","floor":1,"turns":4},{"damage":11,"enemies":"Gremlin Nob","floor":6,"turns":3},{"damage":7,"enemies":"Jaw Worm","floor":7,"turns":2},{"damage":1,"enemies":"Cultist","floor":10,"turns":3},{"damage":0,"enemies":"2 Fungi Beasts","floor":11,"turns":3},{"damage":7,"enemies":"Gremlin Gang","floor":14,"turns":4},{"damage":25,"enemies":"The Guardian","floor":16,"turns":9},{"damage":12,"enemies":"2 Thieves","floor":18,"turns":4},{"damage":6,"enemies":"Spheric Guardian","floor":19,"turns":3},{"damage":51,"enemies":"Book of Stabbing","floor":24,"turns":4},{"damage":27,"enemies":"Shelled Parasite and Fungi","floor":27,"turns":3},{"damage":10,"enemies":"Snecko","floor":28,"turns":3},{"damage":23,"enemies":"Slavers","floor":30,"turns":3}],"seed_played":"-7971098183408896918","potions_obtained":[{"floor":10,"key":"Ancient Potion"},{"floor":16,"key":"FairyPotion"},{"floor":18,"key":"BloodPotion"},{"floor":27,"key":"DuplicationPotion"}],"is_trial":false,"path_per_floor":["M","$","?","?","$","E","M","?","T","M","M","R","?","M","R","B",null,"M","M","$","?","$","R","E","$","T","M","M","?","E"],"character_chosen":"IRONCLAD","items_purchased":["LiquidBronze","Flex","CultistPotion","War Paint","Bag of Marbles"],"campfire_rested":0,"item_purchase_floors":[5,5,20,22,22],"current_hp_per_floor":[64,64,41,41,41,36,35,35,35,40,46,46,46,45,45,26,63,57,57,72,61,61,61,16,16,16,22,20,20,0,0],"gold":186,"neow_bonus":"RANDOM_COMMON_RELIC","is_daily":false,"chose_seed":false,"campfire_upgraded":3,"win_rate":0.0,"timestamp":1611457976,"path_taken":["M","$","?","?","$","E","M","?","T","?","M","R","?","M","R","BOSS","M","?","?","?","$","R","E","$","T","M","?","?","E"],"items_purchased_type":["Potion","Card","Potion","Relic","Relic"],"build_version":"2020-12-22","purchased_purges":0,"victory":false,"max_hp_per_floor":[75,75,75,75,75,75,75,75,75,75,75,75,75,75,75,75,75,75,75,75,75,75,75,75,75,75,75,75,75,75,75],"card_choices":[{"not_picked":["True Grit","Havoc"],"picked":"Perfected Strike","floor":1},{"not_picked":["Dropkick","Dark Embrace"],"picked":"Infernal Blade","floor":6},{"not_picked":["Perfected Strike","Headbutt"],"picked":"Ghostly Armor","floor":7},{"not_picked":["Shrug It Off","Clothesline","Dark Embrace"],"picked":"SKIP","floor":10},{"not_picked":["Havoc","Twin Strike"],"picked":"Inflame","floor":11},{"not_picked":["Thunderclap","Bloodletting"],"picked":"Whirlwind","floor":14},{"not_picked":["Limit Break","Impervious"],"picked":"Bludgeon","floor":16},{"not_picked":["Ghostly Armor"],"picked":"SKIP","floor":18},{"not_picked":[],"picked":"Second Wind","floor":19},{"not_picked":[],"picked":"Immolate","floor":24},{"not_picked":["Shrug It Off+1"],"picked":"SKIP","floor":27},{"not_picked":["Flex"],"picked":"SKIP","floor":28}],"player_experience":1351872,"relics_obtained":[{"floor":6,"key":"Omamori"},{"floor":9,"key":"Bronze Scales"},{"floor":24,"key":"Blood Vial"},{"floor":26,"key":"Kunai"}],"event_choices":[{"damage_healed":0,"gold_gain":0,"player_choice":"Entered Light","damage_taken":23,"max_hp_gain":0,"max_hp_loss":0,"event_name":"Shining Light","floor":3,"gold_loss":0,"cards_upgraded":["Defend_R","Strike_R"]},{"damage_healed":0,"gold_gain":0,"player_choice":"Ignored","damage_taken":0,"max_hp_gain":0,"max_hp_loss":0,"event_name":"Golden Idol","floor":4,"gold_loss":0},{"damage_healed":0,"gold_gain":0,"player_choice":"Trade","damage_taken":0,"relics_obtained":["SsserpentHead"],"max_hp_gain":0,"max_hp_loss":0,"event_name":"FaceTrader","floor":8,"gold_loss":0},{"damage_healed":0,"gold_gain":0,"player_choice":"Got Potions","damage_taken":0,"max_hp_gain":0,"max_hp_loss":0,"event_name":"Lab","floor":13,"gold_loss":0},{"damage_healed":0,"gold_gain":0,"player_choice":"Damaged","damage_taken":11,"max_hp_gain":0,"max_hp_loss":0,"event_name":"Wheel of Change","floor":21,"gold_loss":0},{"damage_healed":0,"gold_gain":0,"player_choice":"Ignored","damage_taken":0,"max_hp_gain":0,"max_hp_loss":0,"event_name":"Vampires","floor":29,"gold_loss":0}],"is_beta":false,"boss_relics":[{"not_picked":["Fusion Hammer","Runic Dome"],"picked":"Busted Crown"}],"items_purged_floors":[],"is_endless":false,"potions_floor_spawned":[10,11,16,18,27],"killed_by":"Slavers","ascension_level":18}}