{"host":"ws1rigs6jhqnf67d","time":1611493072,"event":{"mods":["BaseMod","Friendly Minions","KinomotoSakuraMod(ƒæ÷Æ±æ”£)","Kiyohime£®«Âºß£©","Lobotomy","LobotomyExtend","Marisa£®ÏF”Í°°ƒß¿Ì…≥£©","Minty Spire (QoL Compilation)","Remilia£®¿Ÿ√◊¿Ú—«£©","StSLib","The Bug Knight","Youmu£®ªÍ∆«—˝√Œ£©","[IsaacMod]“‘»ˆº‚À˛"],"gold_per_floor":[217,234,234,251,251,251,105,140,140,140,169,169,189,223,223,323,323,335,39,54,68,82,116,129,157,157,157,183,38,54,71,71,169,169,186,38,51,51,51,78,78,103,127,152,170,181,181,181,181,181,181],"floor_reached":52,"language":"ZHS","playtime":2031,"items_purged":[],"score":1292,"play_id":"c3b26ee9-93b7-477a-80b6-acec288f4340","local_time":"20210124205752","is_ascension_mode":true,"campfire_choices":[{"floor":6,"key":"REST"},{"data":"Neutralize","floor":10,"key":"SMITH"},{"data":"Blade Dance","floor":12,"key":"SMITH"},{"data":"Unload","floor":15,"key":"SMITH"},{"data":"Skewer","floor":32,"key":"SMITH"},{"data":"Storm of Steel","floor":41,"key":"SMITH"},{"data":"Malaise","floor":47,"key":"SMITH"},{"data":"Apotheosis","floor":49,"key":"SMITH"}],"circlet_count":0,"master_deck":["Strike_G","Strike_G","Strike_G","Strike_G","Strike_G","Defend_G","Defend_G","Defend_G","Defend_G","Survivor","Neutralize+1","Blade Dance+1","Unload+1","Die Die Die","Dash","Skewer+1","Backstab","Malaise+1","Cloak And Dagger+1","Storm of Steel+1","Blade Dance+1","Parasite","Apotheosis+1"],"relics":["Ring of the Serpent","HushsDoor","YumHeart","LetterFromLob","Heaven_r","Sling","BelialBook","Mummified Hand","Gambling Chip","Ninja Scroll","MagicMushroom","Leech","Smiling Mask","Shuriken","Blood Vial","UnicornStump","HollowMod:PaleOreRelic","TheBattery","HornCleat","Bronze Scales","Bag of Marbles","D4"],"acts_visited":["Exordium","TheCity","TheBeyond"],"potions_floor_usage":[2,2,14,33,40,50,50,50],"damage_taken":[{"damage":1,"enemies":"2 Louse","floor":1,"turns":4},{"damage":0,"enemies":"Cultist","floor":2,"turns":4},{"damage":1,"enemies":"Small Slimes","floor":4,"turns":4},{"damage":42,"enemies":"Blue Slaver","floor":5,"turns":3},{"damage":34,"enemies":"Gremlin Nob","floor":8,"turns":5},{"damage":0,"enemies":"HollowMod:MossKnight","floor":11,"turns":3},{"damage":0,"enemies":"Blue Slaver","floor":13,"turns":4},{"damage":0,"enemies":"3 Sentries","floor":14,"turns":3},{"damage":10,"enemies":"Hexaghost","floor":16,"turns":6},{"damage":0,"enemies":"Spheric Guardian","floor":18,"turns":1},{"damage":0,"enemies":"Shell Parasite","floor":20,"turns":1},{"damage":5,"enemies":"Snake Plant","floor":21,"turns":3},{"damage":0,"enemies":"Shelled Parasite and Fungi","floor":22,"turns":3},{"damage":2,"enemies":"HollowMod:Nosk","floor":23,"turns":3},{"damage":2,"enemies":"Centurion and Healer","floor":24,"turns":4},{"damage":23,"enemies":"Slavers","floor":25,"turns":3},{"damage":0,"enemies":"Gremlin Leader","floor":28,"turns":2},{"damage":0,"enemies":"Cultist and Chosen","floor":30,"turns":3},{"damage":0,"enemies":"Sentry and Sphere","floor":31,"turns":3},{"damage":1,"enemies":"Automaton","floor":33,"turns":5},{"damage":0,"enemies":"3 Shapes","floor":35,"turns":3},{"damage":0,"enemies":"Orb Walker","floor":37,"turns":1},{"damage":0,"enemies":"Reptomancer","floor":40,"turns":4},{"damage":0,"enemies":"Giant Head","floor":42,"turns":4},{"damage":0,"enemies":"Nemesis","floor":44,"turns":2},{"damage":0,"enemies":"Jaw Worm Horde","floor":45,"turns":2},{"damage":0,"enemies":"Writhing Mass","floor":46,"turns":4},{"damage":64,"enemies":"Time Eater","floor":50,"turns":6}],"seed_played":"-1518313934923555555","potions_obtained":[{"floor":1,"key":"EntropicBrew"},{"floor":11,"key":"Block Potion"},{"floor":20,"key":"SteroidPotion"},{"floor":22,"key":"LiquidBronze"},{"floor":37,"key":"PowerPotion"},{"floor":40,"key":"SpeedPotion"},{"floor":45,"key":"Strength Potion"}],"is_trial":false,"path_per_floor":["M","M","?","M","M","R","$","E","T","R","E","R","M","E","R","B",null,"M","$","M","M","M","E","M","E","T","?","E","$","M","M","R","B",null,"M","$","M","?","?","E","R","E","T","E","M","M","R","?","R","B",null,null],"character_chosen":"THE_SILENT","items_purchased":["Sling","Leech","HollowMod:PaleOreRelic","TheBattery"],"campfire_rested":1,"item_purchase_floors":[7,19,29,36],"current_hp_per_floor":[62,62,62,61,19,40,40,31,31,31,31,31,31,31,31,46,71,71,71,73,72,75,76,77,77,77,77,77,77,77,77,77,77,77,77,77,77,77,77,77,77,77,77,77,77,77,77,77,77,42,42],"gold":181,"neow_bonus":"HUNDRED_GOLD","is_daily":false,"chose_seed":false,"campfire_upgraded":7,"win_rate":0.0,"timestamp":1611493072,"path_taken":["M","M","?","M","M","R","$","E","T","R","E","R","?","E","R","BOSS","M","$","M","M","M","E","M","E","T","?","E","?","M","M","R","BOSS","M","$","M","?","?","E","R","E","T","E","M","M","R","?","R","BOSS"],"items_purchased_type":["Relic","Relic","Relic","Relic"],"build_version":"2020-12-22","purchased_purges":0,"victory":true,"max_hp_per_floor":[70,70,70,70,70,70,70,70,70,70,70,70,70,70,70,70,77,77,77,77,77,77,77,77,77,77,77,77,77,77,77,77,77,77,77,77,77,77,77,77,77,77,77,77,77,77,77,77,77,77,77],"card_choices":[{"not_picked":["Dodge and Roll","Slice","Tools of the Trade"],"picked":"SKIP","floor":1},{"not_picked":["Quick Slash","Acrobatics","Sucker Punch"],"picked":"SKIP","floor":2},{"not_picked":["Deadly Poison","Crippling Poison"],"picked":"Bomb","floor":4},{"not_picked":["Deflect","Finisher"],"picked":"Blade Dance","floor":8},{"not_picked":["Quick Slash","PiercingWail","Deadly Poison"],"picked":"SKIP","floor":11},{"not_picked":["Quick Slash","Caltrops","Masterful Stab"],"picked":"SKIP","floor":13},{"not_picked":["Slice","Eviscerate"],"picked":"Unload","floor":14},{"not_picked":["Wraith Form v2","Envenom"],"picked":"Die Die Die","floor":16},{"not_picked":["Poisoned Stab+1","Dodge and Roll"],"picked":"Dash","floor":18},{"not_picked":["PiercingWail","Acrobatics+1","Sucker Punch"],"picked":"SKIP","floor":20},{"not_picked":["Outmaneuver","Dodge and Roll+1","Bane"],"picked":"SKIP","floor":21},{"not_picked":["Phantasmal Killer","Flying Knee+1"],"picked":"Skewer","floor":22},{"not_picked":["Concentrate","PiercingWail","Prepared+1"],"picked":"SKIP","floor":23},{"not_picked":["Concentrate","Flying Knee","Setup"],"picked":"SKIP","floor":24},{"not_picked":["Footwork+1","Cloak And Dagger","Noxious Fumes"],"picked":"SKIP","floor":25},{"not_picked":["Acrobatics","Blade Dance","Expertise"],"picked":"SKIP","floor":28},{"not_picked":["Sucker Punch+1","Dash","Tactician"],"picked":"SKIP","floor":30},{"not_picked":["Heel Hook","Deadly Poison+1","Dodge and Roll"],"picked":"SKIP","floor":31},{"not_picked":["After Image","Doppelganger"],"picked":"Malaise","floor":33},{"not_picked":["Backflip+1","PiercingWail"],"picked":"Cloak And Dagger+1","floor":35},{"not_picked":["Acrobatics","Backflip","Choke"],"picked":"SKIP","floor":37},{"not_picked":["Slice","Expertise"],"picked":"Storm of Steel","floor":40},{"not_picked":["Crippling Poison+1","Heel Hook+1","Flechettes+1"],"picked":"SKIP","floor":42},{"not_picked":["Bane","Quick Slash+1"],"picked":"Blade Dance+1","floor":44},{"not_picked":["PiercingWail+1","Caltrops","Slice"],"picked":"SKIP","floor":45},{"not_picked":["Underhanded Strike+1","Flechettes","All Out Attack+1"],"picked":"SKIP","floor":46},{"not_picked":["Mind Blast","Deep Breath"],"picked":"Apotheosis","floor":48}],"player_experience":831413,"relics_obtained":[{"floor":1,"key":"LetterFromLob"},{"floor":8,"key":"BelialBook"},{"floor":9,"key":"Mummified Hand"},{"floor":11,"key":"Gambling Chip"},{"floor":14,"key":"Ninja Scroll"},{"floor":23,"key":"Smiling Mask"},{"floor":25,"key":"Shuriken"},{"floor":26,"key":"Blood Vial"},{"floor":28,"key":"UnicornStump"},{"floor":40,"key":"HornCleat"},{"floor":42,"key":"Bronze Scales"},{"floor":43,"key":"Bag of Marbles"},{"floor":44,"key":"D4"}],"event_choices":[{"damage_healed":0,"gold_gain":0,"player_choice":"Read","damage_taken":0,"max_hp_gain":0,"max_hp_loss":0,"event_name":"The Library","floor":27,"gold_loss":0,"cards_obtained":["Backstab"]},{"cards_removed":["Defend_G"],"damage_healed":0,"gold_gain":0,"player_choice":"Removed Skill","damage_taken":0,"max_hp_gain":0,"max_hp_loss":0,"event_name":"Falling","floor":38,"gold_loss":0},{"damage_healed":0,"gold_gain":0,"player_choice":"Memory 1","damage_taken":0,"max_hp_gain":0,"max_hp_loss":0,"event_name":"SensoryStone","floor":48,"gold_loss":0}],"is_beta":false,"boss_relics":[{"not_picked":["Runic Pyramid","ChampionBelt"],"picked":"MagicMushroom"},{"not_picked":[]},{"not_picked":["Runic Dome","Fusion Hammer"],"picked":"Ring of the Serpent"},{"not_picked":[]}],"items_purged_floors":[],"is_endless":false,"potions_floor_spawned":[1,11,13,20,22,24,28,30,37,40,45],"ascension_level":7}}