{"host":"4qkvkh7pd9qr2mca","time":1611501821,"event":{"mods":["AchievementEnabler","Act Like it!","BaseMod","Colored Map","Colored Powertips","Highlight Path","Minty Spire (QoL Compilation)","Pale of the Ancients","Permanent Neow","Quick Restart","Relic Stats","StSLib","SuperFastMode"],"gold_per_floor":[12,22,22,22,40,40,40],"floor_reached":6,"language":"ENG","playtime":179,"items_purged":[],"score":72,"play_id":"f1a6467e-a6cc-4109-bcc8-33f764d5b43a","local_time":"20210124162341","is_ascension_mode":true,"campfire_choices":[],"circlet_count":0,"master_deck":["AscendersBane","Strike_G","Strike_G","Strike_G","Defend_G","Defend_G","Defend_G","Defend_G","Survivor","Neutralize","Blade Dance","Cloak And Dagger","Bane","Well Laid Plans"],"relics":["Ring of the Snake","Paper Crane"],"acts_visited":["Exordium"],"potions_floor_usage":[],"damage_taken":[{"damage":11,"enemies":"Small Slimes","floor":1,"turns":7},{"damage":4,"enemies":"Jaw Worm","floor":2,"turns":5},{"damage":0,"enemies":"Cultist","floor":5,"turns":3},{"damage":6,"enemies":"Lagavulin","floor":6,"turns":6}],"seed_played":"931386135791741428","potions_obtained":[{"floor":5,"key":"LiquidBronze"}],"is_trial":false,"path_per_floor":["M","M","?","T","M","E"],"character_chosen":"THE_SILENT","items_purchased":[],"campfire_rested":0,"item_purchase_floors":[],"current_hp_per_floor":[48,44,44,44,44,38,38],"gold":40,"neow_bonus":"REMOVE_TWO","is_daily":false,"chose_seed":false,"campfire_upgraded":0,"win_rate":0.0,"timestamp":1611501821,"path_taken":["M","M","?","?","M","E"],"items_purchased_type":[],"build_version":"2020-12-22","purchased_purges":0,"victory":false,"max_hp_per_floor":[66,66,66,66,66,66,66],"relic_stats":{"counters":[4,21],"obtain_stats":[{"Paper Crane":4,"Ring of the Snake":0},{"Paper Crane":2,"Ring of the Snake":0},{"Paper Crane":12,"Ring of the Snake":0}],"Ring of the Snake":[8]},"card_choices":[{"not_picked":["Leg Sweep","Flying Knee"],"picked":"Blade Dance","floor":1},{"not_picked":["Prepared","Deflect"],"picked":"Cloak And Dagger","floor":2},{"not_picked":["Predator","Bane"],"picked":"Well Laid Plans","floor":5}],"player_experience":583057,"relics_obtained":[{"floor":4,"key":"Paper Crane"}],"event_choices":[{"damage_healed":0,"gold_gain":0,"cards_transformed":["Strike_G"],"player_choice":"Change","damage_taken":0,"max_hp_gain":0,"max_hp_loss":0,"event_name":"Living Wall","floor":3,"gold_loss":0,"cards_obtained":["Bane"]}],"is_beta":false,"boss_relics":[],"items_purged_floors":[],"is_endless":false,"potions_floor_spawned":[5],"killed_by":"Lagavulin","ascension_level":20}}