{"host":"e5u7qs1emxzejr12","time":1611490557,"event":{"mods":["2.2 Compatiblity","Act Like it!","Arknights The Spire","BaseMod","CapriCore","Card Forge","Colored Powertips","Custom Start","Duelist Mod","GifTheSpireLib","Highlight Path","Marisa£¨ìFÓê¡¡Ä§ÀíÉ³£©","Minty Spire (QoL Compilation)","Quick Restart","Replay The Spire","StSLib","SuperFastMode","óô»ðÖ¸ÄÏ"],"gold_per_floor":[137,147,147,147,208,243,243,275,275,367,260,290,305,319,235,310,310,320,177,177,118,118,147,147,174,199,215,248,248,281,294,29,101,101,113,113,181,199,199,162,190,190,217,260,326,363,375,440,452,464,476,488,328,167,201,201],"floor_reached":57,"language":"ZHS","playtime":4139,"items_purged":[],"score":2771,"play_id":"f47a0fdf-20b9-4af2-9256-56bcc45d7d9f","local_time":"20210124201557","is_ascension_mode":true,"campfire_choices":[{"floor":7.0,"key":"RECALL"},{"floor":24.0,"key":"REST"}],"circlet_count":0,"master_deck":["theDuelist:MysticalElf+1","theDuelist:MysticalElf+1","AscendersBane","theDuelist:Polymerization+1","theDuelist:InjectionFairy+1","theDuelist:FutureFusion+1","theDuelist:RainbowMagician+1","Madness+1","theDuelist:InvitationDarkSleep+1","theDuelist:VoidVanishment+1","theDuelist:RainbowMagician+1","theDuelist:InjectionFairy+1","theDuelist:MindAir+1","Madness+1","Madness+1","theDuelist:RainbowMagician+1","theDuelist:Yami+1","theDuelist:RainbowMagician+1","Madness+1","theDuelist:MudOrbCard","theDuelist:QueenDragunDjinn+1"],"relics":["theDuelist:MillenniumPuzzle","theDuelist:CardPoolRelic","theDuelist:CardPoolBasicRelic","theDuelist:BoosterPackPoolRelic","theDuelist:CardPoolAddRelic","theDuelist:CardPoolMinusRelic","theDuelist:CardPoolSaveRelic","theDuelist:CardPoolOptionsRelic","Hammer of Thor","Seething Fire","Anvil of the Gods","NeowsBlessing","Magic Flower","theDuelist:BoosterPackSpellEgg","theDuelist:ElectricBurst","Blood Vial","theDuelist:OrbCardRelic","Strawberry","Replay:Ancient Bell","Happy Flower","Mummified Hand","Pondfish Scales","theDuelist:NamelessPowerRelicB","theDuelist:NamelessHungerRelic","theDuelist:NamelessWarRelicC","Darkstone Periapt","Nunchaku","Replay:Wax Seal","ReplayTheSpireMod:Lightbulb","Toy Ornithopter","Red Skull","theDuelist:MillenniumRing","theDuelist:MillenniumKey","ReplayTheSpireMod:TigerMarble","MawBank","theDuelist:MillenniumArmor","Replay:Kaleidoscope","Vampiric Spirits","Replay:Rubber Ducky","Replay:Byrd Feeder","theDuelist:TrapVortex","theDuelist:ZombieRelic","Mango"],"acts_visited":["Exordium","TheCity","TheBeyond","TheEnding"],"potions_floor_usage":[56,56],"damage_taken":[{"damage":0.0,"enemies":"Small Slimes","floor":1.0,"turns":1.0},{"damage":0.0,"enemies":"Jaw Worm","floor":2.0,"turns":1.0},{"damage":0.0,"enemies":"Lagavulin","floor":6.0,"turns":1.0},{"damage":5.0,"enemies":"Replay:BlueRogue","floor":8.0,"turns":7.0},{"damage":25.0,"enemies":"Gremlin Nob","floor":12.0,"turns":4.0},{"damage":0.0,"enemies":"2 Louse","floor":13.0,"turns":3.0},{"damage":8.0,"enemies":"Blue Slaver","floor":14.0,"turns":2.0},{"damage":22.0,"enemies":"Hexaghost","floor":16.0,"turns":8.0},{"damage":15.0,"enemies":"2 Thieves","floor":18.0,"turns":5.0},{"damage":0.0,"enemies":"theDuelist:KaibaA2","floor":23.0,"turns":4.0},{"damage":24.0,"enemies":"Gremlin Leader","floor":25.0,"turns":6.0},{"damage":17.0,"enemies":"3 Byrds","floor":27.0,"turns":5.0},{"damage":0.0,"enemies":"Replay:Snechameleon","floor":28.0,"turns":4.0},{"damage":0.0,"enemies":"Gremlin Leader","floor":30.0,"turns":5.0},{"damage":0.0,"enemies":"Snake Plant","floor":31.0,"turns":4.0},{"damage":14.0,"enemies":"Champ","floor":33.0,"turns":9.0},{"damage":21.0,"enemies":"Orb Walker","floor":35.0,"turns":4.0},{"damage":4.0,"enemies":"3 Darklings","floor":38.0,"turns":4.0},{"damage":8.0,"enemies":"R_Hoarder","floor":41.0,"turns":5.0},{"damage":17.0,"enemies":"Nemesis","floor":44.0,"turns":8.0},{"damage":2.0,"enemies":"Nemesis","floor":45.0,"turns":4.0},{"damage":0.0,"enemies":"2 Orb Walkers","floor":48.0,"turns":4.0},{"damage":0.0,"enemies":"Replay:Hell Engine","floor":50.0,"turns":6.0},{"damage":0,"enemies":"Time Eater","floor":51,"turns":5},{"damage":0,"enemies":"Shield and Spear","floor":55,"turns":5},{"damage":33,"enemies":"The Heart","floor":56,"turns":7}],"seed_played":"512199979274383337","potions_obtained":[{"floor":8.0,"key":"theDuelist:BurningPotionB"},{"floor":12.0,"key":"LiquidBronze"}],"is_trial":false,"path_per_floor":["M","M","?","?","?","E","R","E","T","?","R","E","M","M","R","B",null,"M","$","?","$","$","E","R","E","T","M","E","?","E","M","R","B",null,"M","?","T","M","?","R","E","R","T","E","?","T","$","?","R","B","B",null,"R","$","E","B",null],"character_chosen":"THE_DUELIST","items_purchased":["theDuelist:OrbCardRelic","theDuelist:InvitationDarkSleep","theDuelist:InjectionFairy","theDuelist:MindAir","theDuelist:DarkMagicianGirl","theDuelist:MillenniumRing","theDuelist:Yami","theDuelist:TrapVortex","theDuelist:ZombieRelic"],"campfire_rested":1,"item_purchase_floors":[11,15,19,19,21,32,40,53,54],"current_hp_per_floor":[63,63,63,63,63,63,63,70,70,70,70,52,66,61,61,77,77,70,70,60,60,60,63,63,63,63,63,63,69,69,73,73,77,77,74,74,74,77,77,77,69,69,69,64,79,79,79,85,85,89,93,93,93,93,107,98],"gold":201,"neow_bonus":"THREE_ENEMY_KILL","is_daily":false,"chose_seed":false,"campfire_upgraded":0,"win_rate":0.0,"timestamp":1611490557,"path_taken":["M","M","?","?","?","E","R","E","T","?","R","E","?","M","R","BOSS","M","?","?","?","$","E","R","E","T","?","E","?","E","M","R","BOSS","M","?","?","?","?","R","E","R","T","E","?","?","$","?","R","BOSS","BOSS","R","$","E","BOSS"],"items_purchased_type":["Relic","Card","Card","Card","Card","Relic","Card","Relic","Relic"],"build_version":"2020-12-22","purchased_purges":0,"victory":true,"max_hp_per_floor":[70,70,70,70,70,70,70,70,70,70,70,77,77,77,77,77,77,77,77,63,63,63,63,63,63,63,63,63,69,69,73,73,77,77,77,77,77,77,77,77,77,77,77,81,81,81,81,85,85,89,93,93,93,93,107,107],"card_choices":[{"not_picked":["theDuelist:GaiaMidNightSun","theDuelist:MirrorForce","theDuelist:BlueBloodedOni","theDuelist:BlockGolem"],"picked":"theDuelist:Polymerization","floor":1.0},{"not_picked":["theDuelist:GeminiElf","theDuelist:ExodiaRL","theDuelist:PowerKaishin","theDuelist:DarkMagician"],"picked":"theDuelist:SangaThunder","floor":2.0},{"not_picked":["theDuelist:SangaThunder","theDuelist:SpiritHarp","theDuelist:SpellShatteringArrow","theDuelist:ExodiaLA"],"picked":"theDuelist:InjectionFairy","floor":6.0},{"not_picked":["theDuelist:LightningVortex","theDuelist:WingedKuribohLv9","theDuelist:CastleDarkIllusions","theDuelist:PotAvarice"],"picked":"theDuelist:MillenniumGolem","floor":8.0},{"not_picked":["theDuelist:AttackTheMoon+1","theDuelist:EarthGiant","theDuelist:GemElephant","theDuelist:LabyrinthWall"],"picked":"theDuelist:FutureFusion+1","floor":10.0},{"not_picked":["theDuelist:CosmicHorrorGangiel","theDuelist:BlizzardPrincess","theDuelist:RainbowDarkDragon","theDuelist:InvitationDarkSleep"],"picked":"theDuelist:RainbowMagician","floor":10.0},{"not_picked":["theDuelist:SangaThunder","theDuelist:AltarTribute","theDuelist:FlyingSaucer","theDuelist:OnslaughtFireKings+1","theDuelist:FairyBox"],"picked":"SKIP","floor":12.0},{"not_picked":["theDuelist:ContractExodia+1","theDuelist:CrystalWingDragon","theDuelist:WhiteMagicalHat","theDuelist:ThousandEyesIdol","theDuelist:IceQueen"],"picked":"SKIP","floor":13.0},{"not_picked":["theDuelist:SpellShatteringArrow+1","theDuelist:SilentDoom+1","theDuelist:ContractExodia+1","theDuelist:DiffusionWaveMotion+1","theDuelist:WonderWand+1"],"picked":"SKIP","floor":14.0},{"not_picked":["theDuelist:Wildfire+1","theDuelist:RainbowDarkDragon","theDuelist:SwordsRevealing+1","theDuelist:DarkPaladin"],"picked":"theDuelist:VoidVanishment+1","floor":16.0},{"not_picked":["ReplayTheSpireMod:Faulty Equipment","Replay:Hysterical Blindness"],"picked":"Overencumbered","floor":17.0},{"not_picked":["theDuelist:CursedBill","AbeCurse"],"picked":"theDuelist:SummoningCurse","floor":17.0},{"not_picked":["Writhe","ReplayTheSpireMod:Faulty Equipment"],"picked":"CommonCold","floor":17.0},{"not_picked":["theDuelist:RainbowDarkDragon","theDuelist:IrisEarthMother","theDuelist:QueenDragunDjinn","theDuelist:YellowBelliedOni"],"picked":"theDuelist:RainbowMagician","floor":18.0},{"not_picked":["theDuelist:SpellShatteringArrow+1","theDuelist:NeoMagic","theDuelist:InjectionFairy","theDuelist:DarkMagician","theDuelist:SangaThunder"],"picked":"SKIP","floor":23.0},{"not_picked":["theDuelist:NeoMagic","theDuelist:DarkMagicianGirl","theDuelist:SpiritHarp","theDuelist:OnslaughtFireKings+1","theDuelist:GeminiElf"],"picked":"SKIP","floor":25.0},{"not_picked":["theDuelist:BlizzardWarrior","theDuelist:SangaThunder","theDuelist:NeoMagic","theDuelist:InjectionFairy","theDuelist:ApprenticeIllusionMagician"],"picked":"SKIP","floor":27.0},{"not_picked":["theDuelist:LegendaryExodia","theDuelist:ExodiaLL","theDuelist:TimeWizard","theDuelist:SangaEarth","theDuelist:FogKing"],"picked":"SKIP","floor":28.0},{"not_picked":["theDuelist:BlizzardWarrior","theDuelist:InjectionFairy","theDuelist:WhiteMagicalHat","theDuelist:ThousandEyesIdol","theDuelist:FrontierWiseman"],"picked":"SKIP","floor":30.0},{"not_picked":["theDuelist:SpellShatteringArrow+1","theDuelist:ExodiaLL","theDuelist:DarkMagician+1","theDuelist:CallAtlanteans+1","theDuelist:LordD"],"picked":"SKIP","floor":31.0},{"not_picked":["theDuelist:RainbowDarkDragon","theDuelist:IrisEarthMother","theDuelist:RainbowKuriboh+1","theDuelist:RainbowOverdragon+1"],"picked":"theDuelist:RainbowMagician","floor":33.0},{"not_picked":["theDuelist:ExodiaNecross","theDuelist:ContractExodia+1","theDuelist:ExodiaRL+1","theDuelist:ExodiaRA","theDuelist:ExodiaLL+1"],"picked":"SKIP","floor":35.0},{"not_picked":["theDuelist:BattleguardKing+1","theDuelist:EvilswarmHeliotrope","theDuelist:FuryFire+1","theDuelist:GilfordLegend+1","theDuelist:HammerShot+1"],"picked":"SKIP","floor":38.0},{"not_picked":["theDuelist:ExodiaNecross","theDuelist:GateGuardian"],"picked":"theDuelist:RainbowMagician","floor":41.0},{"not_picked":["theDuelist:InjectionFairy+1","theDuelist:SpiritHarp","theDuelist:WhiteMagicalHat+1","theDuelist:CallAtlanteans+1","theDuelist:BlizzardWarrior"],"picked":"SKIP","floor":44.0},{"not_picked":["theDuelist:MagicalBlast+1","theDuelist:ExodiaHead+65","theDuelist:CosmoBrain+1","theDuelist:RainbowMagician+1"],"picked":"theDuelist:QueenDragunDjinn+1","floor":55}],"player_experience":98743,"relics_obtained":[{"floor":6.0,"key":"Magic Flower"},{"floor":8.0,"key":"theDuelist:BoosterPackSpellEgg"},{"floor":9.0,"key":"theDuelist:ElectricBurst"},{"floor":10.0,"key":"Blood Vial"},{"floor":12.0,"key":"Strawberry"},{"floor":23.0,"key":"Darkstone Periapt"},{"floor":25.0,"key":"Nunchaku"},{"floor":26.0,"key":"Replay:Wax Seal"},{"floor":28.0,"key":"ReplayTheSpireMod:Lightbulb"},{"floor":30.0,"key":"Red Skull"},{"floor":41.0,"key":"ReplayTheSpireMod:TigerMarble"},{"floor":43.0,"key":"MawBank"},{"floor":44.0,"key":"theDuelist:MillenniumArmor"},{"floor":45.0,"key":"Replay:Kaleidoscope"},{"floor":45.0,"key":"Vampiric Spirits"},{"floor":46.0,"key":"Replay:Rubber Ducky"},{"floor":48.0,"key":"Replay:Byrd Feeder"},{"floor":55,"key":"Mango"}],"event_choices":[{"damage_healed":0.0,"max_hp_gain":0.0,"max_hp_loss":0.0,"gold_gain":0.0,"event_name":"Card Trader","player_choice":"Leave","duelist":true,"floor":3.0,"gold_loss":0.0,"damage_taken":0.0},{"damage_healed":0.0,"max_hp_gain":0.0,"max_hp_loss":0.0,"gold_gain":0.0,"event_name":"Shining Light","player_choice":"Ignored","floor":4.0,"gold_loss":0.0,"damage_taken":0.0},{"damage_healed":0.0,"max_hp_gain":0.0,"max_hp_loss":0.0,"gold_gain":61.0,"event_name":"Golden Wing","player_choice":"Gained Gold","floor":5.0,"gold_loss":0.0,"damage_taken":0.0},{"power_reward":3.0,"total_magic_score":77.0,"gold_gain":0.0,"duelist":true,"damage_taken":10.0,"relics_obtained":["theDuelist:NamelessPowerRelicB","theDuelist:NamelessHungerRelic","theDuelist:NamelessWarRelicC"],"points":13.0,"war_reward":3.0,"max_hp_gain":0.0,"max_hp_loss":14.0,"spent_points":{"magic":4.0,"greed":0.0,"war":3.0,"power":3.0,"hunger":3.0},"event_name":"Nameless Tomb","hunger_reward":3.0,"floor":20.0,"gold_loss":0.0,"cards_obtained":[]},{"damage_healed":0.0,"max_hp_gain":0.0,"max_hp_loss":0.0,"gold_gain":0.0,"event_name":"Addict","player_choice":"Stole Relic","floor":29.0,"gold_loss":0.0,"damage_taken":0.0,"relics_obtained":["Toy Ornithopter"],"cards_obtained":["Shame"]},{"damage_healed":0.0,"max_hp_gain":0.0,"max_hp_loss":0.0,"gold_gain":0.0,"event_name":"Tomb of Lord Red Mask","player_choice":"Ignored","floor":36.0,"gold_loss":0.0,"damage_taken":0.0},{"damage_healed":0.0,"max_hp_gain":0.0,"max_hp_loss":0.0,"gold_gain":0.0,"event_name":"Egyptian Village","player_choice":"Leave","duelist":true,"floor":39.0,"gold_loss":0.0,"damage_taken":0.0},{"damage_healed":0.0,"max_hp_gain":0.0,"max_hp_loss":0.0,"gold_gain":0.0,"event_name":"Battle City","player_choice":"Fight","duelist":true,"floor":45.0,"gold_loss":0.0,"damage_taken":0.0},{"damage_healed":0.0,"max_hp_gain":0.0,"max_hp_loss":0.0,"gold_gain":0.0,"event_name":"Mysterious Sphere","player_choice":"Fight","floor":48.0,"gold_loss":0.0,"damage_taken":0.0}],"is_beta":false,"boss_relics":[{"not_picked":["Runic Pyramid","Calling Bell"],"picked":"Replay:Ancient Bell"},{"not_picked":["Bronze Scales","Replay:Mystery Machine"],"picked":"Happy Flower"},{"not_picked":["theDuelist:SpellcasterStone","Garlic"],"picked":"Mummified Hand"},{"not_picked":["theDuelist:SummonAnchorRare","Pocketwatch"],"picked":"Pondfish Scales"},{"not_picked":["Astrolabe","Kintsugi"],"picked":"theDuelist:MillenniumKey"}],"items_purged_floors":[],"is_endless":false,"potions_floor_spawned":[8,12,14,16,18,23,31,33,41,44,45],"ascension_level":20}}