{"host":"uv5ws9rdk87e8i5k","time":1611509736,"event":{"mods":["AchievementEnabler","BaseMod","Colored Map","Minty Spire (QoL Compilation)","StSLib","SuperFastMode"],"gold_per_floor":[114,128,145,157,174,205,224,254,266,278,304,327,353,379,391,501,513,537,563,587,599,710,754,766,778,872,901,913,297,311,330,330,429,429,448,460,475,485,485,510,510,535,583,594,608,11,43,59,59,59],"floor_reached":51,"language":"ENG","playtime":2098,"items_purged":["Injury","Regret"],"score":1108,"play_id":"5d75ae59-349c-44dd-a8d2-67651900a637","local_time":"20210124113536","is_ascension_mode":true,"campfire_choices":[{"data":"Armaments","floor":15.0,"key":"SMITH"},{"data":"Perfected Strike","floor":24.0,"key":"SMITH"},{"data":"Perfected Strike","floor":28.0,"key":"SMITH"},{"data":"Immolate","floor":32.0,"key":"SMITH"},{"data":"Perfected Strike","floor":49,"key":"SMITH"}],"circlet_count":0,"master_deck":["Strike_R","Strike_R","Strike_R","Strike_R","Strike_R","Defend_R","Defend_R","Defend_R+1","Bash","Headbutt","Anger","Wild Strike","Perfected Strike","Cleave","Armaments+1","Perfected Strike","Perfected Strike+1","True Grit","Wild Strike","Feed","Pommel Strike+1","Warcry+1","Necronomicurse","Feed","Perfected Strike+1","Rage+1","Immolate+1","Warcry","Perfected Strike+1","Immolate","Pommel Strike","Pommel Strike+1","Pommel Strike"],"relics":["Burning Blood","Pantograph","MawBank","Kunai","Gremlin Horn","Cursed Key","Necronomicon","Question Card","Frozen Egg 2","Orichalcum","War Paint","Philosopher\u0027s Stone","Nunchaku","Turnip","Art of War","Oddly Smooth Stone","Charon\u0027s Ashes","Bronze Scales"],"acts_visited":["Exordium","TheCity","TheBeyond"],"potions_floor_usage":[40,45,50,50,50],"damage_taken":[{"damage":10.0,"enemies":"Cultist","floor":1.0,"turns":5.0},{"damage":10.0,"enemies":"Small Slimes","floor":2.0,"turns":3.0},{"damage":7.0,"enemies":"Jaw Worm","floor":3.0,"turns":2.0},{"damage":16.0,"enemies":"2 Fungi Beasts","floor":4.0,"turns":3.0},{"damage":0.0,"enemies":"Large Slime","floor":5.0,"turns":4.0},{"damage":30.0,"enemies":"Lagavulin","floor":6.0,"turns":6.0},{"damage":11.0,"enemies":"Exordium Thugs","floor":7.0,"turns":4.0},{"damage":0.0,"enemies":"3 Sentries","floor":8.0,"turns":6.0},{"damage":9.0,"enemies":"Red Slaver","floor":11.0,"turns":2.0},{"damage":11.0,"enemies":"Looter","floor":12.0,"turns":2.0},{"damage":0.0,"enemies":"Gremlin Gang","floor":13.0,"turns":3.0},{"damage":0.0,"enemies":"Exordium Thugs","floor":14.0,"turns":3.0},{"damage":59.0,"enemies":"The Guardian","floor":16.0,"turns":9.0},{"damage":11.0,"enemies":"2 Thieves","floor":18.0,"turns":3.0},{"damage":12.0,"enemies":"Chosen","floor":19.0,"turns":3.0},{"damage":0.0,"enemies":"3 Cultists","floor":20.0,"turns":3.0},{"damage":12.0,"enemies":"Slavers","floor":23.0,"turns":3.0},{"damage":0.0,"enemies":"Snecko","floor":27.0,"turns":2.0},{"damage":18.0,"enemies":"Snake Plant","floor":30.0,"turns":3.0},{"damage":0.0,"enemies":"Cultist and Chosen","floor":31.0,"turns":2.0},{"damage":8.0,"enemies":"Automaton","floor":33.0,"turns":4.0},{"damage":0.0,"enemies":"Orb Walker","floor":35.0,"turns":1.0},{"damage":16.0,"enemies":"3 Shapes","floor":36.0,"turns":1.0},{"damage":0.0,"enemies":"Jaw Worm Horde","floor":37.0,"turns":1.0},{"damage":13.0,"enemies":"Spire Growth","floor":38.0,"turns":2.0},{"damage":16,"enemies":"Giant Head","floor":40,"turns":5},{"damage":18,"enemies":"Nemesis","floor":42,"turns":3},{"damage":8,"enemies":"4 Shapes","floor":44,"turns":2},{"damage":2,"enemies":"Writhing Mass","floor":45,"turns":2},{"damage":8,"enemies":"Giant Head","floor":47,"turns":4},{"damage":0,"enemies":"Spire Growth","floor":48,"turns":2},{"damage":76,"enemies":"Awakened One","floor":50,"turns":6}],"seed_played":"-5486862252704174408","potions_obtained":[{"floor":3.0,"key":"Swift Potion"},{"floor":5.0,"key":"DistilledChaos"},{"floor":6.0,"key":"HeartOfIron"},{"floor":7.0,"key":"HeartOfIron"},{"floor":13.0,"key":"SkillPotion"},{"floor":18.0,"key":"DistilledChaos"},{"floor":19.0,"key":"EssenceOfSteel"},{"floor":20.0,"key":"PowerPotion"},{"floor":35.0,"key":"Strength Potion"},{"floor":36.0,"key":"HeartOfIron"},{"floor":42,"key":"SkillPotion"},{"floor":47,"key":"AttackPotion"},{"floor":48,"key":"PowerPotion"}],"is_trial":false,"path_per_floor":["M","M","M","M","M","E","M","E","T","T","M","M","M","M","R","B",null,"M","M","M","?","?","E","R","?","T","M","R","$","M","M","R","B",null,"M","M","M","M","?","E","?","E","T","M","M","$","E","M","R","B",null],"character_chosen":"IRONCLAD","items_purchased":["Orichalcum","War Paint","Immolate","BloodPotion","Warcry","AttackPotion","Oddly Smooth Stone","Charon\u0027s Ashes"],"campfire_rested":0,"item_purchase_floors":[29,29,29,29,29,46,46,46],"current_hp_per_floor":[76,72,71,61,67,43,38,44,44,44,41,36,42,48,48,20,71,66,60,66,50,50,47,47,47,47,53,53,53,41,50,50,73,89,94,84,90,83,83,73,73,61,61,59,63,63,61,67,67,40],"gold":59,"neow_bonus":"TEN_PERCENT_HP_BONUS","is_daily":false,"chose_seed":false,"campfire_upgraded":5,"win_rate":0.0,"timestamp":1611509736,"path_taken":["M","M","M","M","M","E","M","E","T","?","M","M","M","M","R","BOSS","M","M","M","?","?","E","R","?","T","M","R","$","M","M","R","BOSS","M","M","M","M","?","E","?","E","T","M","M","$","E","?","R","BOSS"],"items_purchased_type":["Relic","Relic","Card","Potion","Card","Potion","Relic","Relic"],"build_version":"2020-12-22","purchased_purges":2,"victory":true,"max_hp_per_floor":[88,88,88,88,88,88,88,88,88,88,88,88,88,88,88,88,88,88,88,88,88,88,91,91,91,91,91,91,91,91,94,94,94,94,94,94,94,94,94,94,94,94,94,94,94,94,94,94,94,94],"card_choices":[{"not_picked":["Sever Soul","Heavy Blade"],"picked":"Headbutt","floor":1.0},{"not_picked":["Armaments","Iron Wave"],"picked":"Anger","floor":2.0},{"not_picked":["True Grit","Armaments"],"picked":"Wild Strike","floor":3.0},{"not_picked":["Sword Boomerang","Havoc"],"picked":"Perfected Strike","floor":4.0},{"not_picked":["Berserk","Bloodletting"],"picked":"Cleave","floor":5.0},{"not_picked":["Power Through","Heavy Blade"],"picked":"Armaments","floor":6.0},{"not_picked":["Shockwave","Warcry"],"picked":"Perfected Strike","floor":7.0},{"not_picked":["Heavy Blade","Exhume"],"picked":"Perfected Strike","floor":8.0},{"not_picked":["Armaments","Shockwave"],"picked":"True Grit","floor":11.0},{"not_picked":["Clash","Pommel Strike"],"picked":"Wild Strike","floor":12.0},{"not_picked":["Combust","Spot Weakness","Disarm"],"picked":"SKIP","floor":13.0},{"not_picked":["Sever Soul","Thunderclap","Infernal Blade"],"picked":"SKIP","floor":14.0},{"not_picked":["Bludgeon","Demon Form"],"picked":"Feed","floor":16.0},{"not_picked":["Power Through","Wild Strike"],"picked":"Pommel Strike+1","floor":18.0},{"not_picked":["Infernal Blade","Flex"],"picked":"Warcry","floor":19.0},{"not_picked":["Sword Boomerang","Disarm","Hemokinesis"],"picked":"SKIP","floor":20.0},{"not_picked":["Clothesline+1","Warcry"],"picked":"Feed","floor":23.0},{"not_picked":["Spot Weakness","Metallicize+1","Headbutt"],"picked":"Rage+1","floor":27.0},{"not_picked":["Flex","Rampage","Second Wind+1","Clash"],"picked":"SKIP","floor":30.0},{"not_picked":["Heavy Blade+1","Body Slam","Blood for Blood"],"picked":"Perfected Strike","floor":31.0},{"not_picked":["Exhume","Barricade+1","Juggernaut+1"],"picked":"Immolate","floor":33.0},{"not_picked":["Clash+1","Rampage","Heavy Blade"],"picked":"Pommel Strike","floor":35.0},{"not_picked":["Sword Boomerang+1","Shrug It Off","Armaments","Sever Soul"],"picked":"SKIP","floor":36.0},{"not_picked":["Ghostly Armor+1","Exhume","Armaments","Headbutt"],"picked":"SKIP","floor":37.0},{"not_picked":["Body Slam+1","Anger+1","Flex+1"],"picked":"Pommel Strike+1","floor":38.0},{"not_picked":["Rupture+1","Flame Barrier","Iron Wave+1","Sentinel"],"picked":"SKIP","floor":40},{"not_picked":["Corruption+1","Brutality+1","Carnage+1","Fiend Fire"],"picked":"SKIP","floor":42},{"not_picked":["Rage","Hemokinesis","Iron Wave","Uppercut+1"],"picked":"SKIP","floor":44},{"not_picked":["Body Slam+1","Pommel Strike","Armaments+1","Fiend Fire"],"picked":"SKIP","floor":45},{"not_picked":["Reckless Charge+1","Burning Pact","Twin Strike"],"picked":"Pommel Strike","floor":47},{"not_picked":["Bloodletting+1","Dropkick","Combust+1","Feel No Pain+1"],"picked":"SKIP","floor":48}],"player_experience":227936,"relics_obtained":[{"floor":6.0,"key":"Pantograph"},{"floor":8.0,"key":"MawBank"},{"floor":9.0,"key":"Kunai"},{"floor":10.0,"key":"Gremlin Horn"},{"floor":21.0,"key":"Necronomicon"},{"floor":23.0,"key":"Question Card"},{"floor":26.0,"key":"Frozen Egg 2"},{"floor":40,"key":"Nunchaku"},{"floor":42,"key":"Turnip"},{"floor":43,"key":"Art of War"},{"floor":47,"key":"Bronze Scales"}],"event_choices":[{"damage_healed":0.0,"max_hp_gain":0.0,"max_hp_loss":0.0,"gold_gain":0.0,"event_name":"Cursed Tome","player_choice":"Obtained Book","floor":21.0,"gold_loss":0.0,"damage_taken":16.0},{"damage_healed":0.0,"max_hp_gain":0.0,"max_hp_loss":0.0,"gold_gain":99.0,"event_name":"Nest","player_choice":"Stole From Cult","floor":22.0,"gold_loss":0.0,"damage_taken":0.0},{"damage_healed":0.0,"max_hp_gain":0.0,"max_hp_loss":0.0,"gold_gain":0.0,"event_name":"The Library","player_choice":"Read","floor":25.0,"gold_loss":0.0,"damage_taken":0.0,"cards_obtained":["Perfected Strike"]},{"cards_removed":["Defend_R"],"damage_healed":0.0,"max_hp_gain":0.0,"max_hp_loss":0.0,"gold_gain":0.0,"event_name":"Falling","player_choice":"Removed Skill","floor":39.0,"gold_loss":0.0,"damage_taken":0.0},{"damage_healed":0,"gold_gain":0,"player_choice":"Ignored","damage_taken":0,"max_hp_gain":0,"max_hp_loss":0,"event_name":"SecretPortal","floor":41,"gold_loss":0}],"is_beta":false,"boss_relics":[{"not_picked":["Runic Pyramid","Empty Cage"],"picked":"Cursed Key"},{"not_picked":["Tiny House","Runic Cube"],"picked":"Philosopher\u0027s Stone"}],"items_purged_floors":[29,46],"is_endless":false,"potions_floor_spawned":[3,5,6,7,13,18,19,20,35,36,42,47,48],"ascension_level":6}}