{"host":"sav7uxregyirlf69","time":1611478327,"event":{"mods":["AchievementEnabler","BaseMod","Colored Map","DeckTracker","Keyboard Shortcuts","Minty Spire (QoL Compilation)","READ ME - Guardian Mod","StSLib","SuperFastMode"],"gold_per_floor":[112,187,201,201,216,216,245,245,293,293,293,46,59,7,7,84,84,99,99,99,115,130,130,149,149,149],"floor_reached":25,"language":"KOR","playtime":1150,"items_purged":["Strike_G"],"score":402,"play_id":"af8ed664-4986-4b37-84c6-121da2077c76","local_time":"20210124175207","is_ascension_mode":true,"campfire_choices":[{"data":"Choke","floor":6,"key":"SMITH"},{"data":"Terror","floor":8,"key":"SMITH"},{"floor":10,"key":"REST"},{"data":"Cloak And Dagger","floor":15,"key":"SMITH"},{"data":"Reflex","floor":23,"key":"SMITH"}],"circlet_count":0,"master_deck":["AscendersBane","Strike_G","Defend_G","Defend_G","Defend_G","Defend_G","Survivor","Neutralize","Poisoned Stab","Dagger Throw","Choke+1","Terror+1","Wraith Form v2","Cloak And Dagger+1","Burst","Eviscerate+1","Prepared+1","After Image+1","Reflex+1","Blade Dance","Prepared","Well Laid Plans+1","Escape Plan"],"relics":["Ring of the Snake","Lantern","Toy Ornithopter","Dream Catcher","Happy Flower","Astrolabe"],"acts_visited":["Exordium","TheCity"],"potions_floor_usage":[16,24,25],"damage_taken":[{"damage":1,"enemies":"2 Louse","floor":1,"turns":3},{"damage":0,"enemies":"Small Slimes","floor":3,"turns":4},{"damage":0,"enemies":"Jaw Worm","floor":5,"turns":3},{"damage":27,"enemies":"3 Sentries","floor":7,"turns":12},{"damage":4,"enemies":"Looter","floor":13,"turns":4},{"damage":17,"enemies":"The Guardian","floor":16,"turns":11},{"damage":29,"enemies":"3 Byrds","floor":18,"turns":6},{"damage":0,"enemies":"Chosen","floor":21,"turns":2},{"damage":0,"enemies":"Snecko","floor":22,"turns":4},{"damage":6,"enemies":"3 Cultists","floor":24,"turns":5},{"damage":39,"enemies":"Book of Stabbing","floor":25,"turns":5}],"seed_played":"-6526142061186656077","potions_obtained":[{"floor":1,"key":"SteroidPotion"},{"floor":7,"key":"PowerPotion"},{"floor":16,"key":"Poison Potion"},{"floor":21,"key":"Strength Potion"},{"floor":24,"key":"Dexterity Potion"}],"is_trial":false,"path_per_floor":["M","?","M","?","M","R","E","R","T","R","?","$","M","$","R","B",null,"M","?","?","M","M","R","M","E"],"character_chosen":"THE_SILENT","items_purchased":["Happy Flower","Cloak And Dagger"],"campfire_rested":1,"item_purchase_floors":[12,14],"current_hp_per_floor":[58,47,47,52,52,52,25,25,25,46,46,46,42,42,42,30,61,32,32,32,32,32,32,31,0,0],"gold":149,"neow_bonus":"RANDOM_COMMON_RELIC","is_daily":false,"chose_seed":false,"campfire_upgraded":4,"win_rate":0.0,"timestamp":1611478327,"path_taken":["M","?","M","?","M","R","E","R","T","R","?","$","M","?","R","BOSS","M","?","?","?","M","R","M","E"],"items_purchased_type":["Relic","Card"],"build_version":"2020-12-22","purchased_purges":1,"victory":false,"max_hp_per_floor":[66,66,66,71,71,71,71,71,71,71,71,71,71,71,71,71,71,71,71,71,71,71,71,71,71,71],"card_choices":[{"not_picked":["Expertise","Flechettes"],"picked":"Poisoned Stab","floor":1},{"not_picked":["Backflip","Masterful Stab"],"picked":"Dagger Throw","floor":3},{"not_picked":["Deflect","PiercingWail"],"picked":"Choke","floor":5},{"not_picked":["Slice","Outmaneuver"],"picked":"Terror","floor":7},{"not_picked":["Expertise","Blur","Dodge and Roll"],"picked":"SKIP","floor":13},{"not_picked":["Doppelganger","Glass Knife"],"picked":"Burst","floor":16},{"not_picked":["Outmaneuver+1","Underhanded Strike"],"picked":"Reflex","floor":18},{"not_picked":["Cloak And Dagger","Dagger Spray"],"picked":"Prepared","floor":21},{"not_picked":["Expertise","Deflect"],"picked":"Well Laid Plans+1","floor":22},{"not_picked":["Distraction","Bullet Time"],"picked":"Escape Plan","floor":24}],"player_experience":1371809,"relics_obtained":[{"floor":7,"key":"Toy Ornithopter"},{"floor":9,"key":"Dream Catcher"}],"event_choices":[{"damage_healed":0,"gold_gain":75,"player_choice":"Gather Gold","damage_taken":11,"max_hp_gain":0,"max_hp_loss":0,"event_name":"World of Goop","floor":2,"gold_loss":0},{"damage_healed":0,"gold_gain":0,"player_choice":"Donut","damage_taken":0,"max_hp_gain":5,"max_hp_loss":0,"event_name":"Big Fish","floor":4,"gold_loss":0},{"damage_healed":0,"gold_gain":0,"cards_transformed":["Strike_G"],"player_choice":"Change","damage_taken":0,"max_hp_gain":0,"max_hp_loss":0,"event_name":"Living Wall","floor":11,"gold_loss":0,"cards_obtained":["Wraith Form v2"]},{"damage_healed":0,"gold_gain":0,"player_choice":"Read","damage_taken":0,"max_hp_gain":0,"max_hp_loss":0,"event_name":"The Library","floor":19,"gold_loss":0,"cards_obtained":["Blade Dance"]},{"damage_healed":0,"gold_gain":0,"player_choice":"Ignored","damage_taken":0,"max_hp_gain":0,"max_hp_loss":0,"event_name":"Cursed Tome","floor":20,"gold_loss":0}],"is_beta":false,"boss_relics":[{"not_picked":["Fusion Hammer","Sozu"],"picked":"Astrolabe"}],"items_purged_floors":[12],"is_endless":false,"potions_floor_spawned":[1,7,16,18,21,24],"killed_by":"Book of Stabbing","ascension_level":20}}