{"host":"ndqo0ze3xqwwg5zo","time":1611523041,"event":{"mods":["BaseMod","Colored Powertips","Downfall","Hermit","Minty Spire (QoL Compilation)","StSLib","The Cursed","The Disciple","The Hierophant","The Necromancer","The Servant 0.9.4"],"gold_per_floor":[109,29,29,43,43,43,43,64,88,88,109,130,145,159,159,283,346,365,147,170,95,119,119,138,53,78,177,196,209,228,252,252,378,378,393,726,740,487,505,530,530,530,553,568,568,568,582,289,289,289],"floor_reached":51,"language":"ENG","playtime":3934,"items_purged":["Strike_W","Strike_W","Strike_W"],"score":700,"play_id":"261a0ec7-f950-41b6-9d66-3846110d0c7d","local_time":"20210124151721","is_ascension_mode":false,"campfire_choices":[{"data":"Summon_Undead_Army","floor":6,"key":"SMITH"},{"data":"Uncharnel","floor":10,"key":"SMITH"},{"floor":15,"key":"REST"},{"data":"Summon_Undead_Army","floor":23,"key":"SMITH"},{"data":"Summon_Undead","floor":32,"key":"SMITH"},{"data":"Bone_Armor","floor":41,"key":"SMITH"},{"data":"Summon_Undead","floor":45,"key":"SMITH"},{"data":"Negative_Energy_Shield","floor":49,"key":"SMITH"}],"circlet_count":0,"master_deck":["Defend_W","Defend_W","Defend_W","Defend_W","Negative_Energy_Arrows","Bone_Wall+1","Summon_Undead_Army+1","Summon_Undead+1","Uncharnel+1","Negative_Energy_Shield+1","Bone_Armor+1","Summon_Undead+1","Summon_Undead_Army+1","Spectral_Armor+1","Bones_to_Steel+1","Summon_Lich","Spectral_Armor+1","Shade_Step+1","Negative_Energy_Shield+1"],"relics":["Vampire_Amulet","NeowsBlessing","Regal Pillow","Tiny House","Lantern","Happy Flower","Orichalcum","Runic Pyramid","War Paint","Bag of Preparation","Bronze Scales"],"acts_visited":["Exordium","TheCity","TheBeyond"],"potions_floor_usage":[16,29,33,33,35,50,50],"damage_taken":[{"damage":0,"enemies":"Small Slimes","floor":1,"turns":1},{"damage":0,"enemies":"2 Louse","floor":4,"turns":1},{"damage":0,"enemies":"Jaw Worm","floor":8,"turns":1},{"damage":6,"enemies":"Exordium Wildlife","floor":11,"turns":3},{"damage":12,"enemies":"3 Louse","floor":12,"turns":4},{"damage":3,"enemies":"Blue Slaver","floor":13,"turns":4},{"damage":25,"enemies":"Gremlin Gang","floor":14,"turns":4},{"damage":16,"enemies":"The Guardian","floor":16,"turns":10},{"damage":30,"enemies":"2 Thieves","floor":18,"turns":5},{"damage":7,"enemies":"Shell Parasite","floor":20,"turns":5},{"damage":14,"enemies":"Cultist and Chosen","floor":22,"turns":6},{"damage":23,"enemies":"Centurion and Healer","floor":24,"turns":5},{"damage":15,"enemies":"Snake Plant","floor":28,"turns":3},{"damage":9,"enemies":"3 Cultists","floor":29,"turns":5},{"damage":2,"enemies":"Centurion and Healer","floor":30,"turns":8},{"damage":0,"enemies":"Snecko","floor":31,"turns":4},{"damage":11,"enemies":"Champ","floor":33,"turns":10},{"damage":12,"enemies":"Orb Walker","floor":35,"turns":4},{"damage":16,"enemies":"3 Darklings","floor":37,"turns":5},{"damage":0,"enemies":"Maw","floor":39,"turns":9},{"damage":27,"enemies":"Nemesis","floor":40,"turns":7},{"damage":8,"enemies":"Sphere and 2 Shapes","floor":44,"turns":5},{"damage":11,"enemies":"Spire Growth","floor":47,"turns":7},{"damage":30,"enemies":"Awakened One","floor":50,"turns":13}],"seed_played":"-6981809412846121515","potions_obtained":[{"floor":1,"key":"Energy Potion"},{"floor":11,"key":"Block Potion"},{"floor":12,"key":"Strength Potion"},{"floor":17,"key":"Guardian:BlockOnCardUsePotion"},{"floor":28,"key":"Block Potion"},{"floor":29,"key":"Swift Potion"},{"floor":30,"key":"DistilledChaos"},{"floor":40,"key":"ColorlessPotion"}],"is_trial":false,"path_per_floor":["M","$","?","M","?","R","?","M","T","R","M","M","M","M","R","B",null,"M","$","M","$","M","R","M","?","T","?","M","M","M","M","R","B",null,"M","?","M","$","M","E","R","?","T","M","R","?","M","$","R","B",null],"character_chosen":"NECROMANCER","items_purchased":["Summon_Undead","Summon_Undead_Army","Lantern","War Paint","Negative_Energy_Shield","PowerPotion","Slimebound:ThreeZeroPotion"],"campfire_rested":1,"item_purchase_floors":[2,19,19,38,48,48,48],"current_hp_per_floor":[75,75,75,75,80,80,74,74,74,74,72,66,65,48,74,60,79,55,55,50,50,40,40,36,36,36,36,32,44,57,59,59,68,79,71,71,57,57,59,49,49,49,49,64,64,69,60,60,60,79],"gold":289,"neow_bonus":"THREE_ENEMY_KILL","is_daily":false,"chose_seed":false,"campfire_upgraded":7,"win_rate":0.0,"timestamp":1611523041,"path_taken":["M","$","?","M","?","R","?","M","T","R","M","M","M","M","R","BOSS","M","$","M","$","M","R","M","?","T","?","M","M","M","M","R","BOSS","M","?","M","$","M","E","R","?","T","M","R","?","M","$","R","BOSS"],"items_purchased_type":["Card","Card","Relic","Relic","Card","Potion","Potion"],"build_version":"2020-12-22","purchased_purges":3,"victory":true,"max_hp_per_floor":[75,75,75,75,80,80,74,74,74,74,74,74,74,74,74,74,79,79,79,79,79,79,79,79,79,79,79,79,79,79,79,79,79,79,79,79,79,79,79,79,79,79,79,79,79,79,79,79,79,79],"card_choices":[{"not_picked":["Consume_Illness","Necromantic_Selection"],"picked":"Summon_Undead_Army","floor":1},{"not_picked":["Blood_Whip","Whirlwind_of_Bones"],"picked":"Uncharnel","floor":4},{"not_picked":["Bone_Shift","Bone_Spikes","Shackles_Of_Pain"],"picked":"SKIP","floor":8},{"not_picked":["Necrotic_Claws","Shackles_Of_Pain"],"picked":"Negative_Energy_Shield","floor":11},{"not_picked":["Death_March_Dance","Stop_Heart"],"picked":"Bone_Armor","floor":12},{"not_picked":["Detonate_Bones","Negative_Energy_Mist","Bone_Bullets"],"picked":"SKIP","floor":13},{"not_picked":["Bone_Shift","Thousand_Bone_Knives","Finger_Of_Death"],"picked":"SKIP","floor":14},{"not_picked":["Scare","Chill_Blood"],"picked":"Vampiric_Strike","floor":17},{"not_picked":["Detonate_Bones","Flesh_Made_Foul+1"],"picked":"Summon_Undead","floor":18},{"not_picked":["Bones_to_Steel","Bone_Spikes","Bone_Shift"],"picked":"SKIP","floor":20},{"not_picked":["Negative_Energy_Mist","Negative_Energy_Sphere","Shackles_Of_Pain"],"picked":"SKIP","floor":22},{"not_picked":["Shackles_Of_Pain","Life_Drain"],"picked":"Spectral_Armor+1","floor":24},{"not_picked":["Blood_Shield","Blood_for_Blood"],"picked":"Bones_to_Steel+1","floor":28},{"not_picked":["Skeleton_Dragon","Finger_Of_Death+1","Negative_Energy_Shield"],"picked":"SKIP","floor":29},{"not_picked":["Negative_Energy_Sphere","Death_March_Dance+1"],"picked":"Summon_Lich","floor":30},{"not_picked":["Vampiric_Strike","Requiem","Negative_Energy_Mist"],"picked":"SKIP","floor":31},{"not_picked":["Negative_Energy_Mist","Bones_to_Steel","Chill_Blood"],"picked":"SKIP","floor":35},{"not_picked":["Siphon_Strength","Negative_Energy_Burst+1"],"picked":"Spectral_Armor","floor":37},{"not_picked":["Chill_Blood+1","Scare"],"picked":"Shade_Step+1","floor":39},{"not_picked":["Violent_Necrosis+1","Bone_Shift+1","Flesh_Made_Foul+1"],"picked":"SKIP","floor":40},{"not_picked":["Flesh_Made_Foul+1","Shackles_Of_Pain+1","Blood_Shield"],"picked":"SKIP","floor":44},{"not_picked":["Negative_Energy_Sphere","Violent_Necrosis+1","Flesh_Made_Foul"],"picked":"SKIP","floor":47}],"player_experience":3078,"relics_obtained":[{"floor":9,"key":"Regal Pillow"},{"floor":26,"key":"Orichalcum"},{"floor":40,"key":"Bag of Preparation"},{"floor":43,"key":"Bronze Scales"}],"event_choices":[{"damage_healed":0,"gold_gain":0,"player_choice":"Ignored","damage_taken":0,"max_hp_gain":0,"max_hp_loss":0,"event_name":"Golden Wing","floor":3,"gold_loss":0},{"damage_healed":0,"gold_gain":0,"player_choice":"Donut","damage_taken":0,"max_hp_gain":5,"max_hp_loss":0,"event_name":"Big Fish","floor":5,"gold_loss":0},{"damage_healed":0,"gold_gain":0,"player_choice":"Lose Max HP","damage_taken":0,"relics_obtained":["Golden Idol"],"max_hp_gain":0,"max_hp_loss":6,"event_name":"Golden Idol","floor":7,"gold_loss":0},{"damage_healed":0,"gold_gain":0,"player_choice":"Obtained Relic","damage_taken":0,"relics_obtained":["Happy Flower"],"max_hp_gain":0,"max_hp_loss":0,"event_name":"Addict","floor":25,"gold_loss":85},{"damage_healed":0,"gold_gain":99,"player_choice":"Stole From Cult","damage_taken":0,"max_hp_gain":0,"max_hp_loss":0,"event_name":"Nest","floor":27,"gold_loss":0},{"damage_healed":0,"gold_gain":333,"player_choice":"Gave Idol","damage_taken":0,"max_hp_gain":0,"max_hp_loss":0,"event_name":"The Moai Head","floor":36,"relics_lost":["Golden Idol"],"gold_loss":0},{"cards_removed":["Strike_W"],"damage_healed":0,"gold_gain":0,"player_choice":"Removed Attack","damage_taken":0,"max_hp_gain":0,"max_hp_loss":0,"event_name":"Falling","floor":42,"gold_loss":0},{"cards_removed":["Vampiric_Strike"],"damage_healed":5,"gold_gain":0,"player_choice":"Offered Common","damage_taken":0,"max_hp_gain":0,"max_hp_loss":0,"event_name":"Bonfire Elementals","floor":46,"gold_loss":0},{"cards_removed":["Vampiric_Strike"],"damage_healed":5,"gold_gain":0,"player_choice":"Offered Special","damage_taken":0,"max_hp_gain":0,"max_hp_loss":0,"event_name":"Bonfire Elementals","floor":46,"gold_loss":0}],"is_beta":false,"boss_relics":[{"not_picked":["Black Star","Snecko Eye"],"picked":"Tiny House"},{"not_picked":["Coffee Dripper","Calling Bell"],"picked":"Runic Pyramid"}],"items_purged_floors":[21,38,48],"is_endless":false,"potions_floor_spawned":[1,11,12,14,24,28,29,30,40],"ascension_level":0}}