{"host":"i0avyit1s6jb1siw","time":1611487942,"event":{"mods":["BaseMod","DeckTracker","Dota2Spire","Highlight Path","Minty Spire (QoL Compilation)","Quick Restart","StSLib","SuperFastMode"],"gold_per_floor":[99,99,99,99,99,99,99,99,99,99,24,24,24,24,24,24,24,24,24,24],"floor_reached":19,"language":"ENG","playtime":535,"items_purged":["Strike_G"],"score":428,"play_id":"533da11c-e5ab-419c-adb0-8debe53bb53d","local_time":"20210124123222","is_ascension_mode":true,"campfire_choices":[{"data":"All Out Attack","floor":6,"key":"SMITH"},{"data":"Riddle With Holes","floor":13,"key":"SMITH"},{"data":"Deadly Poison","floor":15,"key":"SMITH"}],"circlet_count":0,"master_deck":["AscendersBane","Strike_G","Strike_G","Strike_G","Strike_G","Defend_G","Defend_G","Defend_G","Defend_G","Defend_G","Survivor","Neutralize","Cloak And Dagger","Dagger Throw","All Out Attack+1","Riddle With Holes+1","Acrobatics","Deadly Poison+1","Blade Dance","Leg Sweep","Burst","PiercingWail"],"relics":["Ectoplasm","Omamori","Akabeko","Juzu Bracelet","Dota2Spire:Vanguard","Dota2Spire:HandOfMidas","Black Star"],"acts_visited":["Exordium","TheCity"],"potions_floor_usage":[8,10,16,18],"damage_taken":[{"damage":0,"enemies":"Jaw Worm","floor":1,"turns":5},{"damage":0,"enemies":"Small Slimes","floor":2,"turns":4},{"damage":0,"enemies":"Cultist","floor":3,"turns":4},{"damage":9,"enemies":"Large Slime","floor":4,"turns":10},{"damage":6,"enemies":"3 Louse","floor":5,"turns":4},{"damage":0,"enemies":"3 Sentries","floor":8,"turns":6},{"damage":6,"enemies":"Lagavulin","floor":10,"turns":7},{"damage":0,"enemies":"Exordium Wildlife","floor":12,"turns":1},{"damage":11,"enemies":"3 Sentries","floor":14,"turns":6},{"damage":9,"enemies":"The Guardian","floor":16,"turns":10},{"damage":15,"enemies":"Shell Parasite","floor":18,"turns":2},{"damage":41,"enemies":"Masked Bandits","floor":19,"turns":3}],"seed_played":"4995356694693901823","potions_obtained":[{"floor":4,"key":"DistilledChaos"},{"floor":5,"key":"Block Potion"},{"floor":12,"key":"FearPotion"},{"floor":14,"key":"DistilledChaos"},{"floor":16,"key":"SteroidPotion"}],"is_trial":false,"path_per_floor":["M","M","M","M","M","R","?","E","T","E","$","M","R","E","R","B",null,"M","?"],"character_chosen":"THE_SILENT","items_purchased":[],"campfire_rested":0,"item_purchase_floors":[],"current_hp_per_floor":[59,59,59,50,44,44,33,33,33,27,27,27,27,16,16,7,51,36,0,0],"gold":24,"neow_bonus":"BOSS_RELIC","is_daily":false,"chose_seed":false,"campfire_upgraded":3,"win_rate":0.0,"timestamp":1611487942,"path_taken":["M","M","M","M","M","R","?","E","T","E","$","M","R","E","R","BOSS","M","?"],"items_purchased_type":[],"build_version":"2020-12-22","purchased_purges":1,"victory":false,"max_hp_per_floor":[66,66,66,66,66,66,66,66,66,66,66,66,66,66,66,66,66,66,66,66],"card_choices":[{"not_picked":["Prepared","Outmaneuver"],"picked":"Cloak And Dagger","floor":1},{"not_picked":["Deflect","Slice","Prepared"],"picked":"SKIP","floor":2},{"not_picked":["Footwork","Calculated Gamble"],"picked":"Dagger Throw","floor":3},{"not_picked":["Outmaneuver","Catalyst"],"picked":"All Out Attack","floor":4},{"not_picked":["Setup","Cloak And Dagger"],"picked":"Riddle With Holes","floor":5},{"not_picked":["Setup","Tools of the Trade"],"picked":"Acrobatics","floor":8},{"not_picked":["Cloak And Dagger","Setup"],"picked":"Deadly Poison","floor":10},{"not_picked":["Skewer","Cloak And Dagger"],"picked":"Blade Dance","floor":12},{"not_picked":["Cloak And Dagger","Dagger Throw"],"picked":"Leg Sweep","floor":14},{"not_picked":["Grand Finale","A Thousand Cuts"],"picked":"Burst","floor":16},{"not_picked":["Expertise+1","Masterful Stab+1"],"picked":"PiercingWail","floor":18}],"player_experience":2326433,"relics_obtained":[{"floor":8,"key":"Akabeko"},{"floor":9,"key":"Juzu Bracelet"},{"floor":10,"key":"Dota2Spire:Vanguard"},{"floor":14,"key":"Dota2Spire:HandOfMidas"}],"event_choices":[{"damage_healed":0,"gold_gain":0,"player_choice":"Success","damage_taken":11,"relics_obtained":["Omamori"],"max_hp_gain":0,"max_hp_loss":0,"event_name":"Scrap Ooze","floor":7,"gold_loss":0},{"damage_healed":0,"gold_gain":0,"player_choice":"Fought Bandits","damage_taken":0,"max_hp_gain":0,"max_hp_loss":0,"event_name":"Masked Bandits","floor":19,"gold_loss":0}],"is_beta":false,"boss_relics":[{"not_picked":["Coffee Dripper","Cursed Key"],"picked":"Black Star"}],"items_purged_floors":[11],"is_endless":false,"potions_floor_spawned":[4,5,12,14,16],"killed_by":"Masked Bandits","ascension_level":20}}