{"host":"04hh9gplt9wkfmr1","time":1611496800,"event":{"mods":["AchievementEnabler","BaseMod","Colored Map","KOR Keyword Fix","Minty Spire (QoL Compilation)","Rare Cards Sparkle","SuperFastMode"],"gold_per_floor":[110,127,140,151,170,170,190,217,217,217,217,251,251,274,274,398,398,418,438,458,471,495,526,526,526,526],"floor_reached":25,"language":"KOR","playtime":977,"items_purged":[],"score":311,"play_id":"07d36a71-8dd8-46c5-8098-4fb4cb822716","local_time":"20210124230000","is_ascension_mode":true,"campfire_choices":[{"data":"Dualcast","floor":6.0,"key":"SMITH"},{"data":"Zap","floor":10.0,"key":"SMITH"},{"floor":15.0,"key":"REST"},{"floor":24,"key":"REST"}],"circlet_count":0,"master_deck":["Strike_B","Strike_B","Strike_B","Strike_B","Defend_B","Defend_B","Defend_B","Defend_B","Zap+1","Dualcast+1","Conserve Battery","Glacier","Double Energy","Ball Lightning","Ball Lightning","Genetic Algorithm+1","Tempest+1","Rainbow+1","Darkness+1","Hologram+1","Static Discharge","Consume+1"],"relics":["Cracked Core","Toxic Egg 2","Symbiotic Virus","Golden Idol","Thread and Needle","Velvet Choker","Molten Egg 2"],"acts_visited":["Exordium","TheCity"],"potions_floor_usage":[23],"damage_taken":[{"damage":0.0,"enemies":"2 Louse","floor":1.0,"turns":2.0},{"damage":2.0,"enemies":"Jaw Worm","floor":2.0,"turns":3.0},{"damage":0.0,"enemies":"Cultist","floor":3.0,"turns":4.0},{"damage":0.0,"enemies":"Exordium Wildlife","floor":4.0,"turns":6.0},{"damage":4.0,"enemies":"2 Fungi Beasts","floor":5.0,"turns":4.0},{"damage":13.0,"enemies":"Exordium Thugs","floor":7.0,"turns":5.0},{"damage":12.0,"enemies":"3 Sentries","floor":8.0,"turns":7.0},{"damage":13.0,"enemies":"Lagavulin","floor":12.0,"turns":5.0},{"damage":0.0,"enemies":"3 Louse","floor":14.0,"turns":2.0},{"damage":16.0,"enemies":"Hexaghost","floor":16.0,"turns":12.0},{"damage":0.0,"enemies":"Spheric Guardian","floor":18.0,"turns":3.0},{"damage":0.0,"enemies":"Chosen","floor":19.0,"turns":4.0},{"damage":7.0,"enemies":"Centurion and Healer","floor":20.0,"turns":7.0},{"damage":7.0,"enemies":"Cultist and Chosen","floor":21.0,"turns":6.0},{"damage":12,"enemies":"Shelled Parasite and Fungi","floor":22,"turns":5},{"damage":14,"enemies":"Slavers","floor":23,"turns":7},{"damage":50,"enemies":"Gremlin Leader","floor":25,"turns":6}],"seed_played":"6852796639592863483","potions_obtained":[{"floor":2.0,"key":"EssenceOfSteel"},{"floor":7.0,"key":"GamblersBrew"},{"floor":8.0,"key":"Swift Potion"},{"floor":12.0,"key":"Dexterity Potion"},{"floor":20.0,"key":"Fire Potion"}],"is_trial":false,"path_per_floor":["M","M","M","M","M","R","M","E","T","R","?","E","?","M","R","B",null,"M","M","M","M","M","E","R","E"],"character_chosen":"DEFECT","items_purchased":[],"campfire_rested":2,"item_purchase_floors":[],"current_hp_per_floor":[75,73,73,73,69,69,56,44,44,44,24,11,3,3,27,11,64,64,64,57,50,38,24,48,0,0],"gold":526,"neow_bonus":"TEN_PERCENT_HP_BONUS","is_daily":false,"chose_seed":false,"campfire_upgraded":2,"win_rate":0.0,"timestamp":1611496800,"path_taken":["M","M","M","M","M","R","M","E","T","R","?","E","?","M","R","BOSS","M","?","M","M","M","E","R","E"],"items_purchased_type":[],"build_version":"2020-12-22","purchased_purges":0,"victory":false,"max_hp_per_floor":[82,82,82,82,82,82,82,82,82,82,82,82,82,82,82,82,82,82,82,82,82,82,82,82,82,82],"card_choices":[{"not_picked":["Sweeping Beam","Leap"],"picked":"Conserve Battery","floor":1.0},{"not_picked":["Self Repair","Cold Snap"],"picked":"Glacier","floor":2.0},{"not_picked":["Cold Snap","Compile Driver"],"picked":"Double Energy","floor":3.0},{"not_picked":["Auto Shields","Heatsinks"],"picked":"Ball Lightning","floor":4.0},{"not_picked":["Redo","Go for the Eyes","Tempest"],"picked":"SKIP","floor":5.0},{"not_picked":["Hologram","Redo"],"picked":"Ball Lightning","floor":7.0},{"not_picked":["Coolheaded+1","Compile Driver","Rebound"],"picked":"SKIP","floor":8.0},{"not_picked":["Coolheaded+1","Compile Driver","Rebound"],"picked":"SKIP","floor":8.0},{"not_picked":["Sunder","Coolheaded+1"],"picked":"Genetic Algorithm+1","floor":12.0},{"not_picked":["Ball Lightning","Barrage"],"picked":"Tempest+1","floor":14.0},{"not_picked":["Biased Cognition","Thunder Strike"],"picked":"Rainbow+1","floor":16.0},{"not_picked":["FTL","Auto Shields+1"],"picked":"Darkness+1","floor":18.0},{"not_picked":["Leap+1","Reinforced Body+1"],"picked":"Hologram+1","floor":19.0},{"not_picked":["Aggregate+1","Rebound"],"picked":"Static Discharge","floor":20.0},{"not_picked":["Compile Driver+1","Steam Power+1","Conserve Battery+1"],"picked":"SKIP","floor":21},{"not_picked":["Gash+1","Heatsinks","Go for the Eyes"],"picked":"SKIP","floor":22},{"not_picked":["Go for the Eyes+1","Blizzard+1"],"picked":"Consume+1","floor":23}],"player_experience":76485,"relics_obtained":[{"floor":8.0,"key":"Toxic Egg 2"},{"floor":9.0,"key":"Symbiotic Virus"},{"floor":12.0,"key":"Thread and Needle"},{"floor":23,"key":"Molten Egg 2"}],"event_choices":[{"damage_healed":0.0,"max_hp_gain":0.0,"max_hp_loss":0.0,"gold_gain":0.0,"event_name":"Golden Idol","player_choice":"Take Damage","floor":11.0,"gold_loss":0.0,"damage_taken":20.0,"relics_obtained":["Golden Idol"]},{"damage_healed":0.0,"max_hp_gain":0.0,"max_hp_loss":0.0,"gold_gain":0.0,"event_name":"Wheel of Change","player_choice":"Damaged","floor":13.0,"gold_loss":0.0,"damage_taken":8.0}],"is_beta":false,"boss_relics":[{"not_picked":["Runic Dome","Busted Crown"],"picked":"Velvet Choker"}],"items_purged_floors":[],"is_endless":false,"potions_floor_spawned":[2,7,8,12,20],"killed_by":"Gremlin Leader","ascension_level":6}}