{"host":"y3h3n3f7seyagppx","time":1611513999,"event":{"mods":["AlwaysNeverKeys","BaseMod","Better Vampires","Colored Powertips","DeckTracker","Emptier Cage","Minty Spire (QoL Compilation)","Permanent Neow","Quick Restart","Rare Cards Sparkle","Relic Sorter","Relic Stats","StSLib","Transform Curses"],"gold_per_floor":[117,117,117,42,56,90,90,101,126,126,137,137,163,178,178,252,252,271,7,7,20,35,60,60,85,109,109,109],"floor_reached":27,"language":"ENG","playtime":2028,"items_purged":["Pain","Strike_G"],"score":622,"play_id":"82e7cb71-43cc-4f1c-9bd2-1716fd07c79c","local_time":"20210124134639","is_ascension_mode":true,"campfire_choices":[{"data":"Neutralize","floor":7.0,"key":"SMITH"},{"data":"Dagger Spray","floor":10.0,"key":"SMITH"},{"data":"Blade Dance","floor":12.0,"key":"SMITH"},{"data":"Backflip","floor":15.0,"key":"SMITH"},{"data":"Footwork","floor":24,"key":"SMITH"}],"circlet_count":0,"master_deck":["AscendersBane","Strike_G","Strike_G","Strike_G","Strike_G","Defend_G","Defend_G","Defend_G","Defend_G","Defend_G","Survivor","Neutralize+1","Leg Sweep","Dagger Spray+1","Blade Dance+1","Night Terror","Backflip+1","Die Die Die","Footwork+1","Crippling Poison+1","Catalyst+1","Catalyst","Noxious Fumes","Pain"],"relics":["SacredBark","WarpedTongs","Blood Vial","Boot","Pear","Cursed Key","ClockworkSouvenir","Nunchaku","Tiny Chest","Omamori"],"acts_visited":["Exordium","TheCity"],"potions_floor_usage":[23,27],"damage_taken":[{"damage":3.0,"enemies":"2 Louse","floor":1.0,"turns":3.0},{"damage":0.0,"enemies":"Cultist","floor":5.0,"turns":5.0},{"damage":20.0,"enemies":"Lagavulin","floor":6.0,"turns":16.0},{"damage":1.0,"enemies":"Jaw Worm","floor":8.0,"turns":5.0},{"damage":0.0,"enemies":"Exordium Wildlife","floor":11.0,"turns":3.0},{"damage":9.0,"enemies":"3 Sentries","floor":13.0,"turns":8.0},{"damage":0.0,"enemies":"Blue Slaver","floor":14.0,"turns":4.0},{"damage":31.0,"enemies":"The Guardian","floor":16.0,"turns":20.0},{"damage":0.0,"enemies":"3 Byrds","floor":18.0,"turns":4.0},{"damage":16.0,"enemies":"2 Thieves","floor":21.0,"turns":5.0},{"damage":0,"enemies":"Chosen and Byrds","floor":22,"turns":5},{"damage":0,"enemies":"Book of Stabbing","floor":23,"turns":3},{"damage":45,"enemies":"Slavers","floor":25,"turns":5},{"damage":16,"enemies":"Colosseum Slavers","floor":27,"turns":2}],"seed_played":"7411775358658182175","potions_obtained":[{"floor":1.0,"key":"Swift Potion"},{"floor":5.0,"key":"EssenceOfSteel"},{"floor":11.0,"key":"Ancient Potion"},{"floor":22,"key":"Energy Potion"},{"floor":25,"key":"Swift Potion"}],"is_trial":false,"path_per_floor":["M","?","$","$","M","E","R","M","T","R","M","R","E","M","R","B",null,"M","$","?","M","M","E","R","E","T","?"],"character_chosen":"THE_SILENT","items_purchased":["ClockworkSouvenir"],"campfire_rested":0,"item_purchase_floors":[19],"current_hp_per_floor":[56,56,56,56,56,36,36,37,37,37,39,39,42,44,44,15,61,63,63,63,49,51,53,53,10,10,0,0],"gold":109,"neow_bonus":"BOSS_RELIC","is_daily":false,"chose_seed":false,"campfire_upgraded":5,"win_rate":0.0,"timestamp":1611513999,"path_taken":["M","?","?","$","M","E","R","M","T","R","M","R","E","?","R","BOSS","M","$","?","M","M","E","R","E","T","?"],"items_purchased_type":["Relic"],"build_version":"2020-12-22","purchased_purges":2,"victory":false,"max_hp_per_floor":[66,66,66,66,66,66,66,66,66,66,66,66,76,76,76,76,76,76,76,76,76,76,76,76,76,76,76,76],"relic_stats":{"Blood Vial":22,"Nunchaku":[1],"counters":[14,88],"Tiny Chest":0,"Boot":[90],"Cursed Key":1,"obtain_stats":[{"Blood Vial":6,"Nunchaku":23,"Pear":13,"SacredBark":0,"Tiny Chest":25,"Omamori":26,"Boot":9,"Cursed Key":17,"Ring of the Snake":0,"WarpedTongs":2,"ClockworkSouvenir":19},{"Blood Vial":3,"Nunchaku":12,"Pear":6,"SacredBark":0,"Tiny Chest":13,"Omamori":13,"Boot":4,"Cursed Key":8,"Ring of the Snake":0,"WarpedTongs":1,"ClockworkSouvenir":9},{"Blood Vial":24,"Nunchaku":81,"Pear":40,"SacredBark":0,"Tiny Chest":86,"Omamori":86,"Boot":29,"Cursed Key":64,"Ring of the Snake":0,"WarpedTongs":3,"ClockworkSouvenir":68}],"WarpedTongs":[73]},"card_choices":[{"not_picked":["Well Laid Plans","Deflect"],"picked":"Leg Sweep","floor":1.0},{"not_picked":["Sucker Punch","Backflip","Acrobatics"],"picked":"SKIP","floor":5.0},{"not_picked":["Concentrate","Setup","Bane"],"picked":"SKIP","floor":6.0},{"not_picked":["Masterful Stab","Acrobatics"],"picked":"Dagger Spray","floor":8.0},{"not_picked":["Calculated Gamble","Slice"],"picked":"Blade Dance","floor":11.0},{"not_picked":["Underhanded Strike","Concentrate"],"picked":"Night Terror","floor":13.0},{"not_picked":["Quick Slash","Caltrops"],"picked":"Backflip","floor":14.0},{"not_picked":["Bullet Time","Glass Knife"],"picked":"Die Die Die","floor":16.0},{"not_picked":["Eviscerate","Poisoned Stab","Outmaneuver"],"picked":"SKIP","floor":18.0},{"not_picked":["Dash+1","Predator"],"picked":"Crippling Poison+1","floor":21},{"not_picked":["Escape Plan","Dagger Throw"],"picked":"Catalyst+1","floor":22},{"not_picked":["Footwork","Escape Plan"],"picked":"Catalyst","floor":23},{"not_picked":["Skewer","Crippling Poison"],"picked":"Noxious Fumes","floor":25}],"player_experience":21538829,"relics_obtained":[{"floor":6.0,"key":"Blood Vial"},{"floor":9.0,"key":"Boot"},{"floor":13.0,"key":"Pear"},{"floor":23,"key":"Nunchaku"},{"floor":25,"key":"Tiny Chest"},{"floor":26,"key":"Omamori"}],"event_choices":[{"damage_healed":0.0,"max_hp_gain":0.0,"max_hp_loss":0.0,"gold_gain":0.0,"event_name":"Accursed Blacksmith","player_choice":"Rummage","floor":2.0,"gold_loss":0.0,"damage_taken":0.0,"relics_obtained":["WarpedTongs"],"cards_obtained":["Pain"]},{"damage_healed":0.0,"max_hp_gain":0.0,"max_hp_loss":0.0,"gold_gain":0.0,"event_name":"The Library","player_choice":"Read","floor":20.0,"gold_loss":0.0,"damage_taken":0.0,"cards_obtained":["Footwork"]},{"damage_healed":0,"gold_gain":0,"player_choice":"Fight","damage_taken":0,"max_hp_gain":0,"max_hp_loss":0,"event_name":"Colosseum","floor":27,"gold_loss":0}],"is_beta":false,"boss_relics":[{"not_picked":["Runic Dome","Calling Bell"],"picked":"Cursed Key"}],"items_purged_floors":[4,19],"is_endless":false,"potions_floor_spawned":[1,5,11,22,25],"killed_by":"Colosseum Slavers","ascension_level":20}}