{"host":"yqm","time":1611486779,"event":{"mods":["ATMod(°¢èªMod)","BaseMod","Challenge The Spire","Colored Map","Colored Powertips","DeckTracker","Good Game Mod","Minty Spire (QoL Compilation)","MostiFishMod","Quick Restart","Relic Filter","Relic Stats","Remove Card Discount Mod","StSLib","noobMod","óô»ðÖ¸ÄÏ"],"gold_per_floor":[115,115,132,60,79,34,65,61,134,169,188,206,11,29,29,106,106,120,133,133,147,163,163,189,189,189,214,226,226,226,242,77,156,156,171,163,173,185,185,185,219,219,219,247,247,247,0,0,0,0,0,0,0,0,28,28],"floor_reached":57,"language":"ZHS","playtime":5088,"items_purged":["Strike_B","Strike_B","Strike_B","Strike_B","Defend_B","Defend_B","Defend_B","Defend_B","Zap","Dualcast","Storm","AT_ThreeBodyProblem","MostiFishMod:GatherIntelligence","MostiFishMod:GatherIntelligence","Storm+1"],"score":3495,"play_id":"a126e971-72d6-4400-83e1-03f5911c15b9","local_time":"20210124191259","is_ascension_mode":true,"campfire_choices":[{"data":"AT_RightCognition","floor":15.0,"key":"SMITH"},{"floor":23.0,"key":"RECALL"},{"data":"MostiFishMod:ReadyAimFire","floor":25.0,"key":"SMITH"},{"data":"MostiFishMod:StrandedSiren","floor":40.0,"key":"SMITH"},{"data":"MostiFishMod:ActiveDefenseSystem","floor":46.0,"key":"SMITH"},{"floor":49,"key":"REST"}],"circlet_count":0,"master_deck":["AscendersBane","MostiFishMod:ReadyAimFire+1","AT_RightCognition+1","Chill+1","Skim+1","Glacier+1","Double Energy+1","Coolheaded+1","MostiFishMod:StrandedSiren+1","MostiFishMod:LinkProtocol+1","Coolheaded+1","MostiFishMod:ActiveDefenseSystem+1","Amplify+1","Blizzard+1","AT_DarkMatter+1","AT_EMC2+1"],"relics":["Cracked Core","REME:ComplimentaryCards","ice","DaveBox","AT_ATBox","MostiFishMod:Haymaker","NeowsBlessing","SynthV:TestCard","AT_TimeSand","Toxic Egg 2","CaptainsWheel","Runic Capacitor","AT_TrinityForce","Toy Ornithopter","Anchor","Enchiridion","DiscerningMonocle","Runic Pyramid","Civilization","Centennial Puzzle","StoneCalendar","Prayer Wheel","Juzu Bracelet","AT_EbonyIvory","Red Mask","Lee\u0027s Waffle","AT_BladeRuinedKing","AT_RedNoBalance","Art of War"],"acts_visited":["Exordium","TheCity","TheBeyond","TheEnding"],"potions_floor_usage":[56],"damage_taken":[{"damage":0.0,"enemies":"Cultist","floor":1.0,"turns":1.0},{"damage":0.0,"enemies":"2 Louse","floor":3.0,"turns":1.0},{"damage":0.0,"enemies":"Jaw Worm","floor":5.0,"turns":1.0},{"damage":32.0,"enemies":"3 Sentries","floor":7.0,"turns":4.0},{"damage":0.0,"enemies":"Gremlin Nob","floor":10.0,"turns":3.0},{"damage":0.0,"enemies":"Looter","floor":11.0,"turns":1.0},{"damage":2.0,"enemies":"Exordium Wildlife","floor":12.0,"turns":2.0},{"damage":9.0,"enemies":"2 Fungi Beasts","floor":14.0,"turns":3.0},{"damage":0.0,"enemies":"The Guardian","floor":16.0,"turns":2.0},{"damage":0.0,"enemies":"Spheric Guardian","floor":18.0,"turns":3.0},{"damage":11.0,"enemies":"Shell Parasite","floor":19.0,"turns":4.0},{"damage":0.0,"enemies":"Centurion and Healer","floor":21.0,"turns":3.0},{"damage":0.0,"enemies":"Shelled Parasite and Fungi","floor":22.0,"turns":2.0},{"damage":0.0,"enemies":"Gremlin Leader","floor":24.0,"turns":2.0},{"damage":0.0,"enemies":"Book of Stabbing","floor":27.0,"turns":2.0},{"damage":5.0,"enemies":"Sentry and Sphere","floor":28.0,"turns":3.0},{"damage":0.0,"enemies":"Cultist and Chosen","floor":31.0,"turns":1.0},{"damage":0.0,"enemies":"Collector","floor":33.0,"turns":4.0},{"damage":0.0,"enemies":"3 Shapes","floor":35.0,"turns":4.0},{"damage":0.0,"enemies":"Orb Walker","floor":37.0,"turns":2.0},{"damage":0.0,"enemies":"Transient","floor":38.0,"turns":4.0},{"damage":0.0,"enemies":"Nemesis","floor":41.0,"turns":3.0},{"damage":0.0,"enemies":"Reptomancer","floor":44.0,"turns":2.0},{"damage":0,"enemies":"Awakened One","floor":50,"turns":3},{"damage":0,"enemies":"Time Eater","floor":51,"turns":3},{"damage":0,"enemies":"Shield and Spear","floor":55,"turns":2},{"damage":0,"enemies":"The Heart","floor":56,"turns":4}],"seed_played":"6921620797314199683","potions_obtained":[{"floor":1.0,"key":"Swift Potion"},{"floor":3.0,"key":"SmokeBomb"},{"floor":11.0,"key":"Weak Potion"},{"floor":18.0,"key":"Swift Potion"}],"is_trial":false,"path_per_floor":["M","?","M","$","M","R","E","$","T","E","M","M","R","M","R","B",null,"M","M","?","M","M","R","E","R","T","E","M","?","?","M","R","B",null,"M","$","M","M","$","R","E","?","T","E","?","R","?","?","R","B","B",null,"R","$","E","B",null],"character_chosen":"DEFECT","items_purchased":["Conserve Battery","Storm","Runic Capacitor","Double Energy+1","DiscerningMonocle","Civilization","Centennial Puzzle","StoneCalendar","Prayer Wheel","AT_DarkMatter+1","Lee\u0027s Waffle","AT_BladeRuinedKing","AT_SilverBalance"],"campfire_rested":1,"item_purchase_floors":[4,6,13,13,32,36,36,36,39,39,54,54,54],"current_hp_per_floor":[64,64,64,64,64,64,32,32,32,32,32,30,30,21,21,21,59,59,48,48,48,48,48,48,48,48,48,43,43,22,22,22,22,59,59,59,60,62,62,62,65,65,65,69,69,69,69,69,77,82,87,87,87,94,52,59],"gold":28,"neow_bonus":"THREE_ENEMY_KILL","is_daily":false,"chose_seed":false,"campfire_upgraded":4,"win_rate":0.0,"timestamp":1611486779,"path_taken":["M","?","M","$","M","R","E","$","T","E","M","?","R","M","R","BOSS","M","M","?","M","M","R","E","R","T","E","M","?","?","M","R","BOSS","M","$","M","M","$","R","E","?","T","E","?","R","?","?","R","BOSS","BOSS","R","$","E","BOSS"],"items_purchased_type":["Card","Card","Relic","Card","Relic","Relic","Relic","Relic","Relic","Card","Relic","Relic","Relic"],"build_version":"2020-12-18","purchased_purges":15,"victory":true,"max_hp_per_floor":[71,71,71,71,71,71,71,71,71,71,71,71,71,71,71,71,71,71,71,71,71,71,71,71,71,71,71,71,71,71,71,71,71,71,71,71,72,74,74,74,77,77,77,81,77,77,77,77,77,82,87,87,87,94,99,104],"relic_stats":{"Centennial Puzzle":[0],"Lee\u0027s Waffle":7,"counters":[27,69],"StoneCalendar":[0],"Prayer Wheel":0,"Juzu Bracelet":0,"Art of War":[0],"obtain_stats":[{"AT_ATBox":0,"DaveBox":0,"MostiFishMod:Haymaker":0,"DiscerningMonocle":32,"Enchiridion":30,"StoneCalendar":36,"ice":0,"AT_TimeSand":7,"Runic Capacitor":13,"Juzu Bracelet":41,"Civilization":36,"Centennial Puzzle":36,"AT_TrinityForce":17,"Prayer Wheel":39,"Red Mask":47,"Toxic Egg 2":9,"AT_RedNoBalance":56,"Cracked Core":0,"Runic Pyramid":34,"Lee\u0027s Waffle":54,"NeowsBlessing":0,"AT_EbonyIvory":44,"AT_BladeRuinedKing":54,"AT_SilverBalance":54,"REME:ComplimentaryCards":0,"CaptainsWheel":10,"Anchor":27,"SynthV:TestCard":1,"Art of War":55,"Toy Ornithopter":24},{"AT_ATBox":0,"DaveBox":0,"MostiFishMod:Haymaker":0,"DiscerningMonocle":17,"Enchiridion":16,"StoneCalendar":19,"ice":0,"AT_TimeSand":4,"Runic Capacitor":7,"Juzu Bracelet":22,"Civilization":19,"Centennial Puzzle":19,"AT_TrinityForce":9,"Prayer Wheel":21,"Red Mask":23,"Toxic Egg 2":4,"AT_RedNoBalance":27,"Cracked Core":0,"Runic Pyramid":18,"Lee\u0027s Waffle":25,"NeowsBlessing":0,"AT_EbonyIvory":23,"AT_BladeRuinedKing":25,"AT_SilverBalance":25,"REME:ComplimentaryCards":0,"CaptainsWheel":5,"Anchor":15,"SynthV:TestCard":1,"Art of War":26,"Toy Ornithopter":14},{"AT_ATBox":0,"DaveBox":0,"MostiFishMod:Haymaker":0,"DiscerningMonocle":38,"Enchiridion":37,"StoneCalendar":46,"ice":0,"AT_TimeSand":7,"Runic Capacitor":13,"Juzu Bracelet":55,"Civilization":46,"Centennial Puzzle":46,"AT_TrinityForce":18,"Prayer Wheel":52,"Red Mask":57,"Toxic Egg 2":7,"AT_RedNoBalance":65,"Cracked Core":0,"Runic Pyramid":42,"Lee\u0027s Waffle":63,"NeowsBlessing":0,"AT_EbonyIvory":57,"AT_BladeRuinedKing":63,"AT_SilverBalance":63,"REME:ComplimentaryCards":0,"CaptainsWheel":10,"Anchor":34,"SynthV:TestCard":1,"Art of War":65,"Toy Ornithopter":32}],"Toy Ornithopter":5},"card_choices":[{"not_picked":["Coolheaded","Rip and Tear"],"picked":"AT_ThreeBodyProblem","floor":1.0},{"not_picked":["MostiFishMod:PushDownKick","Coolheaded","Turbo","Redo"],"picked":"MostiFishMod:GatherIntelligence","floor":3.0},{"not_picked":["AT_EMC2","Barrage","Stack","Static Discharge"],"picked":"MostiFishMod:GatherIntelligence","floor":5.0},{"not_picked":["Thunder Strike","Recycle","FTL","Turbo"],"picked":"Coolheaded","floor":7.0},{"not_picked":["MostiFishMod:PushDownKick","Cold Snap","Redo+1","Ball Lightning"],"picked":"Chill+1","floor":10.0},{"not_picked":["Streamline","Ball Lightning","Lockon","AT_HeatAcrobatics+1"],"picked":"Skim+1","floor":11.0},{"not_picked":["Steam+1","Cold Snap","FTL","Streamline"],"picked":"Glacier+1","floor":12.0},{"not_picked":["MostiFishMod:Culaccino+1","Beam Cell","Leap+1","Conserve Battery+1"],"picked":"Coolheaded+1","floor":14.0},{"not_picked":["Fission+1","Core Surge","Multi-Cast+1","Meteor Strike"],"picked":"MostiFishMod:StrandedSiren","floor":16.0},{"not_picked":["Stack+1","AT_HeatAcrobatics+1","Undo+1","Barrage","BootSequence+1"],"picked":"SKIP","floor":18.0},{"not_picked":["Ball Lightning","Steam+1","Cold Snap","Hologram+1","Doom and Gloom"],"picked":"SKIP","floor":19.0},{"not_picked":["Sweeping Beam+1","Compile Driver","Steam+1","Fission+1"],"picked":"MostiFishMod:LinkProtocol+1","floor":21.0},{"not_picked":["Rebound","AT_HeatAcrobatics+1","Consume+1","Turbo+1"],"picked":"Coolheaded+1","floor":22.0},{"not_picked":["AT_HeatAcrobatics+1","Cold Snap","Leap+1","MostiFishMod:Exploitation+1"],"picked":"MostiFishMod:ActiveDefenseSystem","floor":24.0},{"not_picked":["White Noise+1","Gash","Coolheaded+1","Aggregate+1","Go for the Eyes"],"picked":"SKIP","floor":27.0},{"not_picked":["AT_WarpDrive+1","Go for the Eyes+1","Rip and Tear","Auto Shields+1"],"picked":"Storm+1","floor":28.0},{"not_picked":["Defragment","AT_EMC2+1","Hologram+1","Skim+1","Ball Lightning"],"picked":"SKIP","floor":31.0},{"not_picked":["MostiFishMod:InterfaceCompatibility","MostiFishMod:IceShield+1","Multi-Cast+1","MostiFishMod:GoodWordForIt"],"picked":"Amplify+1","floor":33.0},{"not_picked":["Stack+1","Beam Cell","Aggregate+1","Streamline"],"picked":"Blizzard+1","floor":35.0},{"not_picked":["Defragment+1","Melter","White Noise+1","Ball Lightning+1","MostiFishMod:PushDownKick"],"picked":"SKIP","floor":37.0},{"not_picked":["Scrape+1","Blizzard","Barrage","MostiFishMod:FluxCapactior+1","Chaos+1"],"picked":"SKIP","floor":38.0},{"not_picked":["Sunder","Lockon","Consume+1","Go for the Eyes","Melter"],"picked":"SKIP","floor":41.0},{"not_picked":["Hologram+1","Redo+1","Consume+1","Gash","Leap+1"],"picked":"SKIP","floor":44.0},{"not_picked":["Steam+1","Redo+1","Conserve Battery+1","MostiFishMod:FluxCapactior+1"],"picked":"AT_EMC2+1","floor":55}],"player_experience":851226,"relics_obtained":[{"floor":1.0,"key":"SynthV:TestCard"},{"floor":7.0,"key":"AT_TimeSand"},{"floor":9.0,"key":"Toxic Egg 2"},{"floor":10.0,"key":"CaptainsWheel"},{"floor":24.0,"key":"Toy Ornithopter"},{"floor":27.0,"key":"Anchor"},{"floor":30.0,"key":"Enchiridion"},{"floor":41.0,"key":"Juzu Bracelet"},{"floor":44.0,"key":"AT_EbonyIvory"},{"floor":55,"key":"Art of War"}],"event_choices":[{"damage_healed":0.0,"max_hp_gain":0.0,"max_hp_loss":0.0,"gold_gain":0.0,"event_name":"Match and Keep!","player_choice":"0 cards matched","floor":2.0,"gold_loss":0.0,"damage_taken":0.0,"cards_obtained":[]},{"damage_healed":0.0,"max_hp_gain":0.0,"max_hp_loss":0.0,"gold_gain":0.0,"event_name":"Vampires","player_choice":"Ignored","floor":20.0,"gold_loss":0.0,"damage_taken":0.0},{"cards_removed":["Coolheaded"],"damage_healed":0.0,"max_hp_gain":0.0,"max_hp_loss":0.0,"gold_gain":0.0,"event_name":"Back to Basics","player_choice":"Elegance","floor":29.0,"gold_loss":0.0,"damage_taken":0.0},{"damage_healed":0.0,"max_hp_gain":0.0,"max_hp_loss":0.0,"gold_gain":0.0,"event_name":"Cursed Tome","player_choice":"Obtained Book","floor":30.0,"gold_loss":0.0,"damage_taken":21.0},{"damage_healed":0.0,"max_hp_gain":0.0,"max_hp_loss":0.0,"gold_gain":0.0,"event_name":"SensoryStone","player_choice":"Memory 1","floor":42.0,"gold_loss":0.0,"damage_taken":0.0},{"damage_healed":0.0,"max_hp_gain":0.0,"max_hp_loss":4.0,"gold_gain":0.0,"event_name":"Winding Halls","player_choice":"Max HP","floor":45.0,"gold_loss":0.0,"damage_taken":0.0},{"damage_healed":0.0,"max_hp_gain":0.0,"max_hp_loss":0.0,"gold_gain":0.0,"event_name":"Tomb of Lord Red Mask","player_choice":"Paid","floor":47.0,"gold_loss":247.0,"damage_taken":0.0,"relics_obtained":["Red Mask"]},{"cards_removed":["Conserve Battery"],"damage_healed":0.0,"max_hp_gain":0.0,"max_hp_loss":0.0,"gold_gain":0.0,"event_name":"Falling","player_choice":"Removed Skill","floor":48.0,"gold_loss":0.0,"damage_taken":0.0}],"is_beta":true,"boss_relics":[{"not_picked":["RhineFirstAidKit","Busted Crown"],"picked":"AT_TrinityForce"},{"not_picked":["Empty Cage","SacredBark"],"picked":"Runic Pyramid"}],"items_purged_floors":[4,4,4,4,4,4,4,4,8,8,32,36,36,36,36],"is_endless":false,"potions_floor_spawned":[1,3,11,12,14,18,21,24,28,35,38,41],"ascension_level":20}}