{"host":"f6w7z8zvb0mi4wy9","time":1611520630,"event":{"mods":["BaseMod","Colored Map","Minty Spire (QoL Compilation)","READ ME - Guardian Mod","StSLib","SuperFastMode","The Jungle"],"gold_per_floor":[114,130,130,130,141,176,176,101,101,126,76,95,26,61,61,159,159,176,176,27,44,59,59,88,88,112,141,141,171,185,197,197,297,297,311,83,103,103,113,141,141,155,202,232,244,256,297,78,78,78,78],"floor_reached":50,"language":"KOR","playtime":1533,"items_purged":["Strike_B"],"score":1056,"play_id":"91ee0322-67eb-45c8-98e9-bddc22192fe0","local_time":"20210125053710","is_ascension_mode":true,"campfire_choices":[{"data":"Zap","floor":7,"key":"SMITH"},{"floor":15,"key":"REST"},{"data":"Fission","floor":23,"key":"SMITH"},{"data":"Double Energy","floor":25,"key":"SMITH"},{"data":"1","floor":32,"key":"LIFT"},{"data":"2","floor":41,"key":"LIFT"},{"data":"3","floor":45,"key":"LIFT"},{"floor":49,"key":"RECALL"}],"circlet_count":0,"master_deck":["Strike_B","Defend_B","Defend_B","Defend_B","Zap+1","Dualcast","FTL","Glacier","Ball Lightning","Streamline","All For One","Coolheaded","Capacitor","Core Surge","Fission+1","Double Energy+1","Storm+1","Compile Driver","Steam","Steam","Redo+1","Go for the Eyes","Reboot","Heatsinks","Beam Cell","All For One","Madness","Madness","Self Repair","Trip"],"relics":["Cracked Core","NeowsBlessing","Ornamental Fan","Mummified Hand","Cables","Unceasing Top","Nuclear Battery","MealTicket","Bag of Marbles","Girya","Omamori","Oddly Smooth Stone","PreservedInsect","Coffee Dripper","ClockworkSouvenir","Blood Vial","MawBank","Boot","Medical Kit"],"acts_visited":["Exordium","TheCity","TheBeyond"],"potions_floor_usage":[6,14,27,33,50,50],"damage_taken":[{"damage":0.0,"enemies":"Cultist","floor":1.0,"turns":1.0},{"damage":0.0,"enemies":"Small Slimes","floor":2.0,"turns":1.0},{"damage":0.0,"enemies":"Jaw Worm","floor":5.0,"turns":1.0},{"damage":9,"enemies":"Gremlin Nob","floor":6,"turns":4},{"damage":14,"enemies":"3 Sentries","floor":10,"turns":9},{"damage":3,"enemies":"Blue Slaver","floor":12,"turns":2},{"damage":10,"enemies":"Gremlin Nob","floor":14,"turns":3},{"damage":14,"enemies":"The Guardian","floor":16,"turns":8},{"damage":3,"enemies":"3 Byrds","floor":18,"turns":6},{"damage":0,"enemies":"Shell Parasite","floor":21,"turns":2},{"damage":7,"enemies":"Snake Plant","floor":22,"turns":4},{"damage":0,"enemies":"Gremlin Leader","floor":24,"turns":4},{"damage":0,"enemies":"Slavers","floor":27,"turns":3},{"damage":0,"enemies":"Book of Stabbing","floor":29,"turns":2},{"damage":0,"enemies":"Centurion and Healer","floor":30,"turns":2},{"damage":0,"enemies":"Chosen and Byrds","floor":31,"turns":2},{"damage":33,"enemies":"Collector","floor":33,"turns":11},{"damage":0,"enemies":"3 Darklings","floor":35,"turns":1},{"damage":0,"enemies":"Orb Walker","floor":37,"turns":2},{"damage":0,"enemies":"Writhing Mass","floor":39,"turns":2},{"damage":0,"enemies":"Reptomancer","floor":40,"turns":2},{"damage":0,"enemies":"Maw","floor":42,"turns":2},{"damage":0,"enemies":"Jaw Worm Horde","floor":44,"turns":2},{"damage":0,"enemies":"Nemesis","floor":47,"turns":3},{"damage":89,"enemies":"Time Eater","floor":50,"turns":9}],"seed_played":"-3691408463438206734","potions_obtained":[{"floor":2.0,"key":"SteroidPotion"},{"floor":5.0,"key":"Ancient Potion"},{"floor":12,"key":"FearPotion"},{"floor":16,"key":"FearPotion"},{"floor":18,"key":"Energy Potion"},{"floor":22,"key":"PowerPotion"},{"floor":29,"key":"SkillPotion"},{"floor":31,"key":"DistilledChaos"},{"floor":37,"key":"Dexterity Potion"}],"is_trial":false,"path_per_floor":["M","M","?","?","M","E","R","$","T","E","?","M","$","E","R","B",null,"M","?","$","M","M","R","E","R","T","E","T","E","M","M","R","B",null,"M","$","M","?","M","E","R","M","T","M","R","?","E","$","R","B"],"character_chosen":"DEFECT","items_purchased":["Capacitor","Bag of Marbles","Heatsinks","ClockworkSouvenir","Medical Kit","Trip"],"campfire_rested":1,"item_purchase_floors":[13,20,36,36,48,48],"current_hp_per_floor":[68,68,61,61,61,52,52,52,52,38,38,35,35,25,47,33,65,62,62,75,75,68,68,68,68,68,68,68,68,68,68,68,35,65,65,75,75,75,75,75,75,75,75,75,75,66,68,75,75,0,0],"gold":78,"neow_bonus":"THREE_ENEMY_KILL","is_daily":false,"chose_seed":false,"campfire_upgraded":3,"win_rate":0.0,"timestamp":1611520630,"path_taken":["M","M","?","?","?","E","R","$","T","E","?","M","?","E","R","BOSS","M","?","$","M","M","R","E","R","T","E","?","E","?","M","R","BOSS","M","$","M","?","M","E","R","M","T","?","R","?","E","$","R","BOSS"],"items_purchased_type":["Card","Relic","Card","Relic","Relic","Card"],"build_version":"2020-12-22","purchased_purges":1,"victory":false,"max_hp_per_floor":[75,75,75,75,75,75,75,75,75,75,75,75,75,75,75,75,75,75,75,75,75,75,75,75,75,75,75,75,75,75,75,75,75,75,75,75,75,75,75,75,75,75,75,75,75,75,75,75,75,75,75],"card_choices":[{"not_picked":["Conserve Battery","Skim"],"picked":"FTL","floor":1.0},{"not_picked":["Streamline","Barrage"],"picked":"Glacier","floor":2.0},{"not_picked":["Barrage","Doom and Gloom"],"picked":"Ball Lightning","floor":5.0},{"not_picked":["Sweeping Beam","Steam Power"],"picked":"Streamline","floor":6},{"not_picked":["Aggregate","Sweeping Beam"],"picked":"All For One","floor":10},{"not_picked":["Rebound","Conserve Battery"],"picked":"Coolheaded","floor":12},{"not_picked":["Ball Lightning","Cold Snap"],"picked":"Core Surge","floor":14},{"not_picked":["Multi-Cast","Core Surge"],"picked":"Fission","floor":16},{"not_picked":["Skim","Leap"],"picked":"Double Energy","floor":18},{"not_picked":["Redo","Conserve Battery"],"picked":"Storm+1","floor":21},{"not_picked":["Stack","Barrage"],"picked":"Compile Driver","floor":22},{"not_picked":["Turbo","Streamline+1"],"picked":"Steam","floor":24},{"not_picked":["Redo","Melter","Stack"],"picked":"SKIP","floor":27},{"not_picked":["Meteor Strike","Cold Snap"],"picked":"Steam","floor":29},{"not_picked":["Chaos+1","Hologram"],"picked":"Redo+1","floor":30},{"not_picked":["Force Field","Lockon"],"picked":"Go for the Eyes","floor":31},{"not_picked":["Biased Cognition","Rainbow"],"picked":"Reboot","floor":33},{"not_picked":["Barrage+1","Cold Snap","Ball Lightning+1"],"picked":"SKIP","floor":35},{"not_picked":["Stack","All For One"],"picked":"Beam Cell","floor":37},{"not_picked":["Coolheaded+1","Skim","Stack"],"picked":"SKIP","floor":39},{"not_picked":["Tempest","Rip and Tear+1","Stack+1"],"picked":"SKIP","floor":40},{"not_picked":["Barrage","Leap"],"picked":"All For One","floor":42},{"not_picked":["Ball Lightning+1","Cold Snap+1","Conserve Battery"],"picked":"SKIP","floor":44},{"not_picked":["Ball Lightning","Streamline+1"],"picked":"Self Repair","floor":47}],"player_experience":889754,"relics_obtained":[{"floor":6,"key":"Ornamental Fan"},{"floor":9,"key":"Mummified Hand"},{"floor":10,"key":"Cables"},{"floor":14,"key":"Unceasing Top"},{"floor":24,"key":"Girya"},{"floor":27,"key":"Omamori"},{"floor":28,"key":"Oddly Smooth Stone"},{"floor":29,"key":"PreservedInsect"},{"floor":40,"key":"Blood Vial"},{"floor":43,"key":"MawBank"},{"floor":47,"key":"Boot"}],"event_choices":[{"cards_removed":["Strike_B"],"damage_healed":0.0,"max_hp_gain":0.0,"max_hp_loss":0.0,"gold_gain":0.0,"event_name":"Golden Wing","player_choice":"Card Removal","floor":3.0,"gold_loss":0.0,"damage_taken":7.0},{"cards_removed":["Strike_B"],"damage_healed":0.0,"max_hp_gain":0.0,"max_hp_loss":0.0,"gold_gain":0.0,"event_name":"Purifier","player_choice":"Purged","floor":4.0,"gold_loss":0.0,"damage_taken":0.0},{"cards_removed":["Defend_B"],"damage_healed":0,"gold_gain":0,"player_choice":"Card Removal","damage_taken":0,"max_hp_gain":0,"max_hp_loss":0,"event_name":"The Cleric","floor":11,"gold_loss":50},{"damage_healed":0,"gold_gain":0,"player_choice":"Opened","damage_taken":0,"relics_obtained":["MealTicket"],"max_hp_gain":0,"max_hp_loss":0,"event_name":"The Mausoleum","floor":19,"gold_loss":0},{"damage_healed":0,"gold_gain":0,"player_choice":"Bought 0 Potions","damage_taken":0,"max_hp_gain":0,"max_hp_loss":0,"event_name":"The Woman in Blue","floor":38,"gold_loss":0},{"damage_healed":0,"gold_gain":0,"player_choice":"Embrace Madness","damage_taken":9,"max_hp_gain":0,"max_hp_loss":0,"event_name":"Winding Halls","floor":46,"gold_loss":0,"cards_obtained":["Madness","Madness"]}],"is_beta":false,"boss_relics":[{"not_picked":["SacredBark","Sozu"],"picked":"Nuclear Battery"},{"not_picked":["Velvet Choker","FrozenCore"],"picked":"Coffee Dripper"}],"items_purged_floors":[8],"is_endless":false,"potions_floor_spawned":[2,5,12,16,18,21,22,29,31,37,39,44],"killed_by":"Time Eater","ascension_level":9}}