{"host":"4evnc443c98ww2zl","time":1611447465,"event":{"mods":["BaseMod","Better Third Choice","Hermit","Koishi","Luminous","Minty Spire (QoL Compilation)","Remilia??????","Robot Space Explorer","StSLib","The Administrix","The Bug Knight","The Cursed","TheSwordswoman"],"gold_per_floor":[114,133,145,160,180,180,205,232,232,264,296,327,361,378,378,483,483,496,516,122,142,153,188,188,221,221,252,269,300,300,313,313,415,415,434,458,470,484,484,484,246,258,284,31,65,65,83,98,98,98,98,98,23,56,56],"floor_reached":56,"language":"ENG","playtime":3965,"items_purged":["Corruption+1"],"score":1486,"play_id":"949f3418-9d36-45b7-b4fc-9e4c8a902b4e","local_time":"20210123181745","daily_mods":["SealedDeck","Diverse","Colorless Cards","Heirloom","DeadlyEvents","Elite Swarm"],"is_ascension_mode":false,"campfire_choices":[{"floor":6,"key":"RECALL"},{"data":"White Noise","floor":15,"key":"SMITH"},{"data":"Mayhem","floor":24,"key":"SMITH"},{"data":"Coolheaded","floor":30,"key":"SMITH"},{"data":"HollowMod:PureNailStrike","floor":32,"key":"SMITH"}],"circlet_count":0,"master_deck":["SandsOfTime","hermit:Feint","Dagger Spray","Go for the Eyes","AdministrixMod:CenturiesAscent","Slice","Coolheaded+1","Slice","CrushJoints","hermit:Glare","RobotSpaceExplorer:ScrapMissile","HollowMod:PureNailStrike+1","Thunderclap+1","White Noise+1","blazmod:BeTheBlade","Mayhem+1","blazmod:HoumatsuMugenKochouji+1","RobotSpaceExplorer:DroneSwarm+1","ThirdEye","AdministrixMod:TouchOfCinnabar+1","Body Slam+1","Juggernaut+1","blazmod:OneWithNature+1","RobotSpaceExplorer:SlimeMissile+1","HollowMod:SlysStrikes+1","VampireKiss+1","RobotSpaceExplorer:TrailblazerForm+1","TheCursedMod:ReleasedStrength+1","Prostrate+1","blazmod:FlashRock+1","Mind Blast+1","Finesse","Sword Boomerang+1","ConjureBlade","Panacea","HollowMod:QuirrelsAssistance+1","Apotheosis"],"relics":["HollowMod:VesselMask","Bird Faced Urn","WingedGreaves","Incense Burner","Kunai","Frozen Egg 2","AntiCross","StrikeDummy","Coffee Dripper","HandDrill","Eternal Feather","Pear","Molten Egg 2","Gremlin Horn","Whetstone","Pantograph","Fusion Hammer","Toy Ornithopter","Bag of Marbles","HollowMod:IsmasTear","Shuriken","Bronze Scales","Happy Flower"],"acts_visited":["Exordium","TheCity","TheBeyond","TheEnding"],"potions_floor_usage":[7,8,12,14,14,27,28,33,33,38,50,55,55,55],"damage_taken":[{"damage":0,"enemies":"Cultist","floor":1,"turns":2},{"damage":0,"enemies":"2 Louse","floor":2,"turns":2},{"damage":3,"enemies":"Small Slimes","floor":3,"turns":2},{"damage":0,"enemies":"Exordium Wildlife","floor":4,"turns":2},{"damage":4,"enemies":"Lots of Slimes","floor":5,"turns":2},{"damage":0,"enemies":"Gremlin Nob","floor":7,"turns":2},{"damage":0,"enemies":"HollowMod:MossKnight","floor":8,"turns":3},{"damage":0,"enemies":"3 Sentries","floor":10,"turns":3},{"damage":15,"enemies":"HollowMod:MossKnight","floor":11,"turns":4},{"damage":11,"enemies":"Lagavulin","floor":12,"turns":3},{"damage":1,"enemies":"HollowMod:MossKnight","floor":13,"turns":2},{"damage":4,"enemies":"3 Louse","floor":14,"turns":2},{"damage":5,"enemies":"HollowMod:FalseKnight","floor":16,"turns":5},{"damage":7,"enemies":"Spheric Guardian","floor":18,"turns":3},{"damage":0,"enemies":"3 Byrds","floor":19,"turns":3},{"damage":7,"enemies":"Snake Plant","floor":21,"turns":3},{"damage":1,"enemies":"Sentry and Sphere","floor":22,"turns":3},{"damage":3,"enemies":"Book of Stabbing","floor":23,"turns":3},{"damage":18,"enemies":"Slavers","floor":25,"turns":3},{"damage":4,"enemies":"Book of Stabbing","floor":27,"turns":3},{"damage":0,"enemies":"Centurion and Healer","floor":28,"turns":3},{"damage":17,"enemies":"Slavers","floor":29,"turns":2},{"damage":0,"enemies":"Shelled Parasite and Fungi","floor":31,"turns":2},{"damage":6,"enemies":"HollowMod:NKGrimm","floor":33,"turns":5},{"damage":2,"enemies":"3 Darklings","floor":35,"turns":3},{"damage":3,"enemies":"Orb Walker","floor":37,"turns":2},{"damage":47,"enemies":"HollowMod:SlobberingHusk","floor":38,"turns":5},{"damage":20,"enemies":"Jaw Worm Horde","floor":42,"turns":2},{"damage":3,"enemies":"Reptomancer","floor":45,"turns":4},{"damage":15,"enemies":"Writhing Mass","floor":47,"turns":4},{"damage":2,"enemies":"4 Shapes","floor":48,"turns":3},{"damage":20,"enemies":"Awakened One","floor":50,"turns":7},{"damage":4,"enemies":"Shield and Spear","floor":54,"turns":4},{"damage":99,"enemies":"The Heart","floor":55,"turns":7}],"seed_played":"-4145503226379314653","potions_obtained":[{"floor":1,"key":"PowerPotion"},{"floor":5,"key":"ColorlessPotion"},{"floor":8,"key":"SpeedPotion"},{"floor":10,"key":"FearPotion"},{"floor":13,"key":"SpeedPotion"},{"floor":16,"key":"CultistPotion"},{"floor":18,"key":"FearPotion"},{"floor":21,"key":"FearPotion"},{"floor":27,"key":"Regen Potion"},{"floor":28,"key":"EssenceOfSteel"},{"floor":33,"key":"Swift Potion"},{"floor":38,"key":"DuplicationPotion"},{"floor":45,"key":"EssenceOfSteel"},{"floor":54,"key":"EssenceOfSteel"}],"is_trial":true,"path_per_floor":["M","M","M","M","M","R","E","E","T","E","E","E","E","M","R","B",null,"M","M","$","M","M","E","R","E","T","E","M","E","R","M","R","B",null,"M","T","M","M","?","R","$","M","T","$","E","R","M","M","R","B",null,"R","$","E","B",null],"character_chosen":"THE_BUGKNIGHT","items_purchased":["HandDrill","Eternal Feather","Bag of Marbles","Finesse","Shuriken"],"campfire_rested":0,"item_purchase_floors":[20,20,41,41,44],"current_hp_per_floor":[75,75,72,72,68,68,68,72,72,72,61,50,51,47,47,44,75,70,75,75,88,89,100,103,89,89,89,102,88,103,103,103,103,103,103,103,100,75,75,93,93,77,77,77,85,103,100,103,103,95,103,103,103,103,16],"gold":56,"neow_bonus":"","is_daily":false,"chose_seed":false,"campfire_upgraded":4,"win_rate":0.0,"timestamp":1611447465,"path_taken":["M","M","?","M","M","R","?","E","T","E","E","E","E","M","R","BOSS","M","M","$","M","M","E","R","E","T","E","M","E","R","M","R","BOSS","M","?","M","M","?","R","$","M","T","$","E","R","M","?","R","BOSS","R","$","E","BOSS"],"items_purchased_type":["Relic","Relic","Relic","Card","Relic"],"build_version":"2020-12-22","purchased_purges":1,"victory":true,"max_hp_per_floor":[75,75,75,75,75,75,75,75,75,75,75,75,75,75,75,75,75,75,75,75,93,93,103,103,103,103,103,103,103,103,103,103,103,103,103,103,103,103,103,103,103,103,103,103,103,103,103,103,103,103,103,103,103,103,103],"card_choices":[{"not_picked":["AdministrixMod:TrickOfTheLight","FitfulNightmare"],"picked":"RobotSpaceExplorer:ScrapMissile","floor":1},{"not_picked":["Flying Knee","hermit:HighCaliber"],"picked":"HollowMod:PureNailStrike","floor":2},{"not_picked":["Conserve Battery","ForecastOfChange"],"picked":"Thunderclap","floor":3},{"not_picked":["Skim","Rage"],"picked":"White Noise","floor":4},{"not_picked":["Reflex","HollowMod:DungDefenderAura"],"picked":"blazmod:BeTheBlade","floor":5},{"not_picked":["Grand Finale","hermit:Roughhouse"],"picked":"Mayhem","floor":7},{"not_picked":["Violence","TricksterDevil"],"picked":"blazmod:HoumatsuMugenKochouji","floor":8},{"not_picked":["SpiritShield","blazmod:MindAtPeace","Koishi:MindStellarRelief"],"picked":"SKIP","floor":10},{"not_picked":["Hyperbeam","TheCursedMod:DemonicPact+1","Koishi:MentalBreakdown"],"picked":"SKIP","floor":11},{"not_picked":["hermit:Dissolve","Alpha"],"picked":"RobotSpaceExplorer:DroneSwarm+1","floor":12},{"not_picked":["hermit:RoundhouseKick","hermit:OverwhelmingPower+1"],"picked":"Corruption+1","floor":13},{"not_picked":["hermit:Glare","RobotSpaceExplorer:Discharger+1"],"picked":"ThirdEye","floor":14},{"not_picked":["hermit:Purgatory","Luminous:Equalize_Luminous"],"picked":"blazmod:CrescentMoon","floor":16},{"not_picked":["Shrug It Off+1","Trip"],"picked":"AdministrixMod:TouchOfCinnabar+1","floor":18},{"not_picked":["Koishi:MassHysteria","AdministrixMod:ReachToHeaven","HollowMod:NewJinnsSoul"],"picked":"SKIP","floor":19},{"not_picked":["Stack","BloodAndWine","hermit:Glare+1"],"picked":"SKIP","floor":21},{"not_picked":["blazmod:StanceChange","AdministrixMod:CrackingPangu"],"picked":"Body Slam+1","floor":22},{"not_picked":["AdministrixMod:DeathByGlamour+1","Amplify"],"picked":"Juggernaut+1","floor":23},{"not_picked":["Alpha","HollowMod:theNailsmith"],"picked":"blazmod:OneWithNature+1","floor":25},{"not_picked":["DemonKingCradle+1","RobotSpaceExplorer:BlastShield","AdministrixMod:BrewingCloister"],"picked":"SKIP","floor":27},{"not_picked":["Dash+1","Koishi:SubterraneanRose"],"picked":"RobotSpaceExplorer:SlimeMissile+1","floor":28},{"not_picked":["Koishi:HeartStoppingHorror+1","HollowMod:PureVessel+1"],"picked":"HollowMod:SlysStrikes+1","floor":29},{"not_picked":["blazmod:StanceChange","Wallop+1"],"picked":"VampireKiss+1","floor":31},{"not_picked":["Limit Break","Koishi:RoseHell"],"picked":"RobotSpaceExplorer:TrailblazerForm+1","floor":33},{"not_picked":["RobotSpaceExplorer:ToxicBomb","Hologram+1"],"picked":"TheCursedMod:ReleasedStrength+1","floor":35},{"not_picked":["Koishi:TraumaticStroke+1","TheCursedMod:SmokeScreen+1"],"picked":"Prostrate+1","floor":37},{"not_picked":["RobotSpaceExplorer:FranticSearch","Evaluate+1"],"picked":"blazmod:FlashRock+1","floor":38},{"not_picked":["Purity","Madness"],"picked":"Mind Blast+1","floor":39},{"not_picked":["HollowMod:LifebloodCocoon","Clothesline+1"],"picked":"Sword Boomerang+1","floor":42},{"not_picked":["Phantasmal Killer","Unload+1"],"picked":"ConjureBlade","floor":45},{"not_picked":["HollowMod:SharpenedNail+1","AdministrixMod:FiendishCrimson+1"],"picked":"Panacea","floor":47},{"not_picked":["PiercingWail","AdministrixMod:CenturiesAscent"],"picked":"HollowMod:QuirrelsAssistance+1","floor":48},{"not_picked":["HollowMod:SlysStrikes+1","HollowMod:LordofShades+1"],"picked":"Apotheosis","floor":54}],"player_experience":1094555,"relics_obtained":[{"floor":7,"key":"WingedGreaves"},{"floor":8,"key":"Incense Burner"},{"floor":10,"key":"Kunai"},{"floor":11,"key":"Frozen Egg 2"},{"floor":12,"key":"AntiCross"},{"floor":13,"key":"StrikeDummy"},{"floor":23,"key":"Pear"},{"floor":25,"key":"Molten Egg 2"},{"floor":26,"key":"Gremlin Horn"},{"floor":27,"key":"Whetstone"},{"floor":29,"key":"Pantograph"},{"floor":36,"key":"Toy Ornithopter"},{"floor":43,"key":"HollowMod:IsmasTear"},{"floor":45,"key":"Bronze Scales"},{"floor":54,"key":"Happy Flower"}],"event_choices":[{"damage_healed":0,"gold_gain":0,"player_choice":"Memory 1","damage_taken":0,"max_hp_gain":0,"max_hp_loss":0,"event_name":"SensoryStone","floor":39,"gold_loss":0}],"is_beta":false,"boss_relics":[{"not_picked":["Empty Cage","Sozu"],"picked":"Coffee Dripper"},{"not_picked":["Calling Bell","SacredBark"],"picked":"Fusion Hammer"}],"items_purged_floors":[53],"is_endless":false,"potions_floor_spawned":[1,5,8,10,13,16,18,21,27,28,29,33,37,38,45,48,54],"ascension_level":0}}