{"host":"Teech","time":1611527241,"event":{"mods":["AchievementEnabler","BaseMod","Colored Map","Minty Spire (QoL Compilation)","Relic Stats","Slay the Relics Exporter","StSLib"],"gold_per_floor":[19,31,42,13,26,26,57,57,104,104,116,145,38,3,3,75,75,88,13,23,35,63,93,93,93,117,129,149,178,178,205,205,280,280,293,293,306,321,331,359,171,204,204,204,204,219,2,2,2,2],"floor_reached":51,"language":"ENG","playtime":3007,"items_purged":[],"score":1530,"play_id":"01a9b65a-c93b-446b-b415-99eecebfbbf4","local_time":"20210124162721","is_ascension_mode":true,"campfire_choices":[{"floor":6,"key":"REST"},{"data":"Consume","floor":8,"key":"SMITH"},{"floor":10,"key":"REST"},{"data":"Hologram","floor":15,"key":"SMITH"},{"data":"Rainbow","floor":24,"key":"SMITH"},{"data":"Fission","floor":32,"key":"SMITH"},{"data":"Loop","floor":44,"key":"SMITH"},{"data":"Coolheaded","floor":49,"key":"SMITH"}],"circlet_count":0,"master_deck":["AscendersBane","Strike_B","Strike_B","Defend_B","Defend_B","Defend_B","Defend_B","Zap","Consume+1","Sunder","Cold Snap","Turbo","Cold Snap","White Noise","Sweeping Beam","Self Repair","Coolheaded+1","Hologram+1","Echo Form","Consume","Force Field","Double Energy","Leap","Rainbow+1","Static Discharge","Streamline+1","Fission+1","Doom and Gloom","Loop+1","Creative AI","Hologram+1","Aggregate","Conserve Battery+1","Undo","Recycle","Echo Form","Barrage+1","Creative AI","Panache"],"relics":["Cracked Core","Calipers","Mummified Hand","Lantern","Toy Ornithopter","Snecko Eye","Red Mask","Akabeko","Blood Vial","Smiling Mask","MealTicket","Philosopher\u0027s Stone","Ancient Tea Set","Bag of Marbles","Molten Egg 2","Art of War","DollysMirror"],"acts_visited":["TheCity","TheBeyond"],"potions_floor_usage":[2,7,21,23,23,29,31,50,50,50],"damage_taken":[{"damage":12,"enemies":"Jaw Worm","floor":1,"turns":4},{"damage":18,"enemies":"Small Slimes","floor":2,"turns":3},{"damage":6,"enemies":"Cultist","floor":3,"turns":3},{"damage":0,"enemies":"Large Slime","floor":5,"turns":6},{"damage":15,"enemies":"3 Sentries","floor":7,"turns":8},{"damage":8,"enemies":"Blue Slaver","floor":11,"turns":3},{"damage":23,"enemies":"Gremlin Nob","floor":12,"turns":4},{"damage":9,"enemies":"Hexaghost","floor":16,"turns":16},{"damage":7,"enemies":"3 Byrds","floor":18,"turns":4},{"damage":0,"enemies":"Spheric Guardian","floor":20,"turns":3},{"damage":11,"enemies":"Shelled Parasite and Fungi","floor":21,"turns":5},{"damage":7,"enemies":"Masked Bandits","floor":22,"turns":2},{"damage":23,"enemies":"Gremlin Leader","floor":23,"turns":7},{"damage":31,"enemies":"Cultist and Chosen","floor":27,"turns":5},{"damage":8,"enemies":"Snake Plant","floor":28,"turns":4},{"damage":16,"enemies":"Book of Stabbing","floor":29,"turns":4},{"damage":9,"enemies":"Gremlin Leader","floor":31,"turns":8},{"damage":6,"enemies":"Automaton","floor":33,"turns":10},{"damage":9,"enemies":"3 Shapes","floor":35,"turns":5},{"damage":17,"enemies":"Orb Walker","floor":37,"turns":3},{"damage":19,"enemies":"Transient","floor":38,"turns":6},{"damage":3,"enemies":"4 Shapes","floor":39,"turns":6},{"damage":32,"enemies":"Reptomancer","floor":40,"turns":6},{"damage":0,"enemies":"Giant Head","floor":42,"turns":9},{"damage":6,"enemies":"Jaw Worm Horde","floor":46,"turns":4},{"damage":39,"enemies":"Time Eater","floor":50,"turns":16}],"seed_played":"8225093606073076786","potions_obtained":[{"floor":1,"key":"AttackPotion"},{"floor":3,"key":"GamblersBrew"},{"floor":16,"key":"Block Potion"},{"floor":20,"key":"AttackPotion"},{"floor":22,"key":"GamblersBrew"},{"floor":23,"key":"Regen Potion"},{"floor":27,"key":"BlessingOfTheForge"},{"floor":33,"key":"EssenceOfDarkness"},{"floor":39,"key":"FearPotion"},{"floor":46,"key":"EntropicBrew"}],"is_trial":false,"path_per_floor":["M","M","M","$","M","R","E","R","T","R","M","E","$","?","R","B",null,"M","?","M","M","?","E","R","?","T","M","M","E","?","E","R","B",null,"M","?","M","M","M","E","$","E","T","R","?","M","$","?","R","B",null],"character_chosen":"DEFECT","items_purchased":["Turbo","Coolheaded","Hologram","Recycle","SmokeBomb","DollysMirror","Dexterity Potion"],"campfire_rested":2,"item_purchase_floors":[4,13,13,41,41,47,47],"current_hp_per_floor":[52,34,28,28,28,49,34,34,34,55,47,24,24,41,41,39,63,56,56,63,71,64,58,58,58,58,43,37,42,42,62,62,58,68,71,71,54,44,57,27,42,58,58,58,58,61,71,66,66,49],"gold":2,"neow_bonus":"ONE_RARE_RELIC","is_daily":false,"chose_seed":false,"campfire_upgraded":6,"win_rate":0.0,"timestamp":1611527241,"path_taken":["M","M","M","$","M","R","E","R","T","R","M","E","$","?","R","BOSS","M","?","M","M","?","E","R","?","T","M","?","E","?","E","R","BOSS","M","?","M","M","?","E","$","E","T","R","?","M","?","?","R","BOSS"],"items_purchased_type":["Card","Card","Card","Card","Potion","Relic","Potion"],"build_version":"2020-12-18","purchased_purges":0,"victory":true,"max_hp_per_floor":[71,71,71,71,71,71,71,71,71,71,71,71,71,71,71,71,71,71,71,71,71,71,71,71,71,71,71,71,71,71,71,71,71,71,71,71,71,71,71,71,71,71,71,71,71,71,71,71,71,71],"relic_stats":{"Blood Vial":24,"counters":[26,153],"Mummified Hand":[281],"Snecko Eye":[199,190,163,217],"MealTicket":25,"Art of War":[6],"Smiling Mask":0,"obtain_stats":[{"Lantern":9,"Calipers":0,"Smiling Mask":29,"Ancient Tea Set":36,"Akabeko":23,"Blood Vial":26,"Mummified Hand":7,"DollysMirror":47,"Snecko Eye":17,"MealTicket":31,"Philosopher\u0027s Stone":34,"Molten Egg 2":42,"Red Mask":22,"Bag of Marbles":40,"Art of War":43,"Cracked Core":0,"Toy Ornithopter":12},{"Lantern":5,"Calipers":0,"Smiling Mask":16,"Ancient Tea Set":19,"Akabeko":13,"Blood Vial":13,"Mummified Hand":5,"DollysMirror":25,"Snecko Eye":8,"MealTicket":17,"Philosopher\u0027s Stone":18,"Molten Egg 2":24,"Red Mask":12,"Bag of Marbles":23,"Art of War":24,"Cracked Core":0,"Toy Ornithopter":7},{"Lantern":24,"Calipers":0,"Smiling Mask":81,"Ancient Tea Set":104,"Akabeko":68,"Blood Vial":68,"Mummified Hand":24,"DollysMirror":137,"Snecko Eye":47,"MealTicket":89,"Philosopher\u0027s Stone":99,"Molten Egg 2":133,"Red Mask":61,"Bag of Marbles":125,"Art of War":133,"Cracked Core":0,"Toy Ornithopter":31}],"Toy Ornithopter":38},"card_choices":[{"not_picked":["Loop","Streamline"],"picked":"Consume","floor":1},{"not_picked":["Double Energy","Rip and Tear"],"picked":"Sunder","floor":2},{"not_picked":["Beam Cell","Storm"],"picked":"Cold Snap","floor":3},{"not_picked":["Compile Driver","Multi-Cast"],"picked":"Cold Snap","floor":5},{"not_picked":["Hologram","Force Field"],"picked":"White Noise","floor":7},{"not_picked":["Rebound","Ball Lightning"],"picked":"Sweeping Beam","floor":11},{"not_picked":["Redo","Hello World"],"picked":"Self Repair","floor":12},{"not_picked":["Thunder Strike","Amplify"],"picked":"Echo Form","floor":16},{"not_picked":["Beam Cell","Redo"],"picked":"Consume","floor":18},{"not_picked":["Coolheaded","Conserve Battery+1"],"picked":"Force Field","floor":20},{"not_picked":["Darkness","Ball Lightning+1"],"picked":"Double Energy","floor":21},{"not_picked":["Redo","Stack"],"picked":"Leap","floor":22},{"not_picked":["Gash","Redo"],"picked":"Rainbow","floor":23},{"not_picked":["Chill","Heatsinks+1"],"picked":"Streamline+1","floor":27},{"not_picked":["Compile Driver+1","Sweeping Beam"],"picked":"Fission","floor":28},{"not_picked":["Steam+1","Consume"],"picked":"Doom and Gloom","floor":29},{"not_picked":["Gash","Beam Cell"],"picked":"Loop","floor":31},{"not_picked":["Hyperbeam","Echo Form"],"picked":"Creative AI","floor":33},{"not_picked":["Turbo","Compile Driver+1"],"picked":"Hologram+1","floor":35},{"not_picked":["Rebound+1","Doom and Gloom"],"picked":"Aggregate","floor":37},{"not_picked":["Gash","Rebound","Cold Snap+1"],"picked":"SKIP","floor":38},{"not_picked":["Cold Snap+1","Hello World"],"picked":"Conserve Battery+1","floor":39},{"not_picked":["Reinforced Body+1","Ball Lightning+1"],"picked":"Undo","floor":40},{"not_picked":["Hologram","Defragment"],"picked":"Echo Form","floor":42},{"not_picked":["Gash+1","Coolheaded"],"picked":"Barrage+1","floor":46},{"not_picked":["Blind","Trip"],"picked":"Panache","floor":48}],"player_experience":413216,"relics_obtained":[{"floor":7,"key":"Mummified Hand"},{"floor":9,"key":"Lantern"},{"floor":12,"key":"Toy Ornithopter"},{"floor":22,"key":"Red Mask"},{"floor":23,"key":"Akabeko"},{"floor":26,"key":"Blood Vial"},{"floor":29,"key":"Smiling Mask"},{"floor":31,"key":"MealTicket"},{"floor":40,"key":"Bag of Marbles"},{"floor":42,"key":"Molten Egg 2"},{"floor":43,"key":"Art of War"}],"event_choices":[{"damage_healed":17,"gold_gain":0,"player_choice":"Healed","damage_taken":0,"max_hp_gain":0,"max_hp_loss":0,"event_name":"The Cleric","floor":14,"gold_loss":35},{"cards_removed":["Strike_B"],"damage_healed":0,"gold_gain":0,"player_choice":"Gave Gold","damage_taken":0,"max_hp_gain":0,"max_hp_loss":0,"event_name":"Beggar","floor":19,"gold_loss":75},{"damage_healed":0,"gold_gain":0,"player_choice":"Fought Bandits","damage_taken":0,"max_hp_gain":0,"max_hp_loss":0,"event_name":"Masked Bandits","floor":22,"gold_loss":0},{"damage_healed":0,"gold_gain":0,"cards_transformed":["Strike_B"],"player_choice":"Transformed","damage_taken":0,"max_hp_gain":0,"max_hp_loss":0,"event_name":"Transmorgrifier","floor":25,"gold_loss":0,"cards_obtained":["Static Discharge"]},{"damage_healed":0,"gold_gain":0,"player_choice":"Ignored","damage_taken":0,"max_hp_gain":0,"max_hp_loss":0,"event_name":"Vampires","floor":30,"gold_loss":0},{"damage_healed":0,"gold_gain":0,"player_choice":"Gave Potion","damage_taken":0,"relics_obtained":["Ancient Tea Set"],"max_hp_gain":0,"max_hp_loss":0,"event_name":"WeMeetAgain","floor":36,"gold_loss":0},{"cards_removed":["Dualcast"],"damage_healed":0,"gold_gain":0,"player_choice":"Removed Skill","damage_taken":0,"max_hp_gain":0,"max_hp_loss":0,"event_name":"Falling","floor":45,"gold_loss":0},{"damage_healed":0,"gold_gain":0,"player_choice":"Memory 2","damage_taken":5,"max_hp_gain":0,"max_hp_loss":0,"event_name":"SensoryStone","floor":48,"gold_loss":0}],"is_beta":true,"boss_relics":[{"not_picked":["Coffee Dripper","Empty Cage"],"picked":"Snecko Eye"},{"not_picked":["Sozu","Runic Dome"],"picked":"Philosopher\u0027s Stone"}],"items_purged_floors":[],"is_endless":false,"potions_floor_spawned":[1,3,16,20,22,23,27,33,39,46],"ascension_level":17}}