{"host":"lnt5dzsuhru0aonl","time":1611482955,"event":{"mods":["2.2 Compatiblity","BaseMod","Colored Map","Colored Powertips","DeckTracker","Keyboard Shortcuts","Minty Spire (QoL Compilation)","Permanent Neow","Rare Cards Sparkle","StSLib","SuperFastMode","everything is the same but u backflip on backflip"],"gold_per_floor":[368,16,16,16,91,126,126,126,126],"floor_reached":8,"language":"KOR","playtime":114,"items_purged":["Doubt"],"score":104,"play_id":"129b8819-b773-4777-96ba-b9503a99b9a3","local_time":"20210124190915","is_ascension_mode":true,"campfire_choices":[{"data":"Loop","floor":7,"key":"SMITH"}],"circlet_count":0,"master_deck":["AscendersBane","Strike_B","Strike_B","Strike_B","Defend_B","Defend_B","Defend_B","Defend_B","Zap","Dualcast","Storm","Loop+1","Ball Lightning","Turbo"],"relics":["Cracked Core","ClockworkSouvenir","Bag of Marbles"],"acts_visited":["Exordium"],"potions_floor_usage":[6,8],"damage_taken":[{"damage":12,"enemies":"Jaw Worm","floor":1,"turns":3},{"damage":10,"enemies":"Lagavulin","floor":6,"turns":6},{"damage":31,"enemies":"Gremlin Nob","floor":8,"turns":3}],"seed_played":"-4844802957442632037","potions_obtained":[{"floor":1,"key":"PowerPotion"},{"floor":6,"key":"Swift Potion"}],"is_trial":false,"path_per_floor":["M","$","?","$","?","E","R","E"],"character_chosen":"DEFECT","items_purchased":["Loop","ClockworkSouvenir","Ball Lightning"],"campfire_rested":0,"item_purchase_floors":[2,2,2],"current_hp_per_floor":[52,52,45,45,34,24,24,0,0],"gold":126,"neow_bonus":"TWO_FIFTY_GOLD","is_daily":false,"chose_seed":false,"campfire_upgraded":1,"win_rate":0.0,"timestamp":1611482955,"path_taken":["M","$","?","$","?","E","R","E"],"items_purchased_type":["Card","Relic","Card"],"build_version":"2020-12-22","purchased_purges":1,"victory":false,"max_hp_per_floor":[71,71,71,71,71,71,71,71,71],"card_choices":[{"not_picked":["Chill","Steam Power"],"picked":"Storm","floor":1},{"not_picked":["Go for the Eyes","Blizzard"],"picked":"Turbo","floor":6}],"player_experience":749118,"relics_obtained":[{"floor":6,"key":"Bag of Marbles"}],"event_choices":[{"cards_removed":["Strike_B"],"damage_healed":0,"gold_gain":0,"player_choice":"Card Removal","damage_taken":7,"max_hp_gain":0,"max_hp_loss":0,"event_name":"Golden Wing","floor":3,"gold_loss":0},{"damage_healed":0,"gold_gain":75,"player_choice":"Gather Gold","damage_taken":11,"max_hp_gain":0,"max_hp_loss":0,"event_name":"World of Goop","floor":5,"gold_loss":0}],"is_beta":false,"boss_relics":[],"items_purged_floors":[2],"is_endless":false,"potions_floor_spawned":[1,6],"killed_by":"Gremlin Nob","ascension_level":20}}