{"host":"j019w4cyowrad0mf","time":1611506690,"event":{"mods":["2.2 Compatiblity","Act Like it!","BaseMod","CapriCore","Gensokyo","HololiveMod","Marisa????????","Minty Spire (QoL Compilation)","Reimu??????","StSLib","Waifu the Spire","WarShipGirlsR/????R mod"],"gold_per_floor":[83,83,83,13,31,87,105,149,149,13,80,97,130,154,154,278,278,304,327,327,345,77,130,150,150,150,13,13,26,26,26,26,129,129,160,5,229,251,251,251,290,314,314,361,361,419,419,329,329,338],"floor_reached":51,"language":"ENG","playtime":2680,"items_purged":[],"score":1095,"play_id":"d6389137-7fad-45d3-aad0-a08819a526a2","local_time":"20210124084450","is_ascension_mode":true,"campfire_choices":[{"data":"Hololive_DDD","floor":15.0,"key":"SMITH"},{"data":"Hololive_CallYozoraMel","floor":25,"key":"SMITH"},{"data":"Gensokyo:CrescentMoonSlash","floor":28,"key":"SMITH"},{"data":"Gensokyo:TurboGranny","floor":32,"key":"SMITH"},{"data":"Mayhem","floor":40,"key":"SMITH"},{"floor":45,"key":"REST"},{"data":"Hololive_CallAkiRosenthal","floor":49,"key":"SMITH"}],"circlet_count":0,"master_deck":["Hololive_CallHoushouMarine","Hololive_CallShiroganeNoel","Hololive_CallUruhaRushia","Hololive_CallShiranuiFlare+1","Hololive_CallUsadaPekora+1","Hololive_StrengthChampion","Hololive_Defend","Hololive_Defend","Hololive_CallShishiroBotan+1","Injury","Gensokyo:CrescentMoonSlash+1","Hololive_CallSakuraMiko","Hololive_CocoNews","Hololive_Spy","Hololive_CallMinatoAqua","Mayhem+1","Hololive_DDD+1","Hololive_Teleport","Hololive_RevenueBasedLive","Hololive_LuckPotion","Hololive_CallNatsuiroMatsuri","Hololive_OpenUp","Hololive_MaximGun","CurseOfTheBell","Hololive_CallKiryuuCoco","Hololive_CallNekomataOkayu","Hololive_CallAkiRosenthal+1","Hololive_CallShirakamiFubuki","Gensokyo:TurboGranny+1","Hololive_Thief","Hololive_HuntDinosaur","Hololive_CallDoris+1","Hololive_CallYozoraMel+1","Hololive_CallYuzukiChoco+1","Sadistic Nature","Hololive_CallHoshimachiSuisei","Hololive_Yoholoon+1","Hololive_DurableLive","Hololive_CallMomosuzuNene+1","Sadistic Nature","Hololive_HuntDinosaur+1","Hololive_CallSakuraMiko+1","Hololive_Thief","Hololive_ILoveYou","Hololive_CallManoAloe+1","Gensokyo:CustomPotion"],"relics":["Hololive_TheStar","The Courier","Lantern","Prayer Wheel","Pear","Smiling Mask","Calling Bell","Bag of Marbles","Shuriken","Turnip","TentaclePot:ReiMu","Juzu Bracelet","Regal Pillow","Bottled Flame","Hololive_FriedShrimpLion","Gensokyo:MosesMiracle","Gensokyo:ConquerorOfFear","Black Star","Orichalcum","Vajra","Ice Cream","Happy Flower","Pen Nib","Toy Ornithopter"],"acts_visited":["Exordium","Gensokyo:Gensokyo","Gensokyo:Gensokyoer"],"potions_floor_usage":[19,41,50],"damage_taken":[{"damage":0.0,"enemies":"Gensokyo:3_Fairies","floor":1.0,"turns":4.0},{"damage":0.0,"enemies":"Gensokyo:Gryphon","floor":5.0,"turns":2.0},{"damage":0.0,"enemies":"Gensokyo:Cirno","floor":6.0,"turns":5.0},{"damage":0.0,"enemies":"Gensokyo:Python","floor":7.0,"turns":2.0},{"damage":0.0,"enemies":"Gensokyo:Aya","floor":8.0,"turns":3.0},{"damage":0.0,"enemies":"Gensokyo:Cirno","floor":11.0,"turns":5.0},{"damage":0.0,"enemies":"Gensokyo:LivingMonolith","floor":12.0,"turns":1.0},{"damage":0.0,"enemies":"Gensokyo:Aya","floor":13.0,"turns":3.0},{"damage":0.0,"enemies":"Gensokyo:Python_and_Kodama","floor":14.0,"turns":3.0},{"damage":0.0,"enemies":"Gensokyo:Yukari","floor":16.0,"turns":6.0},{"damage":0.0,"enemies":"Gensokyo:CosmicMonolith","floor":18.0,"turns":3.0},{"damage":2,"enemies":"Gensokyo:3_Dogs","floor":19,"turns":6},{"damage":0,"enemies":"Gensokyo:Slime_Group","floor":21,"turns":3},{"damage":0,"enemies":"Gensokyo:Reisen","floor":23,"turns":5},{"damage":0,"enemies":"Gensokyo:3_Gloops","floor":24,"turns":5},{"damage":0,"enemies":"Gensokyo:Wraith","floor":29,"turns":4},{"damage":1,"enemies":"Gensokyo:Eiki","floor":33,"turns":7},{"damage":0,"enemies":"Gensokyo:3_Boulders","floor":35,"turns":3},{"damage":0,"enemies":"Gensokyo:AncientGuardian","floor":37,"turns":3},{"damage":0,"enemies":"Gensokyo:Rafflesia","floor":38,"turns":5},{"damage":35,"enemies":"Gensokyo:Marisa","floor":41,"turns":4},{"damage":0,"enemies":"Gensokyo:AtlasGolem","floor":42,"turns":3},{"damage":0,"enemies":"Gensokyo:Kasen","floor":46,"turns":4},{"damage":0,"enemies":"Gensokyo:Scarlet_Devils","floor":50,"turns":4}],"seed_played":"1070660648855021156","potions_obtained":[{"floor":8.0,"key":"GamblersBrew"},{"floor":11.0,"key":"AttackPotion"},{"floor":16.0,"key":"ZuzhouPotion:ReiMu"},{"floor":19,"key":"Swift Potion"},{"floor":42,"key":"Strength Potion"}],"is_trial":false,"path_per_floor":["M","?","?","?","M","E","M","E","T","$","E","M","E","M","R","B",null,"M","M","?","M","COS","E","M","R","T","$","R","M","?","?","R","B",null,"M","$","M","M","?","R","E","M","T","T","R","E","?","?","R","B",null],"character_chosen":"Hololive_HololiveCharacter","items_purchased":["Mayhem","Sadistic Nature","Sadistic Nature"],"campfire_rested":1,"item_purchase_floors":[10,27,36],"current_hp_per_floor":[35,35,30,30,30,30,30,30,40,40,40,40,40,40,40,40,45,45,43,41,41,41,41,41,41,41,41,41,41,41,41,41,40,41,41,41,41,41,41,41,6,6,6,6,33,41,41,41,41,41],"gold":338,"neow_bonus":"UPGRADE_CARD","is_daily":false,"chose_seed":false,"campfire_upgraded":6,"win_rate":0.0,"timestamp":1611506690,"path_taken":["M","?","?","?","?","E","M","E","T","?","E","?","E","M","R","BOSS","M","M","?","M","COS","E","M","R","T","$","R","M","?","?","R","BOSS","M","$","M","M","?","R","E","M","T","?","R","E","?","?","R","BOSS"],"items_purchased_type":["Card","Card","Card"],"build_version":"2020-12-22","purchased_purges":0,"victory":true,"max_hp_per_floor":[35,35,35,35,35,35,35,35,45,45,45,45,45,45,45,45,45,45,45,41,41,41,41,41,41,41,41,41,41,41,41,41,41,41,41,41,41,41,41,41,41,41,41,41,41,41,41,41,41,41],"card_choices":[{"not_picked":["Hololive_OvertimeWork","Hololive_FlyingPonyTail","Hololive_Breathe"],"picked":"Hololive_CallShishiroBotan","floor":1.0},{"not_picked":["Hololive_CallUsadaPekora","Hololive_HuntDinosaur","Hololive_CallHoushouMarine"],"picked":"Hololive_CallSakuraMiko","floor":5.0},{"not_picked":["Hololive_Trident","Hololive_RevenueBasedLive","Hololive_StrengthChampion"],"picked":"Hololive_CocoNews","floor":6.0},{"not_picked":["Hololive_CallShiranuiFlare","Hololive_Sequa","Hololive_Recruit"],"picked":"Hololive_Spy","floor":7.0},{"not_picked":["Hololive_RevenueBasedLive","Hololive_DevilCharm","Hololive_CocoNews"],"picked":"Hololive_CallMinatoAqua","floor":8.0},{"not_picked":["Hololive_Breathe","Hololive_CallMinatoAqua","Hololive_AWSL"],"picked":"Hololive_DDD","floor":11.0},{"not_picked":["Hololive_Breathe","Hololive_Sequa","Hololive_StrengthChampion"],"picked":"Hololive_Teleport","floor":12.0},{"not_picked":["Hololive_CocoNews","Hololive_Rebound","Hololive_StrengthChampion"],"picked":"Hololive_RevenueBasedLive","floor":12.0},{"not_picked":["Hololive_Rebound","Hololive_OvertimeWork","Hololive_Drill"],"picked":"Hololive_LuckPotion","floor":13.0},{"not_picked":["Hololive_CallAmaneKanata","Hololive_CallSpadeEcho","Hololive_RevenueBasedLive"],"picked":"Hololive_CallNatsuiroMatsuri","floor":14.0},{"not_picked":["Hololive_LuckPotion","Hololive_Sequa","Hololive_OvertimeWork"],"picked":"Hololive_OpenUp","floor":14.0},{"not_picked":["Hololive_Rebirth","Hololive_ScarfAndHalo","Hololive_IdolExercise"],"picked":"Hololive_MaximGun","floor":16.0},{"not_picked":["Hololive_Drill","Hololive_Psychosis","Hololive_Sequa+1"],"picked":"Hololive_CallKiryuuCoco","floor":18.0},{"not_picked":["Hololive_CallRoboco+1","Hololive_StrengthChampion","Hololive_FlyingPonyTail+1"],"picked":"Hololive_CallNekomataOkayu","floor":18.0},{"not_picked":["Hololive_LuckPotion","Hololive_Yoholoon","Hololive_Watashimo"],"picked":"Hololive_CallAkiRosenthal","floor":19},{"not_picked":["Hololive_CallUsadaPekora","Hololive_CallShishiroBotan","Hololive_CallDoris+1"],"picked":"Hololive_CallShirakamiFubuki","floor":19},{"not_picked":["Gensokyo:LochNessMonster","Gensokyo:RedCapeBlueCape","Gensokyo:Apocalypse"],"picked":"Gensokyo:TurboGranny","floor":20},{"not_picked":["Hololive_DevilCharm","Hololive_Drill+1","Hololive_CallRoboco+1"],"picked":"Hololive_Thief","floor":21},{"not_picked":["Hololive_FlyingPonyTail","Hololive_Drill","Hololive_Sequa"],"picked":"Hololive_HuntDinosaur","floor":21},{"not_picked":["Hololive_CallKiryuuCoco","Hololive_CallSpadeEcho","Hololive_OvertimeWork+1"],"picked":"Hololive_CallDoris+1","floor":23},{"not_picked":["Hololive_CallNakiriAyame","Hololive_Rebound","Hololive_StrengthChampion+1"],"picked":"Hololive_CallYozoraMel","floor":24},{"not_picked":["Hololive_Trident","Hololive_CallAZKi+1","Hololive_Rebound"],"picked":"Hololive_CallYuzukiChoco+1","floor":24},{"not_picked":["Hololive_CallDoris","Hololive_FlyingPonyTail","Hololive_Drill+1"],"picked":"Hololive_CallHoshimachiSuisei","floor":29},{"not_picked":["Hololive_HuntDinosaur","Hololive_CocoNews","Hololive_RevenueBasedLive"],"picked":"Hololive_Yoholoon+1","floor":29},{"not_picked":["Hololive_ScarfAndHalo","Hololive_AWSL","Hololive_Recruit"],"picked":"Hololive_DurableLive","floor":33},{"not_picked":["Hololive_Spy+1","Hololive_OvertimeWork","Hololive_Psychosis"],"picked":"Hololive_CallMomosuzuNene+1","floor":35},{"not_picked":["Hololive_CallNekomataOkayu","Hololive_Drill+1","Hololive_RevenueBasedLive","Hololive_StrengthChampion+1"],"picked":"SKIP","floor":35},{"not_picked":["Hololive_DDD","Hololive_FlyingPonyTail+1","Hololive_Breathe+1"],"picked":"Hololive_HuntDinosaur+1","floor":37},{"not_picked":["Hololive_ScarfAndHalo","Hololive_CocoNews","Hololive_FlyingPonyTail","Hololive_RevenueBasedLive"],"picked":"SKIP","floor":37},{"not_picked":["Hololive_Breathe+1","Hololive_Rebound+1","Hololive_StrengthChampion"],"picked":"Hololive_CallSakuraMiko+1","floor":38},{"not_picked":["Hololive_CocoNews","Hololive_Rebound","Hololive_SoulCatcher+1","Hololive_OvertimeWork"],"picked":"SKIP","floor":38},{"not_picked":["Hololive_Trident","Hololive_Psychosis","Hololive_Breathe","Hololive_OvertimeWork+1"],"picked":"SKIP","floor":41},{"not_picked":["Hololive_Breathe+1","Hololive_CallCivia+1","Hololive_StrengthChampion+1"],"picked":"Hololive_Thief","floor":42},{"not_picked":["Hololive_Breathe","Hololive_StrengthChampion+1","Hololive_FlyingPonyTail"],"picked":"Hololive_ILoveYou","floor":42},{"not_picked":["Hololive_Nanodesu","Hololive_StrengthChampion","Hololive_Trident"],"picked":"Hololive_CallManoAloe+1","floor":46}],"player_experience":343116,"relics_obtained":[{"floor":6.0,"key":"Lantern"},{"floor":8.0,"key":"Prayer Wheel"},{"floor":9.0,"key":"Pear"},{"floor":13.0,"key":"Smiling Mask"},{"floor":17.0,"key":"Bag of Marbles"},{"floor":17.0,"key":"Shuriken"},{"floor":17.0,"key":"Turnip"},{"floor":23,"key":"Juzu Bracelet"},{"floor":26,"key":"Bottled Flame"},{"floor":33,"key":"Gensokyo:ConquerorOfFear"},{"floor":37,"key":"Gensokyo:MosesMiracle"},{"floor":41,"key":"Orichalcum"},{"floor":41,"key":"Vajra"},{"floor":43,"key":"Ice Cream"},{"floor":44,"key":"Happy Flower"},{"floor":46,"key":"Pen Nib"},{"floor":46,"key":"Toy Ornithopter"}],"event_choices":[],"is_beta":false,"boss_relics":[{"not_picked":["Runic Dome","Hololive_TopUpMoneyS"],"picked":"Calling Bell"},{"not_picked":["Velvet Choker","Coffee Dripper"],"picked":"Black Star"}],"items_purged_floors":[],"is_endless":false,"potions_floor_spawned":[8,11,16,19,23,29,33,35,37,42,46],"ascension_level":1}}