{"host":"qsusua7l529r8z9k","time":1611489405,"event":{"mods":["BaseMod","Downfall","Minty Spire (QoL Compilation)","StSLib"],"gold_per_floor":[99,112,130,130,130,163,186,25,25,36,66,78,78,94,105,204,204,204,217,232,22,22,22,22,22],"floor_reached":23,"language":"ZHS","playtime":8909,"items_purged":["Guardian:Strike_Guardian"],"score":211,"play_id":"d61abc62-1778-4cc4-877c-a1d6446ada7e","local_time":"20210124195645","is_ascension_mode":true,"campfire_choices":[{"data":"Guardian:TwinSlam","floor":1.0,"key":"SMITH"},{"data":"Guardian:DecasProtection","floor":9,"key":"SMITH"},{"data":"Guardian:WalkerClaw","floor":13,"key":"SMITH"},{"data":"Guardian:ExploitGems","floor":18,"key":"SMITH"}],"circlet_count":0,"master_deck":["Guardian:Strike_Guardian+1","Guardian:Strike_Guardian","Guardian:Strike_Guardian","Guardian:Defend_Guardian","Guardian:Defend_Guardian","Guardian:Defend_Guardian","Guardian:Defend_Guardian","Guardian:CurlUp","Guardian:TwinSlam+1","Guardian:Preprogram","Guardian:ExploitGems+1","Guardian:PolyBeam+1","Guardian:DecasProtection+1","Guardian:ArmoredProtocol","Guardian:WalkerClaw+1","Guardian:PrismaticBarrier","Guardian:Incinerate","Guardian:ConstructionForm","Guardian:FloatingOrbs","Guardian:Gem_Cyan"],"relics":["Sozu","Mango","Whetstone","Membership Card","Bottled Flame","Coffee Dripper","Pocketwatch","Dream Catcher"],"acts_visited":["Exordium","TheCity"],"potions_floor_usage":[],"damage_taken":[{"damage":3.0,"enemies":"Small Slimes","floor":2.0,"turns":3.0},{"damage":0.0,"enemies":"Cultist","floor":3.0,"turns":3.0},{"damage":30,"enemies":"Gremlin Nob","floor":6,"turns":6},{"damage":0,"enemies":"downfall:FleeingMerchant","floor":8,"turns":4},{"damage":5,"enemies":"2 Louse","floor":10,"turns":3},{"damage":6,"enemies":"Lagavulin","floor":11,"turns":8},{"damage":7,"enemies":"Blue Slaver","floor":12,"turns":4},{"damage":1,"enemies":"2 Fungi Beasts","floor":14,"turns":4},{"damage":0,"enemies":"3 Louse","floor":15,"turns":3},{"damage":25,"enemies":"SI_SHIV_ARCHETYPE","floor":16,"turns":7},{"damage":10,"enemies":"Spheric Guardian","floor":19,"turns":4},{"damage":10,"enemies":"Shell Parasite","floor":20,"turns":6},{"damage":5,"enemies":"downfall:FleeingMerchant","floor":21,"turns":4},{"damage":74,"enemies":"Book of Stabbing","floor":23,"turns":7}],"seed_played":"3638511288785313599","potions_obtained":[],"is_trial":false,"path_per_floor":["R","M","M","?","?","E","T","$","R","M","E","M","R","M","M","B",null,"R","M","M","$","T","E"],"character_chosen":"GUARDIAN","items_purchased":["Membership Card","Pocketwatch"],"campfire_rested":0,"item_purchase_floors":[8,21],"current_hp_per_floor":[80,77,77,77,77,61,61,61,61,56,50,43,43,42,42,17,94,94,84,74,69,69,0,0,0],"gold":22,"neow_bonus":"BOSS_RELIC","is_daily":false,"chose_seed":false,"campfire_upgraded":4,"win_rate":0.0,"timestamp":1611489405,"path_taken":["R","M","M","?","?","E","T","$","R","?","E","?","R","?","M","BOSS","R","M","M","$","?","E"],"items_purchased_type":["Relic","Relic"],"build_version":"2020-12-22","purchased_purges":1,"victory":false,"max_hp_per_floor":[80,80,80,80,80,94,94,94,94,94,94,94,94,94,94,94,94,94,94,94,94,94,94,94,94],"card_choices":[{"not_picked":["Guardian:Recover","Guardian:VentSteam"],"picked":"Guardian:Preprogram","floor":2.0},{"not_picked":["Guardian:RollAttack","Guardian:Gem_Cyan"],"picked":"Guardian:Gem_Blue","floor":3.0},{"not_picked":["Guardian:BronzeOrb","Guardian:FloatingOrbs"],"picked":"Guardian:PolyBeam","floor":6},{"not_picked":["Guardian:Emergency","Guardian:Gem_Red"],"picked":"Guardian:DecasProtection","floor":8},{"not_picked":["Guardian:Reroute","Guardian:Planning"],"picked":"Guardian:ArmoredProtocol","floor":10},{"not_picked":["Guardian:Repulse","Guardian:StasisField"],"picked":"Guardian:WalkerClaw","floor":11},{"not_picked":["Guardian:Recover","Guardian:VentSteam"],"picked":"Guardian:PrismaticBarrier","floor":12},{"not_picked":["Guardian:PrismaticBarrier","Guardian:RollAttack"],"picked":"Guardian:Incinerate","floor":14},{"not_picked":["Guardian:Gem_Lightblue","Guardian:Gem_Red"],"picked":"Guardian:Gem_Crimson","floor":15},{"not_picked":["Guardian:GatlingBeam","Guardian:FastForward"],"picked":"Guardian:ConstructionForm","floor":16},{"not_picked":["Guardian:VentSteam+1","Guardian:Preprogram+1"],"picked":"Guardian:FloatingOrbs","floor":19},{"not_picked":["Guardian:Preprogram","Guardian:PrismaticBeam+1"],"picked":"Guardian:Gem_Cyan","floor":20},{"not_picked":["Guardian:Planning+1","Guardian:Reroute","Guardian:ShieldCharger"],"picked":"SKIP","floor":21}],"player_experience":522399,"relics_obtained":[{"floor":6,"key":"Mango"},{"floor":7,"key":"Whetstone"},{"floor":11,"key":"Bottled Flame"},{"floor":22,"key":"Dream Catcher"}],"event_choices":[],"is_beta":false,"boss_relics":[{"not_picked":["Empty Cage","Runic Dome"],"picked":"Coffee Dripper"}],"items_purged_floors":[21],"is_endless":false,"potions_floor_spawned":[10,11,12,14,19],"killed_by":"Book of Stabbing","ascension_level":1}}