{"host":"qc268ltokmxwqyrx","time":1611455420,"event":{"mods":["BaseMod","Colored Map","Colored Powertips","Minty Spire (QoL Compilation)","Relic Stats","Slay the Relics Exporter","StSLib","ojb\u0027s Info Mod"],"gold_per_floor":[111,111,123,133,133,133,167,167,167,201,220,231,231,241,241,241,241],"floor_reached":16,"language":"ENG","playtime":576,"items_purged":[],"score":224,"play_id":"bcffbfd7-24ba-40c4-904e-90f462e88f6f","local_time":"20210123203020","is_ascension_mode":true,"campfire_choices":[{"floor":6,"key":"REST"},{"floor":13,"key":"REST"},{"floor":15,"key":"REST"}],"circlet_count":0,"master_deck":["AscendersBane","Strike_G","Strike_G","Strike_G","Strike_G","Strike_G","Defend_G","Defend_G+1","Defend_G","Defend_G","Defend_G","Survivor","Neutralize","Flying Knee","Pain","After Image","All Out Attack+1","Blade Dance","Backflip","Acrobatics","PiercingWail"],"relics":["SlaversCollar","WarpedTongs","The Courier","Gambling Chip","Pen Nib"],"acts_visited":["Exordium"],"potions_floor_usage":[7,10],"damage_taken":[{"damage":2,"enemies":"2 Louse","floor":1,"turns":4},{"damage":1,"enemies":"Cultist","floor":3,"turns":4},{"damage":1,"enemies":"Jaw Worm","floor":4,"turns":4},{"damage":26,"enemies":"Gremlin Nob","floor":7,"turns":6},{"damage":17,"enemies":"3 Sentries","floor":10,"turns":7},{"damage":2,"enemies":"2 Fungi Beasts","floor":11,"turns":3},{"damage":6,"enemies":"Exordium Wildlife","floor":12,"turns":5},{"damage":3,"enemies":"Blue Slaver","floor":14,"turns":2},{"damage":46,"enemies":"Slime Boss","floor":16,"turns":7}],"seed_played":"-8479212534568617714","potions_obtained":[{"floor":3,"key":"Ancient Potion"},{"floor":7,"key":"SkillPotion"},{"floor":11,"key":"SmokeBomb"}],"is_trial":false,"path_per_floor":["M","?","M","M","?","R","E","?","T","E","M","M","R","M","R","B"],"character_chosen":"THE_SILENT","items_purchased":[],"campfire_rested":3,"item_purchase_floors":[],"current_hp_per_floor":[57,57,56,55,35,54,28,28,28,11,9,3,22,19,38,0,0],"gold":241,"neow_bonus":"BOSS_RELIC","is_daily":false,"chose_seed":false,"campfire_upgraded":0,"win_rate":0.0,"timestamp":1611455420,"path_taken":["M","?","?","M","?","R","E","?","T","E","M","M","R","M","R","BOSS"],"items_purchased_type":[],"build_version":"2020-12-22","purchased_purges":0,"victory":false,"max_hp_per_floor":[66,66,66,66,66,66,66,66,66,66,66,66,66,66,66,66,66],"relic_stats":{"counters":[9,42],"Gambling Chip":[11],"Pen Nib":[4],"obtain_stats":[{"SlaversCollar":0,"Gambling Chip":9,"The Courier":7,"Pen Nib":10,"Ring of the Snake":0,"WarpedTongs":2},{"SlaversCollar":0,"Gambling Chip":4,"The Courier":4,"Pen Nib":5,"Ring of the Snake":0,"WarpedTongs":1},{"SlaversCollar":0,"Gambling Chip":18,"The Courier":18,"Pen Nib":25,"Ring of the Snake":0,"WarpedTongs":4}],"WarpedTongs":[37]},"card_choices":[{"not_picked":["Dodge and Roll","Underhanded Strike"],"picked":"Flying Knee","floor":1},{"not_picked":["Slice","Underhanded Strike"],"picked":"After Image","floor":3},{"not_picked":["Prepared","Cloak And Dagger"],"picked":"All Out Attack","floor":4},{"not_picked":["Dodge and Roll","Outmaneuver"],"picked":"Blade Dance","floor":7},{"not_picked":["Quick Slash","Sucker Punch"],"picked":"Backflip","floor":10},{"not_picked":["Doppelganger","Outmaneuver"],"picked":"Acrobatics","floor":11},{"not_picked":["Outmaneuver","Deadly Poison"],"picked":"PiercingWail","floor":12},{"not_picked":["Sucker Punch","Tactician","Skewer"],"picked":"SKIP","floor":14}],"player_experience":1782910,"relics_obtained":[{"floor":7,"key":"The Courier"},{"floor":9,"key":"Gambling Chip"},{"floor":10,"key":"Pen Nib"}],"event_choices":[{"damage_healed":0,"gold_gain":0,"player_choice":"Rummage","damage_taken":0,"relics_obtained":["WarpedTongs"],"max_hp_gain":0,"max_hp_loss":0,"event_name":"Accursed Blacksmith","floor":2,"gold_loss":0,"cards_obtained":["Pain"]},{"damage_healed":0,"gold_gain":0,"player_choice":"Entered Light","damage_taken":20,"max_hp_gain":0,"max_hp_loss":0,"event_name":"Shining Light","floor":5,"gold_loss":0,"cards_upgraded":["Defend_G","All Out Attack"]},{"damage_healed":0,"gold_gain":0,"player_choice":"Ignored","damage_taken":0,"max_hp_gain":0,"max_hp_loss":0,"event_name":"Liars Game","floor":8,"gold_loss":0}],"is_beta":false,"boss_relics":[],"items_purged_floors":[],"is_endless":false,"potions_floor_spawned":[3,7,11],"killed_by":"Slime Boss","ascension_level":20}}