{"host":"qekv59dthhdg54sz","time":1611508275,"event":{"mods":["AchievementEnabler","BaseMod","Colored Map","DeckTracker","KOR Keyword Fix","Minty Spire (QoL Compilation)","Rare Cards Sparkle","StSLib","SuperFastMode"],"gold_per_floor":[367,381,381,394,102,102,133,133,133,195,206,222,222,237,237,311,311,323,333,383,383,383],"floor_reached":21,"language":"KOR","playtime":488,"items_purged":["Strike_G"],"score":362,"play_id":"086a6343-31e2-425d-abae-000737de5201","local_time":"20210125021115","is_ascension_mode":true,"campfire_choices":[{"data":"Dagger Spray","floor":6,"key":"SMITH"},{"floor":8,"key":"REST"},{"data":"Cloak And Dagger","floor":13,"key":"SMITH"},{"floor":15,"key":"REST"}],"circlet_count":0,"master_deck":["AscendersBane","Strike_G","Strike_G","Strike_G","Strike_G","Defend_G","Defend_G","Defend_G","Defend_G","Defend_G","Survivor","Neutralize","Dagger Spray+1","Quick Slash","Backflip","Grand Finale","Cloak And Dagger+1","Blade Dance","Dagger Throw","Tactician","Storm of Steel","Prepared"],"relics":["Ring of the Snake","Frozen Egg 2","Membership Card","Happy Flower","Anchor","Shuriken","MealTicket"],"acts_visited":["Exordium","TheCity"],"potions_floor_usage":[7,7,18,21],"damage_taken":[{"damage":0,"enemies":"2 Louse","floor":1,"turns":4},{"damage":3,"enemies":"Jaw Worm","floor":2,"turns":7},{"damage":2,"enemies":"Small Slimes","floor":4,"turns":5},{"damage":27,"enemies":"Lagavulin","floor":7,"turns":8},{"damage":12,"enemies":"3 Sentries","floor":10,"turns":8},{"damage":0,"enemies":"3 Louse","floor":11,"turns":2},{"damage":0,"enemies":"Large Slime","floor":12,"turns":3},{"damage":1,"enemies":"Looter","floor":14,"turns":2},{"damage":17,"enemies":"Slime Boss","floor":16,"turns":8},{"damage":15,"enemies":"Chosen","floor":18,"turns":4},{"damage":27,"enemies":"2 Thieves","floor":19,"turns":4},{"damage":14,"enemies":"Chosen and Byrds","floor":21,"turns":5}],"seed_played":"269976223656689195","potions_obtained":[{"floor":2,"key":"AttackPotion"},{"floor":4,"key":"SteroidPotion"},{"floor":11,"key":"SpeedPotion"},{"floor":12,"key":"Block Potion"}],"is_trial":false,"path_per_floor":["M","M","?","M","$","R","E","R","T","?","M","M","R","M","R","B",null,"M","M","?","M"],"character_chosen":"THE_SILENT","items_purchased":["Membership Card","Happy Flower"],"campfire_rested":2,"item_purchase_floors":[5,5],"current_hp_per_floor":[59,56,45,43,43,43,16,34,34,22,22,22,22,21,39,22,51,36,9,9,0,0],"gold":383,"neow_bonus":"TWO_FIFTY_GOLD","is_daily":false,"chose_seed":false,"campfire_upgraded":2,"win_rate":0.0,"timestamp":1611508275,"path_taken":["M","M","?","M","$","R","E","R","T","?","M","M","R","M","R","BOSS","M","M","?","M"],"items_purchased_type":["Relic","Relic"],"build_version":"2020-12-22","purchased_purges":1,"victory":false,"max_hp_per_floor":[60,60,60,60,60,60,60,60,60,60,60,60,60,60,60,60,60,60,60,60,60,60],"card_choices":[{"not_picked":["Accuracy","Outmaneuver"],"picked":"Dagger Spray","floor":1},{"not_picked":["Cloak And Dagger","Deadly Poison"],"picked":"Quick Slash","floor":2},{"not_picked":["Dagger Spray","Escape Plan"],"picked":"Backflip","floor":4},{"not_picked":["Backstab","Bullet Time"],"picked":"Grand Finale","floor":7},{"not_picked":["Catalyst","Backflip"],"picked":"Cloak And Dagger","floor":10},{"not_picked":["Underhanded Strike","Dagger Spray"],"picked":"Blade Dance","floor":11},{"not_picked":["Blade Dance","Backflip"],"picked":"Dagger Throw","floor":12},{"not_picked":["Cloak And Dagger","Deflect"],"picked":"Tactician","floor":14},{"not_picked":["Unload","A Thousand Cuts+1"],"picked":"Storm of Steel","floor":16},{"not_picked":["Blade Dance","Dash"],"picked":"Prepared","floor":18},{"not_picked":["Bane","Dagger Throw+1","Eviscerate"],"picked":"SKIP","floor":19}],"player_experience":821962,"relics_obtained":[{"floor":7,"key":"Anchor"},{"floor":9,"key":"Shuriken"},{"floor":10,"key":"MealTicket"}],"event_choices":[{"damage_healed":0,"gold_gain":0,"player_choice":"Success","damage_taken":11,"relics_obtained":["Frozen Egg 2"],"max_hp_gain":0,"max_hp_loss":0,"event_name":"Scrap Ooze","floor":3,"gold_loss":0},{"damage_healed":0,"gold_gain":0,"player_choice":"Searched \u00271\u0027 times","damage_taken":0,"max_hp_gain":0,"max_hp_loss":0,"event_name":"Dead Adventurer","floor":10,"gold_loss":0},{"damage_healed":0,"gold_gain":50,"player_choice":"Stole From Cult","damage_taken":0,"max_hp_gain":0,"max_hp_loss":0,"event_name":"Nest","floor":20,"gold_loss":0}],"is_beta":false,"boss_relics":[{"not_picked":["Snecko Eye","Velvet Choker","Sozu"]}],"items_purged_floors":[5],"is_endless":false,"potions_floor_spawned":[2,4,11,12,16],"killed_by":"Chosen and Byrds","ascension_level":20}}