{"host":"3xtugoueioptrf1x","time":1611528674,"event":{"mods":["BaseMod","Colored Powertips","Minty Spire (QoL Compilation)","Rare Cards Sparkle","StSLib"],"gold_per_floor":[118,138,150,72,91,123,23,42,69,95,107,124,137,154,154,252,252,262,262,252,263,51,51,51],"floor_reached":23,"language":"ENG","playtime":3433,"items_purged":[],"score":234,"play_id":"6069be3a-0cb8-4c37-b65e-7d97d9d62c6d","local_time":"20210124175114","is_ascension_mode":false,"campfire_choices":[{"floor":15,"key":"REST"}],"circlet_count":0,"master_deck":["Strike_G","Strike_G","Strike_G","Strike_G","Strike_G","Defend_G","Defend_G","Defend_G","Defend_G","Defend_G","Survivor","Neutralize","Unload","Deflect","Acrobatics","Footwork","Concentrate","Footwork","Dodge and Roll","Corpse Explosion","Dodge and Roll","Leg Sweep","Corpse Explosion","Outmaneuver","Caltrops","Backflip+1","Footwork","Noxious Fumes+1","Venomology"],"relics":["Ring of the Snake","Strawberry","Pen Nib","Orichalcum","SlaversCollar","Orrery"],"acts_visited":["Exordium","TheCity"],"potions_floor_usage":[13,16,16,16,23],"damage_taken":[{"damage":0,"enemies":"Small Slimes","floor":1,"turns":4},{"damage":0,"enemies":"Cultist","floor":2,"turns":4},{"damage":2,"enemies":"Jaw Worm","floor":3,"turns":6},{"damage":0,"enemies":"Large Slime","floor":5,"turns":7},{"damage":15,"enemies":"3 Sentries","floor":6,"turns":14},{"damage":5,"enemies":"Exordium Thugs","floor":8,"turns":12},{"damage":5,"enemies":"Lagavulin","floor":10,"turns":13},{"damage":4,"enemies":"Looter","floor":11,"turns":4},{"damage":6,"enemies":"2 Fungi Beasts","floor":12,"turns":3},{"damage":0,"enemies":"Exordium Thugs","floor":13,"turns":2},{"damage":4,"enemies":"Large Slime","floor":14,"turns":8},{"damage":33,"enemies":"Slime Boss","floor":16,"turns":17},{"damage":31,"enemies":"Chosen","floor":18,"turns":12},{"damage":24,"enemies":"2 Thieves","floor":20,"turns":5},{"damage":9,"enemies":"Centurion and Healer","floor":21,"turns":14},{"damage":15,"enemies":"Slavers","floor":23,"turns":2}],"seed_played":"8366486665097032185","potions_obtained":[{"floor":3,"key":"SneckoOil"},{"floor":6,"key":"CunningPotion"},{"floor":8,"key":"SteroidPotion"},{"floor":13,"key":"Ancient Potion"},{"floor":14,"key":"DistilledChaos"}],"is_trial":false,"path_per_floor":["M","M","M","$","M","E","$","M","T","E","M","M","M","M","R","B",null,"M","?","M","M","$","E"],"character_chosen":"THE_SILENT","items_purchased":["Footwork","Footwork","Dodge and Roll","Footwork","Orrery"],"campfire_rested":1,"item_purchase_floors":[4,7,7,22,22],"current_hp_per_floor":[70,70,68,68,68,60,60,55,55,50,46,40,40,36,59,26,77,46,46,22,13,13,0,0],"gold":51,"neow_bonus":"ONE_RANDOM_RARE_CARD","is_daily":false,"chose_seed":false,"campfire_upgraded":0,"win_rate":0.0,"timestamp":1611528674,"path_taken":["M","M","M","$","M","E","$","M","T","E","M","M","M","M","R","BOSS","M","?","?","M","$","E"],"items_purchased_type":["Card","Card","Card","Card","Relic"],"build_version":"2020-12-22","purchased_purges":0,"victory":false,"max_hp_per_floor":[70,70,70,70,70,77,77,77,77,77,77,77,77,77,77,77,77,77,77,77,77,77,77,77],"card_choices":[{"not_picked":["Dagger Spray","Bane"],"picked":"Deflect","floor":1},{"not_picked":["Bane","Dash"],"picked":"Acrobatics","floor":2},{"not_picked":["Acrobatics","Underhanded Strike","Prepared"],"picked":"SKIP","floor":3},{"not_picked":["Underhanded Strike","Backstab","Acrobatics"],"picked":"SKIP","floor":5},{"not_picked":["Reflex","Heel Hook"],"picked":"Concentrate","floor":6},{"not_picked":["All Out Attack","Leg Sweep","Flying Knee"],"picked":"SKIP","floor":8},{"not_picked":["Dagger Spray","Bane"],"picked":"Corpse Explosion","floor":10},{"not_picked":["Escape Plan","Well Laid Plans","Accuracy"],"picked":"SKIP","floor":11},{"not_picked":["Reflex","All Out Attack","Blade Dance"],"picked":"SKIP","floor":12},{"not_picked":["Backstab","Masterful Stab"],"picked":"Dodge and Roll","floor":13},{"not_picked":["Accuracy","Flying Knee"],"picked":"Leg Sweep","floor":14},{"not_picked":["Phantasmal Killer","Grand Finale"],"picked":"Corpse Explosion","floor":16},{"not_picked":["Heel Hook","Cloak And Dagger"],"picked":"Outmaneuver","floor":18},{"not_picked":["Flying Knee","Flechettes"],"picked":"Caltrops","floor":20},{"not_picked":["Dagger Throw","Quick Slash+1"],"picked":"Backflip+1","floor":21},{"not_picked":["Deadly Poison","Expertise+1"],"picked":"Noxious Fumes+1","floor":22},{"not_picked":["Flechettes+1","Slice"],"picked":"Venomology","floor":22}],"player_experience":149289,"relics_obtained":[{"floor":6,"key":"Strawberry"},{"floor":9,"key":"Pen Nib"},{"floor":10,"key":"Orichalcum"}],"event_choices":[{"damage_healed":0,"gold_gain":0,"player_choice":"Bought 0 Potions","damage_taken":0,"max_hp_gain":0,"max_hp_loss":0,"event_name":"The Woman in Blue","floor":19,"gold_loss":0}],"is_beta":false,"boss_relics":[{"not_picked":["Calling Bell","Sozu"],"picked":"SlaversCollar"}],"items_purged_floors":[],"is_endless":false,"potions_floor_spawned":[3,6,8,12,13,14],"killed_by":"Slavers","ascension_level":0}}