{"host":"9n6i2vl93jt4o42q","time":1611532380,"event":{"mods":["BaseMod","Minty Spire (QoL Compilation)","Relic Stats"],"gold_per_floor":[111,36,51,1,13,13,42,62,62,62,73,100,100,131,131,202,202,212,212,226,240,83,83,83],"floor_reached":23,"language":"ENG","playtime":1599,"items_purged":["Decay"],"score":472,"play_id":"e324461a-441b-4a02-a770-361b430e4c7d","local_time":"20210125005300","is_ascension_mode":true,"campfire_choices":[{"data":"Apotheosis","floor":6.0,"key":"SMITH"},{"data":"Searing Blow","floor":10.0,"key":"SMITH"},{"data":"Searing Blow+1","floor":15,"key":"SMITH"}],"circlet_count":0,"master_deck":["AscendersBane","Strike_R","Strike_R","Strike_R","Defend_R","Defend_R","Defend_R","Defend_R","Bash","Apotheosis+1","Pummel","Iron Wave","Anger","Searing Blow+2","Dropkick","Dropkick","Iron Wave","Corruption","Offering","Blood for Blood","Cleave","Feel No Pain+1","Thunderclap","Second Wind","Metallicize"],"relics":["Burning Blood","Champion Belt","Kunai","Ginger","HornCleat","Orichalcum","Mark of Pain","Orrery"],"acts_visited":["Exordium","TheCity"],"potions_floor_usage":[20],"damage_taken":[{"damage":11.0,"enemies":"2 Louse","floor":1.0,"turns":3.0},{"damage":0.0,"enemies":"Cultist","floor":3.0,"turns":4.0},{"damage":0.0,"enemies":"Small Slimes","floor":5.0,"turns":3.0},{"damage":0.0,"enemies":"Lagavulin","floor":7.0,"turns":4.0},{"damage":0.0,"enemies":"2 Fungi Beasts","floor":8.0,"turns":3.0},{"damage":2.0,"enemies":"Exordium Wildlife","floor":11.0,"turns":3.0},{"damage":6.0,"enemies":"3 Sentries","floor":12.0,"turns":5.0},{"damage":24,"enemies":"Gremlin Nob","floor":14,"turns":4},{"damage":47,"enemies":"Slime Boss","floor":16,"turns":10},{"damage":15,"enemies":"Spheric Guardian","floor":18,"turns":4},{"damage":11,"enemies":"Shell Parasite","floor":20,"turns":3},{"damage":18,"enemies":"Centurion and Healer","floor":21,"turns":5},{"damage":35,"enemies":"Gremlin Leader","floor":23,"turns":4}],"seed_played":"-7448198165429609593","potions_obtained":[{"floor":1.0,"key":"GamblersBrew"},{"floor":5.0,"key":"SteroidPotion"},{"floor":8.0,"key":"DuplicationPotion"},{"floor":16,"key":"DistilledChaos"},{"floor":21,"key":"LiquidMemories"}],"is_trial":false,"path_per_floor":["M","$","M","?","M","R","E","M","T","R","M","E","?","E","R","B",null,"M","?","M","M","$","E"],"character_chosen":"IRONCLAD","items_purchased":["Orrery"],"campfire_rested":0,"item_purchase_floors":[22],"current_hp_per_floor":[63,63,69,69,75,75,75,75,75,75,75,75,75,57,57,16,60,51,51,46,34,34,0,0],"gold":83,"neow_bonus":"RANDOM_COLORLESS_2","is_daily":false,"chose_seed":false,"campfire_upgraded":3,"win_rate":0.0,"timestamp":1611532380,"path_taken":["M","$","M","?","?","R","E","M","T","R","M","E","?","E","R","BOSS","M","?","M","M","$","E"],"items_purchased_type":["Relic"],"build_version":"2020-12-22","purchased_purges":1,"victory":false,"max_hp_per_floor":[75,75,75,75,75,75,75,75,75,75,75,75,75,75,75,75,75,75,75,75,75,75,75,75],"relic_stats":{"counters":[13,55],"Champion Belt":[11],"Kunai":[21],"Ginger":[4],"Orichalcum":[30],"obtain_stats":[{"HornCleat":12,"Orrery":22,"Mark of Pain":17,"Champion Belt":4,"Kunai":7,"Ginger":9,"Orichalcum":14,"Burning Blood":0},{"HornCleat":7,"Orrery":12,"Mark of Pain":9,"Champion Belt":2,"Kunai":4,"Ginger":5,"Orichalcum":8,"Burning Blood":0},{"HornCleat":25,"Orrery":51,"Mark of Pain":39,"Champion Belt":7,"Kunai":14,"Ginger":17,"Orichalcum":29,"Burning Blood":0}],"Burning Blood":56},"card_choices":[{"not_picked":["Mayhem","Transmutation"],"picked":"Apotheosis","floor":0.0},{"not_picked":["Clash","Armaments"],"picked":"Pummel","floor":1.0},{"not_picked":["Pommel Strike","Whirlwind"],"picked":"Iron Wave","floor":3.0},{"not_picked":["Sentinel","Clash"],"picked":"Anger","floor":5.0},{"not_picked":["Sword Boomerang","Anger"],"picked":"Searing Blow","floor":7.0},{"not_picked":["Warcry","Bloodletting"],"picked":"Dropkick","floor":8.0},{"not_picked":["Pummel","Iron Wave"],"picked":"Dropkick","floor":11.0},{"not_picked":["Fire Breathing","Second Wind","Clash"],"picked":"SKIP","floor":12.0},{"not_picked":["Feel No Pain","Brutality"],"picked":"Iron Wave","floor":14},{"not_picked":["Exhume","Limit Break"],"picked":"Corruption","floor":16},{"not_picked":["Havoc+1","Sword Boomerang","Wild Strike"],"picked":"SKIP","floor":18},{"not_picked":["Rampage","Pummel"],"picked":"Cleave","floor":20},{"not_picked":["Anger","Flex","Entrench"],"picked":"SKIP","floor":21},{"not_picked":["Perfected Strike","Clothesline"],"picked":"Feel No Pain+1","floor":22},{"not_picked":["Exhume","Rampage"],"picked":"Thunderclap","floor":22},{"not_picked":["Dark Embrace","Cleave"],"picked":"Second Wind","floor":22},{"not_picked":["Clothesline","Armaments+1"],"picked":"Metallicize","floor":22}],"player_experience":2262955,"relics_obtained":[{"floor":7.0,"key":"Kunai"},{"floor":9.0,"key":"Ginger"},{"floor":12.0,"key":"HornCleat"},{"floor":14,"key":"Orichalcum"}],"event_choices":[{"damage_healed":0.0,"max_hp_gain":0.0,"max_hp_loss":0.0,"gold_gain":0.0,"event_name":"WeMeetAgain","player_choice":"Paid Gold","floor":4.0,"gold_loss":50.0,"damage_taken":0.0,"relics_obtained":["Champion Belt"]},{"damage_healed":0,"gold_gain":0,"player_choice":"Ignored","damage_taken":0,"max_hp_gain":0,"max_hp_loss":0,"event_name":"Shining Light","floor":13,"gold_loss":0},{"damage_healed":0,"gold_gain":0,"cards_transformed":["Strike_R","Strike_R"],"player_choice":"Became Test Subject","damage_taken":0,"max_hp_gain":0,"max_hp_loss":0,"event_name":"Drug Dealer","floor":19,"gold_loss":0,"cards_obtained":["Offering","Blood for Blood"]}],"is_beta":false,"boss_relics":[{"not_picked":["Cursed Key","Pandora\u0027s Box"],"picked":"Mark of Pain"}],"items_purged_floors":[2],"is_endless":false,"potions_floor_spawned":[1,5,8,16,18,21],"killed_by":"Gremlin Leader","ascension_level":20}}