{"host":"sav7uxregyirlf69","time":1611494195,"event":{"mods":["AchievementEnabler","BaseMod","Colored Map","DeckTracker","Keyboard Shortcuts","Minty Spire (QoL Compilation)","READ ME - Guardian Mod","StSLib","SuperFastMode"],"gold_per_floor":[10,10,25,38,58,58,58,58,58,74,100,24,24,50,50,128,128,140,140,65,85,102,102,102,102],"floor_reached":24,"language":"KOR","playtime":338,"items_purged":["Strike_B"],"score":512,"play_id":"0038a904-c055-4e7b-a8b0-30ec03871021","local_time":"20210124221635","is_ascension_mode":true,"campfire_choices":[{"data":"Capacitor","floor":6.0,"key":"SMITH"},{"data":"Dualcast","floor":8.0,"key":"SMITH"},{"floor":13.0,"key":"REST"},{"data":"Defragment","floor":15.0,"key":"SMITH"},{"floor":23,"key":"REST"}],"circlet_count":0,"master_deck":["AscendersBane","Strike_B","Strike_B","Defend_B","Defend_B","Defend_B","Defend_B","Zap","Dualcast+1","Electrodynamics","Ball Lightning","Hologram","Capacitor+1","Self Repair","Consume","Defragment+1","Turbo"],"relics":["Cracked Core","Singing Bowl","PreservedInsect","Anchor","Inserter"],"acts_visited":["Exordium","TheCity"],"potions_floor_usage":[21,22],"damage_taken":[{"damage":1.0,"enemies":"Cultist","floor":1.0,"turns":3.0},{"damage":0.0,"enemies":"2 Louse","floor":3.0,"turns":1.0},{"damage":8.0,"enemies":"Small Slimes","floor":4.0,"turns":2.0},{"damage":10.0,"enemies":"2 Fungi Beasts","floor":5.0,"turns":3.0},{"damage":12.0,"enemies":"Exordium Wildlife","floor":10.0,"turns":2.0},{"damage":17.0,"enemies":"Lagavulin","floor":11.0,"turns":5.0},{"damage":20.0,"enemies":"3 Sentries","floor":14.0,"turns":3.0},{"damage":0.0,"enemies":"Slime Boss","floor":16.0,"turns":5.0},{"damage":26.0,"enemies":"3 Byrds","floor":18.0,"turns":4.0},{"damage":8,"enemies":"Chosen","floor":21,"turns":4},{"damage":36,"enemies":"Snake Plant","floor":22,"turns":5},{"damage":65,"enemies":"Shelled Parasite and Fungi","floor":24,"turns":5}],"seed_played":"7541894819420448096","potions_obtained":[{"floor":3.0,"key":"LiquidBronze"},{"floor":4.0,"key":"Explosive Potion"},{"floor":10.0,"key":"BlessingOfTheForge"},{"floor":16.0,"key":"Fire Potion"},{"floor":21,"key":"SkillPotion"}],"is_trial":false,"path_per_floor":["M","?","M","M","M","R","?","R","T","M","E","$","R","E","R","B",null,"M","T","$","M","M","R","M"],"character_chosen":"DEFECT","items_purchased":["Defragment"],"campfire_rested":2,"item_purchase_floors":[12],"current_hp_per_floor":[63,63,63,55,45,45,45,45,45,33,23,23,44,33,33,42,67,50,50,50,51,22,45,0,0],"gold":102,"neow_bonus":"THREE_RARE_CARDS","is_daily":false,"chose_seed":false,"campfire_upgraded":3,"win_rate":0.0,"timestamp":1611494195,"path_taken":["M","?","M","M","?","R","?","R","T","?","E","$","R","E","R","BOSS","M","?","$","?","M","R","M"],"items_purchased_type":["Card"],"build_version":"2020-12-22","purchased_purges":1,"victory":false,"max_hp_per_floor":[71,71,71,71,71,71,71,71,71,71,71,71,71,73,73,75,75,77,77,77,79,79,79,79,79],"card_choices":[{"not_picked":["Buffer","Reboot"],"picked":"Electrodynamics","floor":0.0},{"not_picked":["Coolheaded","Recycle"],"picked":"Ball Lightning","floor":1.0},{"not_picked":["Aggregate","Steam"],"picked":"Hologram","floor":3.0},{"not_picked":["Rip and Tear","Stack","Streamline"],"picked":"SKIP","floor":4.0},{"not_picked":["Cold Snap","Genetic Algorithm"],"picked":"Capacitor","floor":5.0},{"not_picked":["Skim","Thunder Strike"],"picked":"Self Repair","floor":10.0},{"not_picked":["Beam Cell","Darkness"],"picked":"Consume","floor":11.0},{"not_picked":["Sweeping Beam","Fission","Barrage"],"picked":"Singing Bowl","floor":14.0},{"not_picked":["Buffer","Reboot","Rainbow"],"picked":"Singing Bowl","floor":16.0},{"not_picked":["Streamline+1","Double Energy+1","Steam"],"picked":"Singing Bowl","floor":18.0},{"not_picked":["Melter","Sweeping Beam","Beam Cell"],"picked":"Singing Bowl","floor":21},{"not_picked":["Leap","Scrape"],"picked":"Turbo","floor":22}],"player_experience":1376624,"relics_obtained":[{"floor":9.0,"key":"PreservedInsect"},{"floor":11.0,"key":"Anchor"}],"event_choices":[{"cards_removed":["Strike_B"],"damage_healed":0.0,"max_hp_gain":0.0,"max_hp_loss":0.0,"gold_gain":0.0,"event_name":"Purifier","player_choice":"Purged","floor":2.0,"gold_loss":0.0,"damage_taken":0.0},{"damage_healed":0.0,"max_hp_gain":0.0,"max_hp_loss":0.0,"gold_gain":0.0,"event_name":"WeMeetAgain","player_choice":"Gave Potion","floor":7.0,"gold_loss":0.0,"damage_taken":0.0,"relics_obtained":["Singing Bowl"]}],"is_beta":false,"boss_relics":[{"not_picked":["Busted Crown","Black Star"],"picked":"Inserter"}],"items_purged_floors":[20],"is_endless":false,"potions_floor_spawned":[3,4,10,16,21],"killed_by":"Shelled Parasite and Fungi","ascension_level":20}}