{"host":"2se5dq1do2gp0x9k","time":1611474308,"event":{"mods":["AchievementEnabler","BaseMod","Block Reminder","Colored Map","Colored Powertips","Minty Spire (QoL Compilation)","Relic Stats","StSLib","SuperFastMode"],"gold_per_floor":[112,129,129,149,149,149,185,185,185,185,185],"floor_reached":10,"language":"ENG","playtime":226,"items_purged":[],"score":132,"play_id":"219c63ef-271e-4ed0-82a2-89f0b8156754","local_time":"20210123234508","is_ascension_mode":true,"campfire_choices":[{"data":"Cloak And Dagger","floor":6,"key":"SMITH"},{"data":"Neutralize","floor":8,"key":"SMITH"}],"circlet_count":0,"master_deck":["AscendersBane","Strike_G","Strike_G","Strike_G","Strike_G","Strike_G","Defend_G","Defend_G","Defend_G","Defend_G","Defend_G","Survivor","Neutralize+1","Cloak And Dagger+1","Flying Knee","Cloak And Dagger","Acrobatics"],"relics":["Ring of the Snake","NeowsBlessing","Golden Idol","Bottled Flame","Singing Bowl"],"acts_visited":["Exordium"],"potions_floor_usage":[10],"damage_taken":[{"damage":0,"enemies":"2 Louse","floor":1,"turns":1},{"damage":0,"enemies":"Jaw Worm","floor":2,"turns":1},{"damage":0,"enemies":"Cultist","floor":4,"turns":1},{"damage":35,"enemies":"3 Sentries","floor":7,"turns":14},{"damage":34,"enemies":"Lagavulin","floor":10,"turns":10}],"seed_played":"-3769852935080597712","potions_obtained":[{"floor":2,"key":"Dexterity Potion"}],"is_trial":false,"path_per_floor":["M","M","?","M","?","R","E","R","T","E"],"character_chosen":"THE_SILENT","items_purchased":[],"campfire_rested":0,"item_purchase_floors":[],"current_hp_per_floor":[59,59,64,64,64,64,29,29,29,0,0],"gold":185,"neow_bonus":"THREE_ENEMY_KILL","is_daily":false,"chose_seed":false,"campfire_upgraded":2,"win_rate":0.0,"timestamp":1611474308,"path_taken":["M","M","?","M","?","R","E","R","T","E"],"items_purchased_type":[],"build_version":"2020-12-22","purchased_purges":0,"victory":false,"max_hp_per_floor":[66,66,71,71,64,64,64,64,64,64,64],"relic_stats":{"Singing Bowl":0,"counters":[5,27],"Golden Idol":7,"obtain_stats":[{"Bottled Flame":7,"NeowsBlessing":0,"Singing Bowl":9,"Golden Idol":5,"Ring of the Snake":0},{"Bottled Flame":4,"NeowsBlessing":0,"Singing Bowl":4,"Golden Idol":3,"Ring of the Snake":0},{"Bottled Flame":17,"NeowsBlessing":0,"Singing Bowl":17,"Golden Idol":3,"Ring of the Snake":0}],"Ring of the Snake":[10]},"card_choices":[{"not_picked":["Outmaneuver","Underhanded Strike"],"picked":"Cloak And Dagger","floor":1},{"not_picked":["PiercingWail","Underhanded Strike"],"picked":"Flying Knee","floor":2},{"not_picked":["Well Laid Plans","Choke"],"picked":"Cloak And Dagger","floor":4},{"not_picked":["Dagger Throw","Underhanded Strike"],"picked":"Acrobatics","floor":7}],"player_experience":3956865,"relics_obtained":[{"floor":7,"key":"Bottled Flame"},{"floor":9,"key":"Singing Bowl"}],"event_choices":[{"damage_healed":0,"gold_gain":0,"player_choice":"Donut","damage_taken":0,"max_hp_gain":5,"max_hp_loss":0,"event_name":"Big Fish","floor":3,"gold_loss":0},{"damage_healed":0,"gold_gain":0,"player_choice":"Lose Max HP","damage_taken":0,"relics_obtained":["Golden Idol"],"max_hp_gain":0,"max_hp_loss":7,"event_name":"Golden Idol","floor":5,"gold_loss":0}],"is_beta":false,"boss_relics":[],"items_purged_floors":[],"is_endless":false,"potions_floor_spawned":[2],"killed_by":"Lagavulin","ascension_level":20}}