{"host":"1zbtkd1m10h1d5gl","time":1611493574,"event":{"mods":["AchievementEnabler","Act Like it!","BaseMod","Colored Map","Conspire","Downfall","Duelist Mod","Hallownest","Hermit","Hubris","Infinite Spire","Lobotomy","Minty Spire (QoL Compilation)","Replay The Spire","StSLib","SuperFastMode","The Animator","The Bug Knight","The Cursed"],"gold_per_floor":[111,123,2054,2054,2090,2090,2117,2151,2176,2210,2210,2266,2266,2289,2289,2406,2406,2442,2542,2582,2782,2818,2818,2861,2897,2972,2999,1800,1848,1848,1882,1882,2021,2021,2192,1345,1470,1603,1731,1901,1901,2067,2093,2256,2452,1477,1612,1763,1763,1793,1793,1793,935,1067,1121],"floor_reached":56,"language":"ENG","playtime":3865,"items_purged":["hubris:ReadiedAction","ReplayTheSpireMod:Corrosion Curse","Metallicize","Entrench+1"],"score":1641,"play_id":"054bffce-4989-4bc1-9308-97077511d5c9","local_time":"20210124050614","is_ascension_mode":false,"campfire_choices":[{"floor":6,"key":"RECALL"},{"data":"Strike_R","floor":13,"key":"SMITH"},{"data":"Strike_R","floor":15,"key":"SMITH"},{"data":"infinitespire:OneForAll","floor":23,"key":"SMITH"},{"data":"Heavy Blade","floor":30,"key":"SMITH"},{"data":"Flex","floor":32,"key":"SMITH"},{"data":"infinitespire:Menacing","floor":41,"key":"SMITH"},{"data":"Flex","floor":49,"key":"SMITH"},{"data":"Heavy Blade","floor":52,"key":"SMITH"}],"circlet_count":0,"master_deck":["Strike_R+1","Strike_R+1","Strike_R+1","Strike_R+1","Defend_R","Defend_R","Defend_R","Defend_R","Bash","Hemokinesis","Pommel Strike","infinitespire:OneForAll+1","Sword Boomerang+1","Warcry","hubris:CleavingFinish","Life Link","Anger","Clothesline","Run Through","Clash","Berserk","infinitespire:Menacing+1","Perfected Strike","hubris:SharpeningStone","Clash","Heavy Blade+1","Heavy Blade+1","Violence","Anger","Anger","Inflame","conspire:Charge","Power Through+1","Flex+1","Offering","ReplayTheSpireMod:Private Reserves","Seeing Red","Seeing Red","Perfected Strike","Clothesline","Pommel Strike+1","Shrug It Off+1","Flex+1","Clothesline+1","Heavy Blade+1","Flex+1","Clash","Carnage","Twin Strike","Violence","Violence","Inflame+1","Twin Strike","Headbutt+1"],"relics":["Burning Blood","Replay:PocketPolymizer","Replay:Bandana","OrangePellets","ReplayTheSpireMod:Lightbulb","Pocketwatch","Nunchaku","hubris:Backtick","hubris:Potato","Replay:Wanted Poster","Mirror","Ice Cream","infinitespire:PuzzleCube","Medical Kit","infinitespire:EvilPickle","conspire:RoyalGoblet","Bag of Marbles","Ancient Tea Set","Lee\u0027s Waffle","Blue Doll","hubris:EmptyBottle","ReplayFunnel","Chameleon Ring","infinitespire:Satchel","infinitespire:Midas Blood","Bird Faced Urn"],"acts_visited":["Exordium","TheCity","TheBeyond","TheEnding"],"potions_floor_usage":[10,16,16,20,22,25,29,29,33,33,35,38,40,50,50,50,50,50,54,54,55,55,55],"damage_taken":[{"damage":13,"enemies":"infinitespire:Voidling","floor":1,"turns":4},{"damage":2,"enemies":"Cultist","floor":2,"turns":2},{"damage":6,"enemies":"Jaw Worm","floor":5,"turns":4},{"damage":4,"enemies":"Blue Slaver","floor":7,"turns":2},{"damage":12,"enemies":"Lots of Slimes","floor":8,"turns":2},{"damage":7,"enemies":"Looter","floor":10,"turns":3},{"damage":2,"enemies":"Lagavulin","floor":12,"turns":2},{"damage":0,"enemies":"Slime Boss","floor":16,"turns":2},{"damage":19,"enemies":"2 Thieves","floor":18,"turns":4},{"damage":23,"enemies":"Snake Plant","floor":20,"turns":3},{"damage":10,"enemies":"Centurion and Healer","floor":22,"turns":4},{"damage":4,"enemies":"3 Cultists","floor":24,"turns":4},{"damage":9,"enemies":"conspire:HollyBat","floor":25,"turns":6},{"damage":7,"enemies":"Cultist and Chosen","floor":27,"turns":4},{"damage":0,"enemies":"Sentry and Sphere","floor":29,"turns":2},{"damage":15,"enemies":"Snake Plant","floor":31,"turns":2},{"damage":29,"enemies":"Pondfish","floor":33,"turns":10},{"damage":0,"enemies":"Orb Walker","floor":35,"turns":2},{"damage":0,"enemies":"3 Shapes","floor":37,"turns":3},{"damage":23,"enemies":"3 Darklings","floor":38,"turns":6},{"damage":9,"enemies":"Sphere and 2 Shapes","floor":39,"turns":2},{"damage":0,"enemies":"Reptomancer","floor":40,"turns":5},{"damage":0,"enemies":"Writhing Mass","floor":42,"turns":4},{"damage":0,"enemies":"Maw","floor":44,"turns":5},{"damage":0,"enemies":"3 Darklings","floor":45,"turns":3},{"damage":0,"enemies":"Spire Growth","floor":47,"turns":2},{"damage":0,"enemies":"4 Shapes","floor":48,"turns":3},{"damage":9,"enemies":"hubris:GrandSnecko","floor":50,"turns":5},{"damage":41,"enemies":"Shield and Spear","floor":54,"turns":3},{"damage":47,"enemies":"The Heart","floor":55,"turns":5}],"seed_played":"-7844588338499798127","potions_obtained":[{"floor":5,"key":"champ:CounterPotion"},{"floor":16,"key":"BloodPotion"},{"floor":20,"key":"Explosive Potion"},{"floor":24,"key":"SpeedPotion"},{"floor":29,"key":"hexamod:SoulburnPotion"},{"floor":33,"key":"ColorlessPotion"},{"floor":35,"key":"Flashbang"},{"floor":38,"key":"bronze:BurnAndBuffPotion"},{"floor":45,"key":"Elixir"},{"floor":47,"key":"Weak Potion"}],"is_trial":false,"path_per_floor":["M","M","$","?","M","R","M","M","T","M","?","E","R","T","R","B",null,"M","AVR","M","?","M","R","M","M","T","M","$","M","R","M","R","B",null,"M","$","M","M","M","E","R","M","T","M","M","$","M","M","R","B",null,"R","$","E","B",null],"character_chosen":"IRONCLAD","items_purchased":["Replay:PocketPolymizer","Replay:Bandana","OrangePellets","SteroidPotion","FairyPotion","Regen Potion","Sword Boomerang+1","Warcry","hubris:CleavingFinish","Life Link","Ice Cream","infinitespire:PuzzleCube","Medical Kit","sneckomod:MuddlingPotion","Adrenaline Potion","Dexterity Potion","Violence","Anger","Inflame","conspire:Charge","ReplayTheSpireMod:Private Reserves","Seeing Red","Perfected Strike","Bag of Marbles","Ancient Tea Set","Lee\u0027s Waffle","SkillPotion","hexamod:SoulburnPotion","hubris:EmptyBottle","ReplayFunnel","Chameleon Ring","Explosive Potion","Reflective Coating","Flex","Clash","Carnage","champ:CounterPotion","ColorlessPotion","infinitespire:Satchel","infinitespire:Midas Blood","Violence","Inflame+1","Twin Strike"],"campfire_rested":0,"item_purchase_floors":[3,3,3,3,3,3,3,3,3,3,28,28,28,28,28,28,28,28,28,28,36,36,36,36,36,36,36,36,46,46,46,46,46,46,46,46,53,53,53,53,53,53,53],"current_hp_per_floor":[73,77,77,77,77,77,79,73,73,80,80,80,80,80,80,80,80,67,67,66,66,62,62,64,61,61,80,80,80,80,71,71,48,80,80,87,87,70,87,87,87,87,87,87,87,87,87,87,87,84,87,87,87,87,74],"gold":1121,"neow_bonus":"TRANSFORM_CARD","is_daily":false,"chose_seed":false,"campfire_upgraded":8,"win_rate":0.0,"timestamp":1611493574,"path_taken":["M","?","$","?","M","R","M","M","T","M","?","E","R","?","R","BOSS","M","AVR","M","?","M","R","M","M","T","M","$","M","R","M","R","BOSS","M","$","M","M","M","E","R","M","T","M","M","$","?","M","R","BOSS","R","$","E","BOSS"],"items_purchased_type":["Relic","Relic","Relic","Potion","Potion","Potion","Card","Card","Card","Card","Relic","Relic","Relic","Potion","Potion","Potion","Card","Card","Card","Card","Card","Card","Card","Relic","Relic","Relic","Potion","Potion","Relic","Relic","Relic","Potion","Potion","Card","Card","Card","Potion","Potion","Relic","Relic","Card","Card","Card"],"build_version":"2020-12-22","purchased_purges":4,"victory":true,"max_hp_per_floor":[80,80,80,80,80,80,80,80,80,80,80,80,80,80,80,80,80,80,80,80,80,80,80,80,80,80,80,80,80,80,80,80,80,80,80,87,87,87,87,87,87,87,87,87,87,87,87,87,87,87,87,87,87,87,87],"card_choices":[{"not_picked":["hubris:ReadiedAction","Iron Wave"],"picked":"Pommel Strike","floor":1},{"not_picked":["Armaments","Replay:Many Hands"],"picked":"infinitespire:OneForAll","floor":2},{"not_picked":["Pommel Strike","conspire:ExplosiveBarrier"],"picked":"Anger","floor":5},{"not_picked":["Armaments","Shockwave"],"picked":"Clothesline","floor":7},{"not_picked":["Replay:Undeath\u0027s Touch","Fire Breathing"],"picked":"Run Through","floor":8},{"not_picked":["Replay:Undeath\u0027s Touch","Feel No Pain"],"picked":"Metallicize","floor":10},{"not_picked":["Headbutt","Cleave"],"picked":"Clash","floor":12},{"not_picked":["Corruption","conspire:Purge"],"picked":"Berserk","floor":16},{"not_picked":["Sword Boomerang","Warcry"],"picked":"hubris:ReadiedAction","floor":18},{"not_picked":["Anger","hubris:ReadiedAction"],"picked":"Perfected Strike","floor":20},{"not_picked":["Clothesline","Iron Wave"],"picked":"hubris:SharpeningStone","floor":22},{"not_picked":["Clothesline","Uppercut"],"picked":"Clash","floor":24},{"not_picked":["Flex","Juggernaut"],"picked":"Heavy Blade+1","floor":25},{"not_picked":["Massacre","ReplayTheSpireMod:Strike From Hell+1"],"picked":"Heavy Blade","floor":27},{"not_picked":["ReplayReversal","ReplayTheSpireMod:LeadingStrike"],"picked":"Power Through+1","floor":29},{"not_picked":["ReplayReversal","Replay:Undeath\u0027s Touch+1"],"picked":"Flex","floor":31},{"not_picked":["Impervious","Eclipse"],"picked":"Offering","floor":33},{"not_picked":["hubris:ReadiedAction","Warcry"],"picked":"ReplayTheSpireMod:Corrosion Curse","floor":35},{"not_picked":["Metallicize","ReplayTheSpireMod:Corrosion Curse"],"picked":"Clothesline","floor":37},{"not_picked":["Warcry+1","Inflame+1"],"picked":"Pommel Strike+1","floor":38},{"not_picked":["Headbutt+1","Power Through+1"],"picked":"Shrug It Off+1","floor":39},{"not_picked":["Iron Wave","Juggernaut"],"picked":"Entrench+1","floor":40},{"not_picked":["Life Link","Perfected Strike+1"],"picked":"Flex+1","floor":42},{"not_picked":["ReplayTheSpireMod:Strike From Hell+1","conspire:Purge"],"picked":"Clothesline+1","floor":44},{"not_picked":["Shrug It Off+1","hubris:SharpeningStone+1"],"picked":"Heavy Blade","floor":45},{"not_picked":["Blood for Blood","ReplayTheSpireMod:Stacked+1"],"picked":"Twin Strike","floor":47},{"not_picked":["hubris:ReadiedAction+1","Intimidate","ReplayTheSpireMod:Stacked+1"],"picked":"SKIP","floor":48},{"not_picked":["Flex","Anger+1"],"picked":"Headbutt+1","floor":54}],"player_experience":32424,"relics_obtained":[{"floor":9,"key":"ReplayTheSpireMod:Lightbulb"},{"floor":12,"key":"Pocketwatch"},{"floor":14,"key":"Nunchaku"},{"floor":26,"key":"Mirror"},{"floor":40,"key":"Blue Doll"},{"floor":54,"key":"Bird Faced Urn"}],"event_choices":[{"damage_healed":0,"gold_gain":250,"player_choice":"Bet on Owner","damage_taken":0,"max_hp_gain":0,"max_hp_loss":0,"event_name":"The Joust","floor":21,"gold_loss":50}],"is_beta":false,"boss_relics":[{"not_picked":["SacredBark","ReplayTheSpireMod:SealedPack"],"picked":"hubris:Backtick"},{"not_picked":["Busted Crown","ChewingGum"],"picked":"conspire:RoyalGoblet"}],"items_purged_floors":[28,36,46,53],"is_endless":false,"potions_floor_spawned":[5,8,16,20,24,29,33,35,38,45,47,48],"ascension_level":0}}