{"host":"test","time":1611453953,"event":{"mods":["BaseMod","Colored Map","Colored Powertips","Minty Spire (QoL Compilation)","Relic Stats","Slay the Relics Exporter","SpireBot","StSLib","ojb\u0027s Better Paths Mod","ojb\u0027s Info Mod"],"gold_per_floor":[111,126,137,137,62,94,94,94,94],"floor_reached":8,"language":"JPN","playtime":305,"items_purged":[],"score":112,"play_id":"80e4a6ef-c3ce-4e1c-868e-7b0fb51b1ee7","local_time":"20210124110553","is_ascension_mode":true,"campfire_choices":[{"floor":7,"key":"REST"}],"circlet_count":0,"master_deck":["AscendersBane","Strike_G","Strike_G","Strike_G","Strike_G","Defend_G","Defend_G","Defend_G","Defend_G","Defend_G","Survivor","Neutralize","Poisoned Stab","Bane","Slice","Calculated Gamble"],"relics":["Black Star","Tiny Chest","Akabeko"],"acts_visited":["Exordium"],"potions_floor_usage":[8],"damage_taken":[{"damage":0,"enemies":"Cultist","floor":1,"turns":4},{"damage":16,"enemies":"Jaw Worm","floor":2,"turns":7},{"damage":1,"enemies":"2 Louse","floor":3,"turns":4},{"damage":60,"enemies":"Lagavulin","floor":6,"turns":9},{"damage":45,"enemies":"Gremlin Nob","floor":8,"turns":4}],"seed_played":"1536719389188254638","potions_obtained":[{"floor":6,"key":"Ancient Potion"}],"is_trial":false,"path_per_floor":["M","M","M","?","?","E","R","E"],"character_chosen":"THE_SILENT","items_purchased":[],"campfire_rested":1,"item_purchase_floors":[],"current_hp_per_floor":[59,43,42,64,64,4,23,0,0],"gold":94,"neow_bonus":"BOSS_RELIC","is_daily":false,"chose_seed":true,"campfire_upgraded":0,"win_rate":0.0,"timestamp":1611453953,"path_taken":["M","?","M","?","?","E","R","E"],"items_purchased_type":[],"build_version":"2020-12-18","purchased_purges":0,"victory":false,"max_hp_per_floor":[66,66,66,66,66,66,66,66,66],"relic_stats":{"counters":[5,28],"Tiny Chest":0,"Black Star":1,"obtain_stats":[{"Tiny Chest":6,"Black Star":0,"Akabeko":6,"Ring of the Snake":0},{"Tiny Chest":4,"Black Star":0,"Akabeko":4,"Ring of the Snake":0},{"Tiny Chest":24,"Black Star":0,"Akabeko":24,"Ring of the Snake":0}]},"card_choices":[{"not_picked":["Dodge and Roll","Underhanded Strike"],"picked":"Poisoned Stab","floor":1},{"not_picked":["Choke","Dodge and Roll"],"picked":"Bane","floor":2},{"not_picked":["Underhanded Strike","Escape Plan"],"picked":"Slice","floor":3},{"not_picked":["Reflex","Outmaneuver"],"picked":"Calculated Gamble","floor":6}],"player_experience":1956016,"relics_obtained":[{"floor":6,"key":"Tiny Chest"},{"floor":6,"key":"Akabeko"}],"event_choices":[{"damage_healed":22,"gold_gain":0,"player_choice":"Banana","damage_taken":0,"max_hp_gain":0,"max_hp_loss":0,"event_name":"Big Fish","floor":4,"gold_loss":0},{"cards_removed":["Strike_G"],"damage_healed":0,"gold_gain":0,"player_choice":"Card Removal","damage_taken":0,"max_hp_gain":0,"max_hp_loss":0,"event_name":"The Cleric","floor":5,"gold_loss":75}],"is_beta":true,"boss_relics":[],"items_purged_floors":[],"is_endless":false,"potions_floor_spawned":[6],"killed_by":"Gremlin Nob","ascension_level":20}}