{"host":"om3vwxs2fz5vu4gd","time":1611498052,"event":{"mods":["BaseMod","Downfall","Minty Spire (QoL Compilation)","Robot Space Explorer","StSLib"],"gold_per_floor":[99,99,110,110,128,2,2,2,20,33,66,84,117,128,146,249,249,249,266,9,24,39,70,70,89,189,216,155,174,74,74,87,185,185,85,98,98,109,124,124,124,124,135,35,52,102,102,133,143,143,143,169,47,47,47,47],"floor_reached":57,"language":"ENG","playtime":6028,"items_purged":["bronze:Strike","bronze:Strike"],"score":1213,"play_id":"8d5b8cfc-9344-4e2c-a2b0-48b1d54e8dc9","local_time":"20210125012052","is_ascension_mode":false,"campfire_choices":[{"data":"bronze:Replicate","floor":1.0,"key":"SMITH"},{"data":"bronze:Mutator","floor":18,"key":"SMITH"},{"floor":30,"key":"RECALL"},{"data":"Apotheosis","floor":35,"key":"SMITH"},{"data":"bronze:Shell","floor":44,"key":"SMITH"},{"data":"bronze:Iterate","floor":54,"key":"SMITH"}],"circlet_count":0,"master_deck":["bronze:Strike","bronze:Defend","bronze:Defend","bronze:Defend","bronze:Defend","bronze:Replicate+1","bronze:CutThrough+1","bronze:Philosophize","bronze:Repulsor","bronze:MaxOutput","bronze:Fortify","bronze:Assembly","bronze:Fortify","bronze:ItsAFeature","bronze:Mutator+1","bronze:Overheat","bronze:Optimize","bronze:FindAndReplace","bronze:CloningBeam","bronze:Verify","bronze:Iterate+1","bronze:DelayedGuard+1","bronze:MaxOutput","Flash of Steel","Apotheosis+1","bronze:Return","RitualDagger","bronze:CleanCode","bronze:ItsAFeature","bronze:Shell+1","expansioncontent:Chronoboost","expansioncontent:GuardianWhirl","expansioncontent:LastStand","bronze:Iterate"],"relics":["bronze:BronzeCore","downfall:ShatteredFragment","Mummified Hand","Boot","Bird Faced Urn","bronze:MakeshiftBattery","Juzu Bracelet","Ice Cream","Gambling Chip","HornCleat","InkBottle","downfall:HeartBlessingGreen","Coffee Dripper","downfall:HeartBlessingRed","downfall:HeartBlessingBlue","Turnip","bronze:BottledCode","The Courier","Bag of Preparation","OrangePellets"],"acts_visited":["Exordium","TheCity","TheBeyond","TheEnding"],"potions_floor_usage":[],"damage_taken":[{"damage":1.0,"enemies":"2 Louse","floor":3.0,"turns":3.0},{"damage":0.0,"enemies":"Cultist","floor":5.0,"turns":2.0},{"damage":0.0,"enemies":"downfall:FleeingMerchant","floor":6.0,"turns":4.0},{"damage":1.0,"enemies":"Jaw Worm","floor":9.0,"turns":3.0},{"damage":13.0,"enemies":"Large Slime","floor":10.0,"turns":5.0},{"damage":15.0,"enemies":"3 Sentries","floor":11.0,"turns":6.0},{"damage":2.0,"enemies":"3 Louse","floor":12.0,"turns":2.0},{"damage":13.0,"enemies":"Gremlin Nob","floor":13.0,"turns":3.0},{"damage":0.0,"enemies":"Blue Slaver","floor":14.0,"turns":3.0},{"damage":2.0,"enemies":"Large Slime","floor":15.0,"turns":7.0},{"damage":19,"enemies":"IC_STATUS_ARCHETYPE","floor":16,"turns":8},{"damage":17,"enemies":"Spheric Guardian","floor":19,"turns":5},{"damage":1,"enemies":"downfall:FleeingMerchant","floor":20,"turns":4},{"damage":22,"enemies":"Shell Parasite","floor":21,"turns":5},{"damage":30,"enemies":"Centurion and Healer","floor":22,"turns":10},{"damage":33,"enemies":"Book of Stabbing","floor":23,"turns":4},{"damage":29,"enemies":"3 Cultists","floor":25,"turns":5},{"damage":37,"enemies":"WA_ARCHETYPE_RETAIN","floor":26,"turns":5},{"damage":0,"enemies":"Gremlin Leader","floor":27,"turns":6},{"damage":0,"enemies":"downfall:FleeingMerchant","floor":28,"turns":4},{"damage":5,"enemies":"Shelled Parasite and Fungi","floor":29,"turns":4},{"damage":0,"enemies":"Cultist and Chosen","floor":32,"turns":4},{"damage":18,"enemies":"SI_MIRROR_ARCHETYPE","floor":33,"turns":6},{"damage":0,"enemies":"Orb Walker","floor":36,"turns":2},{"damage":18,"enemies":"3 Shapes","floor":38,"turns":3},{"damage":4,"enemies":"Jaw Worm Horde","floor":39,"turns":4},{"damage":0,"enemies":"Maw","floor":43,"turns":8},{"damage":8,"enemies":"Sphere and 2 Shapes","floor":45,"turns":3},{"damage":4,"enemies":"Sphere and 2 Shapes","floor":46,"turns":6},{"damage":9,"enemies":"Reptomancer","floor":48,"turns":5},{"damage":14,"enemies":"3 Darklings","floor":49,"turns":4},{"damage":79,"enemies":"DF_ARCHETYPE_ORBS","floor":50,"turns":9},{"damage":10,"enemies":"downfall:CharBossMerchant","floor":52,"turns":5},{"damage":2,"enemies":"downfall:NeowBoss","floor":55,"turns":8},{"damage":69,"enemies":"downfall:NeowBossFinal","floor":56,"turns":6}],"seed_played":"7372328395148151091","potions_obtained":[{"floor":3.0,"key":"SpeedPotion"},{"floor":9.0,"key":"Ancient Potion"},{"floor":10.0,"key":"hexamod:SoulburnPotion"},{"floor":13.0,"key":"EssenceOfSteel"},{"floor":15.0,"key":"bronze:CleanCodePotion"}],"is_trial":false,"path_per_floor":["R","?","M","?","M","$","T","?","M","M","E","M","E","M","M","B",null,"R","M","$","M","M","E","T","M","?","E","$","M","R","?","M","B",null,"R","M","?","M","M","$","T","?","M","R","M","?","?","E","M","B",null,"E","$","R","B","B",null],"character_chosen":"THE_AUTOMATON","items_purchased":["bronze:Repulsor","bronze:Optimize","bronze:FindAndReplace","bronze:MaxOutput","Flash of Steel","Apotheosis","OrangePellets"],"campfire_rested":0,"item_purchase_floors":[6,20,20,28,28,28,53],"current_hp_per_floor":[77,56,55,55,55,55,55,55,54,41,26,24,11,13,15,2,77,77,70,77,71,77,56,56,39,18,40,54,75,75,69,77,76,77,77,77,77,67,77,77,77,67,77,87,79,87,77,77,77,40,77,77,77,77,77,30],"gold":47,"neow_bonus":"TEN_PERCENT_HP_BONUS","is_daily":false,"chose_seed":false,"campfire_upgraded":5,"win_rate":0.0,"timestamp":1611498052,"path_taken":["R","?","M","?","?","$","T","?","M","M","E","M","E","M","M","BOSS","R","M","$","M","M","E","T","M","?","E","$","M","R","?","M","BOSS","R","M","?","M","M","$","T","?","M","R","M","?","?","E","M","BOSS","E","$","R","BOSS","BOSS"],"items_purchased_type":["Card","Card","Card","Card","Card","Card","Relic"],"build_version":"2020-12-22","purchased_purges":2,"victory":true,"max_hp_per_floor":[77,77,77,77,77,77,77,77,77,77,77,77,77,77,77,77,77,77,77,77,77,77,77,77,77,77,77,77,77,77,77,77,77,77,77,77,77,77,77,77,77,77,77,87,87,87,77,77,77,77,77,77,77,77,77,77],"card_choices":[{"not_picked":["bronze:Frontload","bronze:Philosophize"],"picked":"bronze:CutThrough","floor":3.0},{"not_picked":["bronze:Deprecate","bronze:Flail"],"picked":"bronze:Philosophize","floor":5.0},{"not_picked":["bronze:BuggyMess","bronze:DelayedGuard","bronze:Safeguard"],"picked":"SKIP","floor":6.0},{"not_picked":["bronze:BugBarrage","bronze:ForceShield","bronze:BitShift"],"picked":"SKIP","floor":9.0},{"not_picked":["bronze:Deprecate","bronze:BronzeArmor"],"picked":"bronze:MaxOutput","floor":10.0},{"not_picked":["bronze:GetLatest","bronze:Optimize"],"picked":"bronze:Fortify","floor":11.0},{"not_picked":["bronze:OilSpill","bronze:ChildClass","bronze:Shield"],"picked":"SKIP","floor":12.0},{"not_picked":["bronze:Shield","bronze:Turbo"],"picked":"bronze:Assembly","floor":13.0},{"not_picked":["bronze:Shield","bronze:Flail"],"picked":"bronze:Fortify","floor":14.0},{"not_picked":["bronze:ChildClass","bronze:CloningBeam"],"picked":"bronze:ItsAFeature","floor":15.0},{"not_picked":["bronze:Assembly","bronze:AlphaBuild"],"picked":"bronze:Mutator","floor":16},{"not_picked":["bronze:ChildClass+1","bronze:OilSpill+1"],"picked":"bronze:Overheat","floor":19},{"not_picked":["bronze:WildBeam","bronze:FineTuning","bronze:ForceShield"],"picked":"SKIP","floor":20},{"not_picked":["bronze:Shell","bronze:WildBeam"],"picked":"bronze:CloningBeam","floor":21},{"not_picked":["bronze:Branch+1","bronze:WhirlingStrike","bronze:Repair"],"picked":"SKIP","floor":22},{"not_picked":["bronze:Safeguard+1","bronze:Flail+1"],"picked":"bronze:Verify","floor":23},{"not_picked":["bronze:Deprecate","bronze:BitShift"],"picked":"bronze:Iterate","floor":25},{"not_picked":["bronze:FollowUp","bronze:WildBeam+1"],"picked":"bronze:DelayedGuard+1","floor":26},{"not_picked":["bronze:DarkDash+1","bronze:BurnOut","bronze:DigitalCarnage+1"],"picked":"SKIP","floor":27},{"not_picked":["bronze:WhirlingStrike","bronze:DelayedSlice","bronze:CutThrough"],"picked":"SKIP","floor":28},{"not_picked":["bronze:DarkDash+1","bronze:Iterate"],"picked":"bronze:Return","floor":29},{"not_picked":["bronze:Overheat+1","bronze:HyperBeam","bronze:OilSpill"],"picked":"SKIP","floor":32},{"not_picked":["bronze:BurnOut","bronze:Format"],"picked":"bronze:CleanCode","floor":33},{"not_picked":["bronze:DarkDash","bronze:BronzeArmor+1"],"picked":"bronze:ItsAFeature","floor":36},{"not_picked":["bronze:Return+1","bronze:BuggyMess","bronze:Branch+1"],"picked":"SKIP","floor":38},{"not_picked":["bronze:WhirlingStrike","bronze:Safeguard"],"picked":"bronze:Shell","floor":39},{"not_picked":["expansioncontent:PrepareCrush","expansioncontent:GuardianWhirl"],"picked":"expansioncontent:Chronoboost","floor":42},{"not_picked":["expansioncontent:YouAreMine","expansioncontent:PrepareCrush"],"picked":"expansioncontent:GuardianWhirl","floor":42},{"not_picked":["expansioncontent:PolyBeam","expansioncontent:YouAreMine"],"picked":"expansioncontent:LastStand","floor":42},{"not_picked":["bronze:DelayedGuard","bronze:OilSpill+1","bronze:DelayedSlice"],"picked":"SKIP","floor":43},{"not_picked":["bronze:Turbo","bronze:DelayedSlice+1","bronze:Invalidate+1"],"picked":"SKIP","floor":45},{"not_picked":["bronze:WhirlingStrike","bronze:DigitalCarnage+1","bronze:GetLatest+1"],"picked":"SKIP","floor":48},{"not_picked":["bronze:Overload+1","bronze:Overheat"],"picked":"bronze:Iterate","floor":49},{"not_picked":["bronze:BugBarrage+1","bronze:FineTuning+1","bronze:Branch+1"],"picked":"SKIP","floor":52}],"player_experience":424915,"relics_obtained":[{"floor":7.0,"key":"Mummified Hand"},{"floor":11.0,"key":"Boot"},{"floor":13.0,"key":"Bird Faced Urn"},{"floor":23,"key":"Juzu Bracelet"},{"floor":24,"key":"Ice Cream"},{"floor":26,"key":"Gambling Chip"},{"floor":26,"key":"HornCleat"},{"floor":27,"key":"InkBottle"},{"floor":46,"key":"Turnip"},{"floor":48,"key":"The Courier"},{"floor":52,"key":"Bag of Preparation"}],"event_choices":[{"cards_removed":["bronze:Strike"],"damage_healed":0.0,"max_hp_gain":0.0,"max_hp_loss":0.0,"gold_gain":0.0,"event_name":"The Cleric","player_choice":"Card Removal","floor":8.0,"gold_loss":0.0,"damage_taken":0.0},{"cards_removed":["bronze:Goto"],"damage_healed":0,"gold_gain":0,"player_choice":"Removed Skill","damage_taken":0,"max_hp_gain":0,"max_hp_loss":0,"event_name":"Falling","floor":37,"gold_loss":0}],"is_beta":false,"boss_relics":[{"not_picked":["Snecko Eye","SlaversCollar"],"picked":"bronze:MakeshiftBattery"},{"not_picked":["Fusion Hammer","Tiny House"],"picked":"Coffee Dripper"}],"items_purged_floors":[6,28],"is_endless":false,"potions_floor_spawned":[3,9,10,13,14,15,22,23,27,29,32,36,39,48,49],"ascension_level":0}}