{"host":"svjsz61ic7qdyp36","time":1611482895,"event":{"mods":["BaseMod","Colored Map","Colored Powertips","Downfall","Hermit","Infinite Spire","Marisa????????","Minty Spire (QoL Compilation)","StSLib","The Servant 0.9.4"],"gold_per_floor":[116,127,142,102,113,113,141,141,141,141,152,152,187,187,187,288,288,312,349,349,382,65,65,430,430,430,430,430],"floor_reached":27,"language":"ENG","playtime":1090,"items_purged":["hermit:Shortfuse"],"score":233,"play_id":"b6e31af0-8725-4c4a-8f81-e1bf90ccd70e","local_time":"20210124100815","is_ascension_mode":false,"campfire_choices":[{"data":"1","floor":6,"key":"LIFT"},{"data":"2","floor":10,"key":"LIFT"},{"floor":12,"key":"REST"},{"data":"3","floor":15,"key":"LIFT"},{"floor":23,"key":"REST"}],"circlet_count":0,"master_deck":["hermit:Snapshot","hermit:Covet","hermit:Snipe","hermit:BodyArmor","hermit:WideOpen","hermit:DeadOrAlive","hermit:GoldenBullet","hermit:Shortfuse","hermit:Quickdraw","hermit:Reprieve","hermit:TakeCover","hermit:Showdown","hermit:DeadMansHand","hermit:Scavenge","hermit:Spite","hermit:TakeCover","hermit:NoHoldsBarred","hermit:Enervate","hermit:Determination+1","hermit:TakeAim","hermit:FlashPowder","hermit:SprayPray","downfall:Bewildered"],"relics":["hermit:Momento","Girya","Incense Burner","hermit:RedScarf","Oddly Smooth Stone","Pandora\u0027s Box","infinitespire:EmpoweringShard","Old Coin","sneckomod:BabySnecko"],"acts_visited":["Exordium","TheCity"],"potions_floor_usage":[2,5,11,16,16,16,21,27],"damage_taken":[{"damage":2,"enemies":"2 Louse","floor":1,"turns":4},{"damage":0,"enemies":"Cultist","floor":2,"turns":3},{"damage":0,"enemies":"Jaw Worm","floor":3,"turns":3},{"damage":0,"enemies":"2 Fungi Beasts","floor":5,"turns":2},{"damage":25,"enemies":"Gremlin Nob","floor":7,"turns":5},{"damage":1,"enemies":"Large Slime","floor":11,"turns":3},{"damage":15,"enemies":"Exordium Thugs","floor":13,"turns":3},{"damage":14,"enemies":"Slime Boss","floor":16,"turns":5},{"damage":29,"enemies":"Chosen","floor":18,"turns":7},{"damage":16,"enemies":"3 Byrds","floor":19,"turns":5},{"damage":5,"enemies":"Snecko","floor":21,"turns":4},{"damage":20,"enemies":"Slavers","floor":24,"turns":6},{"damage":19,"enemies":"Snake Plant","floor":27,"turns":2}],"seed_played":"1505959440566553482","potions_obtained":[{"floor":1,"key":"SkillPotion"},{"floor":4,"key":"hermit:BlackBile"},{"floor":4,"key":"SteroidPotion"},{"floor":4,"key":"bronze:BurnAndBuffPotion"},{"floor":5,"key":"LiquidMemories"},{"floor":11,"key":"Strength Potion"},{"floor":19,"key":"SkillPotion"},{"floor":21,"key":"EssenceOfSteel"}],"is_trial":false,"path_per_floor":["M","M","M","?","M","R","E","$","T","R","M","R","M","T","R","B",null,"M","M","?","M","$","R","E","?","T","M"],"character_chosen":"HERMIT","items_purchased":["infinitespire:EmpoweringShard"],"campfire_rested":2,"item_purchase_floors":[22],"current_hp_per_floor":[66,66,66,66,66,66,41,41,41,41,40,60,45,45,45,31,68,39,23,23,18,18,38,18,18,18,0,0],"gold":430,"neow_bonus":"ONE_RARE_RELIC","is_daily":false,"chose_seed":false,"campfire_upgraded":0,"win_rate":0.0,"timestamp":1611482895,"path_taken":["M","M","M","?","?","R","E","?","T","R","M","R","M","?","R","BOSS","M","M","?","M","$","R","E","?","T","M"],"items_purchased_type":["Relic"],"build_version":"2020-12-22","purchased_purges":1,"victory":false,"max_hp_per_floor":[68,68,68,68,68,68,68,68,68,68,68,68,68,68,68,68,68,68,68,68,68,68,68,68,68,68,68,68],"card_choices":[{"not_picked":["hermit:Virtue","hermit:Gestalt"],"picked":"hermit:Snipe","floor":1},{"not_picked":["hermit:Glare","hermit:Vantage"],"picked":"hermit:BodyArmor","floor":2},{"not_picked":["hermit:LowProfile","hermit:Midnight"],"picked":"hermit:WideOpen","floor":3},{"not_picked":["hermit:Desperado","hermit:Misfire"],"picked":"hermit:DeadOrAlive","floor":5},{"not_picked":["hermit:Roulette","hermit:Deadeye"],"picked":"hermit:GoldenBullet","floor":7},{"not_picked":["hermit:Coalescence","hermit:TrackingShot"],"picked":"hermit:Shortfuse","floor":11},{"not_picked":["hermit:Ricochet","hermit:TrackingShot"],"picked":"hermit:Quickdraw","floor":13},{"not_picked":["hermit:BlackWind","hermit:HeroicBravado"],"picked":"hermit:Reprieve","floor":16},{"not_picked":["hermit:DeadMansHand","hermit:SprayPray"],"picked":"hermit:Enervate","floor":18},{"not_picked":["hermit:Combo","hermit:Desperado"],"picked":"hermit:Determination+1","floor":19},{"not_picked":["hermit:BigShot","hermit:Midnight"],"picked":"hermit:FlashPowder","floor":21},{"not_picked":["hermit:Misfire","hermit:Maintenance"],"picked":"hermit:SprayPray","floor":24}],"player_experience":241167,"relics_obtained":[{"floor":7,"key":"Incense Burner"},{"floor":9,"key":"hermit:RedScarf"},{"floor":14,"key":"Oddly Smooth Stone"},{"floor":24,"key":"Old Coin"}],"event_choices":[{"damage_healed":0,"gold_gain":0,"player_choice":"Bought 3 Potions","damage_taken":0,"max_hp_gain":0,"max_hp_loss":0,"event_name":"The Woman in Blue","floor":4,"gold_loss":0},{"damage_healed":0,"gold_gain":0,"player_choice":"Read","damage_taken":0,"max_hp_gain":0,"max_hp_loss":0,"event_name":"The Library","floor":20,"gold_loss":0,"cards_obtained":["hermit:TakeAim"]}],"is_beta":false,"boss_relics":[{"not_picked":["Tiny House","Busted Crown"],"picked":"Pandora\u0027s Box"}],"items_purged_floors":[22],"is_endless":false,"potions_floor_spawned":[1,5,11,13,19,21],"killed_by":"Snake Plant","ascension_level":0}}