{"host":"jscggscbx0p7706o","time":1611457847,"event":{"mods":["AchievementEnabler","BaseMod","Block Reminder","Colored Powertips","Filter the Spire","Minty Spire (QoL Compilation)","Permanent Neow","Quick Restart","StSLib"],"gold_per_floor":[118,43,43,61,72,100,100,100,119,119,119,119,119,148,167,167,167,167],"floor_reached":17,"language":"ENG","playtime":647,"items_purged":[],"score":219,"play_id":"a44f716b-7dde-44b4-b33c-ac4f2825f935","local_time":"20210124111047","is_ascension_mode":true,"campfire_choices":[{"floor":8.0,"key":"REST"},{"data":"Neutralize","floor":12.0,"key":"SMITH"},{"floor":16,"key":"REST"}],"circlet_count":0,"master_deck":["AscendersBane","Strike_G","Strike_G","Strike_G","Defend_G","Defend_G","Defend_G","Defend_G","Defend_G","Survivor","Neutralize+1","Quick Slash","Deflect+1","Slice","Dagger Spray+1","Deflect","Quick Slash"],"relics":["Calling Bell","Regal Pillow","Singing Bowl","Ice Cream","Paper Crane","WingedGreaves","Dead Branch"],"acts_visited":["Exordium"],"potions_floor_usage":[14,14,15],"damage_taken":[{"damage":4.0,"enemies":"Jaw Worm","floor":1.0,"turns":4.0},{"damage":1.0,"enemies":"Small Slimes","floor":4.0,"turns":5.0},{"damage":0.0,"enemies":"Cultist","floor":5.0,"turns":4.0},{"damage":52.0,"enemies":"3 Sentries","floor":6.0,"turns":15.0},{"damage":5.0,"enemies":"Large Slime","floor":9.0,"turns":7.0},{"damage":5,"enemies":"Lagavulin","floor":14,"turns":5},{"damage":7,"enemies":"2 Fungi Beasts","floor":15,"turns":4},{"damage":72,"enemies":"Hexaghost","floor":17,"turns":14}],"seed_played":"-4340756409156334324","potions_obtained":[{"floor":6.0,"key":"FearPotion"},{"floor":9.0,"key":"CunningPotion"},{"floor":15,"key":"Fruit Juice"}],"is_trial":false,"path_per_floor":["M","?","?","M","M","E","?","R","M","T","?","R","?","E","M","R","B"],"character_chosen":"THE_SILENT","items_purchased":[],"campfire_rested":2,"item_purchase_floors":[],"current_hp_per_floor":[55,55,60,59,59,7,7,43,40,40,40,40,40,35,33,71,0,0],"gold":167,"neow_bonus":"BOSS_RELIC","is_daily":false,"chose_seed":false,"campfire_upgraded":1,"win_rate":0.0,"timestamp":1611457847,"path_taken":["M","?","?","M","M","E","?","R","?","T","?","R","?","E","?","R","BOSS"],"items_purchased_type":[],"build_version":"2020-12-22","purchased_purges":0,"victory":false,"max_hp_per_floor":[66,66,71,71,71,71,71,71,73,73,73,73,73,73,78,78,78,78],"card_choices":[{"not_picked":["Tactician","Prepared"],"picked":"Quick Slash","floor":1.0},{"not_picked":["Reflex","Caltrops"],"picked":"Deflect","floor":4.0},{"not_picked":["Blur","Sucker Punch"],"picked":"Slice","floor":5.0},{"not_picked":["Deflect","Choke"],"picked":"Dagger Spray","floor":6.0},{"not_picked":["Endless Agony","Accuracy","Tactician"],"picked":"Singing Bowl","floor":9.0},{"not_picked":["Calculated Gamble","Distraction"],"picked":"Deflect","floor":14},{"not_picked":["Malaise","Prepared"],"picked":"Quick Slash","floor":15}],"player_experience":345720,"relics_obtained":[{"floor":0.0,"key":"Regal Pillow"},{"floor":0.0,"key":"Singing Bowl"},{"floor":0.0,"key":"Ice Cream"},{"floor":6.0,"key":"Paper Crane"},{"floor":10.0,"key":"WingedGreaves"},{"floor":14,"key":"Dead Branch"}],"event_choices":[{"cards_removed":["Strike_G"],"damage_healed":0.0,"max_hp_gain":0.0,"max_hp_loss":0.0,"gold_gain":0.0,"event_name":"The Cleric","player_choice":"Card Removal","floor":2.0,"gold_loss":75.0,"damage_taken":0.0},{"damage_healed":0.0,"max_hp_gain":5.0,"max_hp_loss":0.0,"gold_gain":0.0,"event_name":"Big Fish","player_choice":"Donut","floor":3.0,"gold_loss":0.0,"damage_taken":0.0},{"cards_removed":["Strike_G"],"damage_healed":0.0,"max_hp_gain":0.0,"max_hp_loss":0.0,"gold_gain":0.0,"event_name":"Bonfire Elementals","player_choice":"Offered Basic","floor":7.0,"gold_loss":0.0,"damage_taken":0.0},{"damage_healed":0.0,"max_hp_gain":0.0,"max_hp_loss":0.0,"gold_gain":0.0,"event_name":"Living Wall","player_choice":"Grow","floor":11.0,"gold_loss":0.0,"damage_taken":0.0,"cards_upgraded":["Dagger Spray"]},{"damage_healed":0.0,"max_hp_gain":0.0,"max_hp_loss":0.0,"gold_gain":0.0,"event_name":"Upgrade Shrine","player_choice":"Upgraded","floor":13.0,"gold_loss":0.0,"damage_taken":0.0,"cards_upgraded":["Deflect"]}],"is_beta":false,"boss_relics":[],"items_purged_floors":[],"is_endless":false,"potions_floor_spawned":[6,9,15],"killed_by":"Hexaghost","ascension_level":18}}