{"host":"rj1j8apb2x4vafcu","time":1611524835,"event":{"mods":["AchievementEnabler","Act Like it!","BaseMod","Colored Map","Colored Powertips","Minty Spire (QoL Compilation)","Rare Cards Sparkle","StSLib"],"gold_per_floor":[119,139,158,158,183,183,11,52,77,163,175,211,223,248,260,391,403,435,470,239,255,7,7,7],"floor_reached":23,"language":"ENG","playtime":1179,"items_purged":["Defend_R","Strike_R"],"score":237,"play_id":"2844ce03-fcc6-4f79-b054-a3f0724cb671","local_time":"20210124194715","is_ascension_mode":true,"campfire_choices":[{"data":"Bash","floor":6,"key":"SMITH"},{"data":"Evolve","floor":13,"key":"SMITH"},{"floor":15,"key":"REST"}],"circlet_count":0,"master_deck":["Strike_R","Strike_R","Strike_R","Defend_R","Defend_R","Defend_R","Bash+1","Power Through","Warcry","Wild Strike","Burning Pact","Evolve+1","Armaments","Hemokinesis","Spot Weakness","Demon Form","Inflame","Ghostly Armor","True Grit","Armaments"],"relics":["Burning Blood","Golden Idol","Omamori","MawBank","Bag of Preparation","SlaversCollar","Nunchaku","PreservedInsect"],"acts_visited":["Exordium","TheCity"],"potions_floor_usage":[5,7,8,14,16,19,23],"damage_taken":[{"damage":1,"enemies":"Cultist","floor":1,"turns":3},{"damage":0,"enemies":"Small Slimes","floor":2,"turns":4},{"damage":3,"enemies":"2 Louse","floor":3,"turns":3},{"damage":1,"enemies":"Looter","floor":5,"turns":3},{"damage":14,"enemies":"Gremlin Nob","floor":8,"turns":4},{"damage":33,"enemies":"Lagavulin Event","floor":10,"turns":8},{"damage":11,"enemies":"3 Louse","floor":12,"turns":5},{"damage":2,"enemies":"Blue Slaver","floor":14,"turns":1},{"damage":44,"enemies":"Hexaghost","floor":16,"turns":9},{"damage":42,"enemies":"Spheric Guardian","floor":18,"turns":6},{"damage":2,"enemies":"Chosen","floor":19,"turns":4},{"damage":57,"enemies":"Centurion and Healer","floor":21,"turns":9},{"damage":26,"enemies":"Gremlin Leader","floor":23,"turns":5}],"seed_played":"-5096313409549777297","potions_obtained":[{"floor":3,"key":"Energy Potion"},{"floor":5,"key":"Explosive Potion"},{"floor":10,"key":"FearPotion"},{"floor":12,"key":"Fire Potion"},{"floor":18,"key":"DistilledChaos"},{"floor":21,"key":"Energy Potion"}],"is_trial":false,"path_per_floor":["M","M","M","?","M","R","$","E","T","?","?","M","R","M","R","B",null,"M","M","$","M","$","E"],"character_chosen":"IRONCLAD","items_purchased":["Evolve","Fruit Juice","True Grit","Nunchaku","PreservedInsect"],"campfire_rested":1,"item_purchase_floors":[7,7,20,20,22],"current_hp_per_floor":[77,83,86,62,67,67,72,64,64,37,30,25,25,29,59,21,101,65,69,69,18,18,0,0],"gold":7,"neow_bonus":"TWENTY_PERCENT_HP_BONUS","is_daily":false,"chose_seed":false,"campfire_upgraded":2,"win_rate":0.0,"timestamp":1611524835,"path_taken":["M","M","?","?","M","R","$","E","T","?","?","M","R","M","R","BOSS","M","M","$","M","$","E"],"items_purchased_type":["Card","Potion","Card","Relic","Relic"],"build_version":"2020-12-22","purchased_purges":2,"victory":false,"max_hp_per_floor":[96,96,96,96,96,96,101,101,101,101,101,101,101,101,101,101,101,101,101,101,101,101,101,101],"card_choices":[{"not_picked":["Armaments","Disarm"],"picked":"Power Through","floor":1},{"not_picked":["Thunderclap","Sword Boomerang"],"picked":"Warcry","floor":2},{"not_picked":["Sever Soul","Uppercut"],"picked":"Wild Strike","floor":3},{"not_picked":["Seeing Red","Sword Boomerang"],"picked":"Burning Pact","floor":5},{"not_picked":["Seeing Red","Power Through"],"picked":"Armaments","floor":8},{"not_picked":["Anger","Thunderclap"],"picked":"Hemokinesis","floor":10},{"not_picked":["Clash","Clothesline"],"picked":"Spot Weakness","floor":12},{"not_picked":["Sever Soul","Blood for Blood","Burning Pact"],"picked":"SKIP","floor":14},{"not_picked":["Berserk","Juggernaut"],"picked":"Demon Form","floor":16},{"not_picked":["Clothesline","Entrench"],"picked":"Inflame","floor":18},{"not_picked":["Wild Strike","Anger"],"picked":"Ghostly Armor","floor":19},{"not_picked":["Headbutt","Thunderclap"],"picked":"Armaments","floor":21}],"player_experience":112800,"relics_obtained":[{"floor":8,"key":"Omamori"},{"floor":9,"key":"MawBank"},{"floor":10,"key":"Bag of Preparation"}],"event_choices":[{"damage_healed":0,"gold_gain":0,"player_choice":"Take Damage","damage_taken":24,"relics_obtained":["Golden Idol"],"max_hp_gain":0,"max_hp_loss":0,"event_name":"Golden Idol","floor":4,"gold_loss":0},{"damage_healed":0,"gold_gain":0,"player_choice":"Searched \u00272\u0027 times","damage_taken":0,"max_hp_gain":0,"max_hp_loss":0,"event_name":"Dead Adventurer","floor":10,"gold_loss":0},{"cards_removed":["Strike_R"],"damage_healed":0,"gold_gain":0,"player_choice":"Card Removal","damage_taken":7,"max_hp_gain":0,"max_hp_loss":0,"event_name":"Golden Wing","floor":11,"gold_loss":0}],"is_beta":false,"boss_relics":[{"not_picked":["Velvet Choker","Ectoplasm"],"picked":"SlaversCollar"}],"items_purged_floors":[20,22],"is_endless":false,"potions_floor_spawned":[3,5,10,12,18,21],"killed_by":"Gremlin Leader","ascension_level":2}}