{"host":"tr12w2fixbnujl15","time":1611510506,"event":{"mods":["100% Spire Juice","2.2 Compatiblity","Arknights The Spire","BaseMod","Better Skull","BetterRewards","CapriCore","Clockwork Mod","Colored Powertips","Evolution","Hermit","Hubris","Infinite Spire","JesterMod","Koishi","Mad Scientist","Magitek Elite","Minty Spire (QoL Compilation)","Prisma Mod","Quick Restart","Replay The Spire","Shop Mod","StSLib","SuperFastMode","The Accelerator","The Animator","The Bug Knight","The Construct","The Cursed","The Hierophant","The Immortal","The Mystic","The Necromancer","The Runesmith","The Sage","The Senshi","The Servant 0.9.4","The Spell Scribe","TheFirefly","TheVelvet","WarShipGirlsR/????R mod","Yakumo Yukari mod"],"gold_per_floor":[118,137,107,107,107,107,122,122,199,199,218,109,109,325,325,325,325],"floor_reached":16,"language":"ENG","playtime":258,"items_purged":[],"score":88,"play_id":"52ee7cd2-9e99-4628-a1a3-cbdec38f3823","local_time":"20210124124826","is_ascension_mode":false,"campfire_choices":[{"data":"ats:Literary Storm","floor":6,"key":"SMITH"},{"data":"ats:Hammer On","floor":8,"key":"SMITH"},{"floor":15,"key":"REST"}],"circlet_count":0,"master_deck":["ats:Leaping Hammer+1","ats:Strike G","ats:Strike S+1","ats:Strike V","ats:Armor Crushing Shot","ats:Defend","ats:Defend","ats:Defend","ats:Defend","ats:Emotion Absorption+1","ats:Sword Rain","ats:Literary Storm+1","ats:Hammer On+1","ats:Revitalization"],"relics":["ats:Sanity","EVO:Axolotl","NeowsBlessing","ReplayTheSpireMod:Ninjato","hubris:Reverence","MerchantsRug"],"acts_visited":["Exordium"],"potions_floor_usage":[16],"damage_taken":[{"damage":0,"enemies":"Jaw Worm","floor":1,"turns":1},{"damage":0,"enemies":"Cultist","floor":2,"turns":1},{"damage":0,"enemies":"Small Slimes","floor":7,"turns":1},{"damage":9,"enemies":"Exordium Wildlife","floor":11,"turns":4},{"damage":69,"enemies":"The Guardian","floor":16,"turns":6}],"seed_played":"-8331389732871084651","potions_obtained":[{"floor":1,"key":"Strength Potion"},{"floor":3,"key":"GamblersBrew"},{"floor":3,"key":"SmokeBomb"},{"floor":7,"key":"Regen Potion"}],"is_trial":false,"path_per_floor":["M","M","?","$","T","R","M","R","T","?","M","$","?","?","R","B"],"character_chosen":"DOCTOR_CLASS","items_purchased":["MerchantsRug"],"campfire_rested":1,"item_purchase_floors":[12],"current_hp_per_floor":[72,72,72,72,72,72,72,72,72,72,63,63,49,33,54,0,0],"gold":325,"neow_bonus":"THREE_ENEMY_KILL","is_daily":false,"chose_seed":false,"campfire_upgraded":2,"win_rate":0.0,"timestamp":1611510506,"path_taken":["M","M","?","$","?","R","?","R","T","?","M","$","?","?","R","BOSS"],"items_purchased_type":["Relic"],"build_version":"2020-12-22","purchased_purges":0,"victory":false,"max_hp_per_floor":[72,72,72,72,72,72,72,72,72,72,72,72,72,72,72,72,72],"card_choices":[{"not_picked":["ats:Guard Mode","ats:Shell Defense"],"picked":"ats:Sword Rain","floor":1},{"not_picked":["ats:Very Hot Blade","ats:Curse Doll"],"picked":"ats:Literary Storm","floor":2},{"not_picked":["ats:Phantom","ats:Flexible Camouflage"],"picked":"ats:Hammer On","floor":7},{"not_picked":["ats:Cat Scratch","ats:Explosion Area Strengthen"],"picked":"ats:Revitalization","floor":11}],"player_experience":79974,"relics_obtained":[{"floor":5,"key":"ReplayTheSpireMod:Ninjato"},{"floor":9,"key":"hubris:Reverence"}],"event_choices":[{"damage_healed":0,"gold_gain":0,"player_choice":"Bought 2 Potions","damage_taken":0,"max_hp_gain":0,"max_hp_loss":0,"event_name":"The Woman in Blue","floor":3,"gold_loss":0},{"damage_healed":0,"gold_gain":0,"player_choice":"Entered Light","damage_taken":14,"max_hp_gain":0,"max_hp_loss":0,"event_name":"Shining Light","floor":13,"gold_loss":0,"cards_upgraded":["ats:Strike S","ats:Emotion Absorption"]},{"damage_healed":0,"gold_gain":216,"player_choice":"GO GO ","damage_taken":18,"relics_obtained":[],"max_hp_gain":0,"max_hp_loss":0,"event_name":"betterSkull:BetterSkull","floor":14,"gold_loss":0,"cards_upgraded":[]}],"is_beta":false,"boss_relics":[],"items_purged_floors":[],"is_endless":false,"potions_floor_spawned":[1,7],"killed_by":"The Guardian","ascension_level":0}}