{"host":"b1dzdo8uo7e6jx8g","time":1611497182,"event":{"mods":["AchievementEnabler","BaseMod","BetterRewards","Colored Map","Downfall","Highlight Path","Minty Spire (QoL Compilation)","StSLib","The Bug Knight"],"gold_per_floor":[114,189,189,208,5,35,35,46,46,46,61,74,89,89,89,187,187,200,129,228,228,208,208,223,223,248,248,261,291,140,55,55,151,151,163,163,163,93,93,93,143,143,143,172,172,172],"floor_reached":45,"language":"ENG","playtime":1250,"items_purged":[],"score":662,"play_id":"4aa58721-c47b-4691-946d-65d09e46913d","local_time":"20210124150622","is_ascension_mode":false,"campfire_choices":[{"floor":7,"key":"REST"},{"floor":15,"key":"REST"},{"floor":23,"key":"REST"},{"floor":27,"key":"REST"},{"floor":32,"key":"REST"},{"floor":40,"key":"RECALL"}],"circlet_count":0,"master_deck":["Strike_G","Strike_G","Strike_G","Strike_G","Strike_G","Defend_G","Defend_G","Defend_G","Survivor","Neutralize","Catalyst+1","Poisoned Stab","Bane","Poisoned Stab","PiercingWail","Prepared","Burst","Poisoned Stab","Crippling Poison","Noxious Fumes","Slimebound:CheckThePlaybook","PiercingWail+1","Catalyst+1","Catalyst+1","Malaise","Dagger Spray+1","Backstab","Poisoned Stab+1"],"relics":["Ring of the Snake","Pen Nib","Omamori","Nunchaku","Mercury Hourglass","SacredBark","Anchor","Red Mask","Strawberry","Happy Flower","Empty Cage","Blue Candle","Du-Vu Doll","Molten Egg 2","HollowMod:PaleOreRelic"],"acts_visited":["Exordium","TheCity","TheBeyond"],"potions_floor_usage":[],"damage_taken":[{"damage":0,"enemies":"2 Louse","floor":1,"turns":3},{"damage":0,"enemies":"Cultist","floor":4,"turns":3},{"damage":37,"enemies":"3 Sentries","floor":6,"turns":9},{"damage":1,"enemies":"Small Slimes","floor":8,"turns":3},{"damage":8,"enemies":"Red Slaver","floor":11,"turns":3},{"damage":7,"enemies":"Large Slime","floor":12,"turns":4},{"damage":10,"enemies":"Exordium Thugs","floor":13,"turns":3},{"damage":35,"enemies":"Slime Boss","floor":16,"turns":11},{"damage":21,"enemies":"Spheric Guardian","floor":18,"turns":4},{"damage":17,"enemies":"2 Thieves","floor":22,"turns":4},{"damage":16,"enemies":"Centurion and Healer","floor":24,"turns":5},{"damage":14,"enemies":"Snake Plant","floor":28,"turns":3},{"damage":27,"enemies":"Masked Bandits","floor":29,"turns":5},{"damage":30,"enemies":"Automaton","floor":33,"turns":7},{"damage":30,"enemies":"3 Darklings","floor":35,"turns":6},{"damage":0,"enemies":"Mind Bloom Boss Battle","floor":41,"turns":2},{"damage":54,"enemies":"Nemesis","floor":44,"turns":7},{"damage":9,"enemies":"3 Shapes","floor":45,"turns":2}],"seed_played":"7745173806406568274","potions_obtained":[{"floor":1,"key":"Strength Potion"},{"floor":4,"key":"Energy Potion"},{"floor":8,"key":"Guardian:BlockOnCardUsePotion"},{"floor":24,"key":"CultistPotion"},{"floor":33,"key":"DuplicationPotion"}],"is_trial":false,"path_per_floor":["M","?","?","M","$","E","R","M","T","?","M","M","M","?","R","B",null,"M","$","?","?","M","R","M","?","T","R","M","?","$","?","R","B",null,"M","?","?","$","?","R","?","$","T","E","M"],"character_chosen":"THE_SILENT","items_purchased":["Catalyst","Poisoned Stab","Poisoned Stab","Omamori","Noxious Fumes","Strawberry","Backstab"],"campfire_rested":5,"item_purchase_floors":[0,0,5,5,19,30,38],"current_hp_per_floor":[70,59,59,59,59,22,43,42,42,42,34,27,17,17,38,3,70,49,49,49,49,32,53,37,37,37,58,44,17,24,24,47,17,77,47,66,61,61,61,61,61,61,61,7,0,0],"gold":172,"neow_bonus":"","is_daily":false,"chose_seed":false,"campfire_upgraded":0,"win_rate":0.0,"timestamp":1611497182,"path_taken":["M","?","?","?","$","E","R","M","T","?","M","?","M","?","R","BOSS","M","$","?","?","M","R","M","?","T","R","?","?","$","?","R","BOSS","M","?","?","$","?","R","?","$","T","E","M"],"items_purchased_type":["Card","Card","Card","Relic","Card","Relic","Card"],"build_version":"2020-12-22","purchased_purges":0,"victory":false,"max_hp_per_floor":[70,70,70,70,70,70,70,70,70,70,70,70,70,70,70,70,70,70,70,70,70,70,70,70,70,70,70,70,70,77,77,77,77,77,77,77,77,77,77,77,77,77,77,77,77,77],"card_choices":[{"not_picked":["Blur","Calculated Gamble","Underhanded Strike"],"picked":"SKIP","floor":1},{"not_picked":["PiercingWail","Flying Knee"],"picked":"Bane","floor":4},{"not_picked":["Backflip","Concentrate","Slice"],"picked":"SKIP","floor":6},{"not_picked":["Underhanded Strike","Slice"],"picked":"PiercingWail","floor":8},{"not_picked":["Acrobatics","PiercingWail","Blur"],"picked":"SKIP","floor":11},{"not_picked":["Flechettes","Prepared"],"picked":"Burst","floor":12},{"not_picked":["Slice","Deadly Poison"],"picked":"Poisoned Stab","floor":13},{"not_picked":["A Thousand Cuts","Adrenaline"],"picked":"Envenom","floor":16},{"not_picked":["Sucker Punch+1","Acrobatics"],"picked":"Crippling Poison","floor":18},{"not_picked":["Infinite Blades","Finisher"],"picked":"PiercingWail+1","floor":22},{"not_picked":["Accuracy","Dagger Throw"],"picked":"Catalyst+1","floor":24},{"not_picked":["Dagger Throw","Deflect+1","Cloak And Dagger"],"picked":"SKIP","floor":28},{"not_picked":["Storm of Steel","Outmaneuver"],"picked":"Catalyst+1","floor":29},{"not_picked":["Glass Knife","After Image"],"picked":"Malaise","floor":33},{"not_picked":["Backflip","PiercingWail"],"picked":"Dagger Spray+1","floor":35},{"not_picked":["Bane","Setup"],"picked":"Poisoned Stab+1","floor":41},{"not_picked":["Tools of the Trade","Backflip+1","Blade Dance"],"picked":"SKIP","floor":44}],"player_experience":239599,"relics_obtained":[{"floor":3,"key":"Pen Nib"},{"floor":6,"key":"Nunchaku"},{"floor":9,"key":"Mercury Hourglass"},{"floor":29,"key":"Red Mask"},{"floor":41,"key":"Du-Vu Doll"},{"floor":43,"key":"Molten Egg 2"},{"floor":44,"key":"HollowMod:PaleOreRelic"}],"event_choices":[{"damage_healed":0,"gold_gain":75,"player_choice":"Gather Gold","damage_taken":11,"max_hp_gain":0,"max_hp_loss":0,"event_name":"World of Goop","floor":2,"gold_loss":0},{"damage_healed":0,"gold_gain":0,"player_choice":"Relic","damage_taken":0,"max_hp_gain":0,"max_hp_loss":0,"event_name":"Wheel of Change","floor":3,"gold_loss":0},{"damage_healed":0,"gold_gain":0,"player_choice":"1 cards matched","damage_taken":0,"max_hp_gain":0,"max_hp_loss":0,"event_name":"Match and Keep!","floor":10,"gold_loss":0,"cards_obtained":["Prepared"]},{"damage_healed":0,"gold_gain":0,"player_choice":"Upgraded","damage_taken":0,"max_hp_gain":0,"max_hp_loss":0,"event_name":"Upgrade Shrine","floor":14,"gold_loss":0,"cards_upgraded":["Catalyst"]},{"damage_healed":0,"gold_gain":99,"player_choice":"Stole From Cult","damage_taken":0,"max_hp_gain":0,"max_hp_loss":0,"event_name":"Nest","floor":20,"gold_loss":0},{"damage_healed":0,"gold_gain":0,"player_choice":"Opened","damage_taken":0,"relics_obtained":["Anchor"],"max_hp_gain":0,"max_hp_loss":0,"event_name":"The Mausoleum","floor":25,"gold_loss":0},{"damage_healed":0,"gold_gain":0,"player_choice":"Fought Bandits","damage_taken":0,"max_hp_gain":0,"max_hp_loss":0,"event_name":"Masked Bandits","floor":29,"gold_loss":0},{"damage_healed":0,"gold_gain":0,"player_choice":"Obtained Relic","damage_taken":0,"relics_obtained":["Happy Flower"],"max_hp_gain":0,"max_hp_loss":0,"event_name":"Addict","floor":31,"gold_loss":85},{"damage_healed":19,"gold_gain":0,"player_choice":"Writhe","damage_taken":0,"max_hp_gain":0,"max_hp_loss":0,"event_name":"Winding Halls","floor":36,"gold_loss":0,"cards_obtained":["Writhe"]},{"cards_removed":["Envenom"],"damage_healed":0,"gold_gain":0,"player_choice":"Removed Power","damage_taken":0,"max_hp_gain":0,"max_hp_loss":0,"event_name":"Falling","floor":39,"gold_loss":0},{"damage_healed":0,"gold_gain":0,"player_choice":"Fight","damage_taken":0,"max_hp_gain":0,"max_hp_loss":0,"event_name":"MindBloom","floor":41,"gold_loss":0}],"is_beta":false,"boss_relics":[{"not_picked":["Sozu","Busted Crown"],"picked":"SacredBark"},{"not_picked":["Snecko Eye","Cursed Key"],"picked":"Empty Cage"}],"items_purged_floors":[],"is_endless":false,"potions_floor_spawned":[1,4,8,24,33,35,44],"killed_by":"3 Shapes","ascension_level":0}}