{"host":"4cz9gr89nglr7k8k","time":1611530621,"event":{"mods":["BaseMod","Minty Spire (QoL Compilation)","Relic Stats","Slay-I"],"gold_per_floor":[119,119,139,150,161,161,195,214,239,239,249,35,47,47,47,125,125,125,125],"floor_reached":18,"language":"DEU","playtime":555,"items_purged":[],"score":328,"play_id":"067fbcb9-12d1-45e0-8bed-eebc09533480","local_time":"20210125002341","is_ascension_mode":true,"campfire_choices":[{"floor":6,"key":"REST"},{"floor":10,"key":"REST"},{"floor":15,"key":"REST"}],"circlet_count":0,"master_deck":["AscendersBane","Strike_R","Strike_R","Strike_R","Strike_R","Strike_R","Defend_R","Defend_R","Defend_R","Bash","Magnetism","Bloodletting","Perfected Strike","Clash","Clothesline","Sword Boomerang","Feel No Pain","Metallicize","Rupture","Flex","Reckless Charge","Iron Wave","Reaper"],"relics":["Burning Blood","Toy Ornithopter","Tiny Chest","SlaversCollar"],"acts_visited":["Exordium","TheCity"],"potions_floor_usage":[7,8,16,16],"damage_taken":[{"damage":26,"enemies":"Jaw Worm","floor":1,"turns":4},{"damage":9,"enemies":"Cultist","floor":3,"turns":4},{"damage":6,"enemies":"2 Louse","floor":4,"turns":2},{"damage":26,"enemies":"Exordium Thugs","floor":5,"turns":5},{"damage":26,"enemies":"Lagavulin","floor":7,"turns":5},{"damage":8,"enemies":"Looter","floor":8,"turns":2},{"damage":16,"enemies":"Blue Slaver","floor":11,"turns":2},{"damage":17,"enemies":"Exordium Thugs","floor":13,"turns":5},{"damage":52,"enemies":"Hexaghost","floor":16,"turns":11},{"damage":69,"enemies":"3 Byrds","floor":18,"turns":5}],"seed_played":"8266280167240461752","potions_obtained":[{"floor":5,"key":"Swift Potion"},{"floor":7,"key":"FearPotion"},{"floor":8,"key":"BloodPotion"},{"floor":13,"key":"Ancient Potion"}],"is_trial":false,"path_per_floor":["M","?","M","M","M","R","E","M","T","R","M","$","M","?","R","B",null,"M"],"character_chosen":"IRONCLAD","items_purchased":["Rupture","Flex","Reckless Charge"],"campfire_rested":3,"item_purchase_floors":[12,12,12],"current_hp_per_floor":[30,30,27,27,7,29,9,12,12,34,24,24,13,13,35,14,60,0,0],"gold":125,"neow_bonus":"RANDOM_COLORLESS_2","is_daily":false,"chose_seed":false,"campfire_upgraded":0,"win_rate":0.0,"timestamp":1611530621,"path_taken":["M","?","?","M","M","R","E","M","T","R","M","$","M","?","R","BOSS","M"],"items_purchased_type":["Card","Card","Card"],"build_version":"2020-12-22","purchased_purges":0,"victory":false,"max_hp_per_floor":[75,75,75,75,75,75,75,75,75,75,75,75,75,75,75,75,75,75,75],"relic_stats":{"counters":[10,45],"Tiny Chest":0,"obtain_stats":[{"SlaversCollar":17,"Tiny Chest":9,"Burning Blood":0,"Toy Ornithopter":7},{"SlaversCollar":9,"Tiny Chest":6,"Burning Blood":0,"Toy Ornithopter":5},{"SlaversCollar":40,"Tiny Chest":22,"Burning Blood":0,"Toy Ornithopter":20}],"Burning Blood":54,"Toy Ornithopter":15},"card_choices":[{"not_picked":["Sadistic Nature","Mayhem"],"picked":"Magnetism","floor":0},{"not_picked":["Uppercut","Shockwave"],"picked":"Bloodletting","floor":1},{"not_picked":["Evolve","Blood for Blood"],"picked":"Perfected Strike","floor":3},{"not_picked":["Wild Strike","Heavy Blade"],"picked":"Clash","floor":4},{"not_picked":["Heavy Blade","Sentinel"],"picked":"Clothesline","floor":5},{"not_picked":["Iron Wave","Dual Wield"],"picked":"Sword Boomerang","floor":7},{"not_picked":["Heavy Blade","Havoc"],"picked":"Feel No Pain","floor":8},{"not_picked":["Thunderclap","Body Slam"],"picked":"Metallicize","floor":11},{"not_picked":["Wild Strike","Havoc"],"picked":"Iron Wave","floor":13},{"not_picked":["Impervious","Juggernaut"],"picked":"Reaper","floor":16}],"player_experience":1519737,"relics_obtained":[{"floor":7,"key":"Toy Ornithopter"},{"floor":9,"key":"Tiny Chest"}],"event_choices":[{"cards_removed":["Defend_R"],"damage_healed":0,"gold_gain":0,"player_choice":"Purged","damage_taken":0,"max_hp_gain":0,"max_hp_loss":0,"event_name":"Purifier","floor":2,"gold_loss":0},{"damage_healed":0,"gold_gain":0,"player_choice":"Fled","damage_taken":0,"max_hp_gain":0,"max_hp_loss":0,"event_name":"Scrap Ooze","floor":14,"gold_loss":0}],"is_beta":false,"boss_relics":[{"not_picked":["Runic Pyramid","Sozu"],"picked":"SlaversCollar"}],"items_purged_floors":[],"is_endless":false,"potions_floor_spawned":[5,7,8,13],"killed_by":"3 Byrds","ascension_level":20}}