{"host":"dlqyscxstsnu98l1","time":1611527373,"event":{"mods":["AchievementEnabler","BaseMod","Bestiary","Colored Map","Colored Powertips","Conspire","Downfall","GifTheSpireLib","Highlight Path","Minty Spire (QoL Compilation)","Random Character Button","Replay The Spire","SacredBarkPlus","StSLib","everything is the same but u backflip on backflip"],"gold_per_floor":[116,116,132,152,166,193,206,206,206,234,234,246,246,264,264,369,369,381,391,371,391,391,391,405,405,456,456,456],"floor_reached":27,"language":"ENG","playtime":1093,"items_purged":[],"score":300,"play_id":"438745ce-d0ea-4158-a2a8-db0d9569ff08","local_time":"20210124162933","is_ascension_mode":true,"campfire_choices":[{"floor":8,"key":"REST"},{"floor":15,"key":"REST"},{"data":"ReplayTheSpireMod:Fabricate Wheel","floor":23,"key":"SMITH"},{"floor":25,"key":"REST"}],"circlet_count":0,"master_deck":["conspire:GhostlyStrike","conspire:GhostlyStrike","conspire:GhostlyStrike","conspire:GhostlyStrike","conspire:GhostlyDefend","conspire:GhostlyDefend","conspire:GhostlyDefend","conspire:GhostlyDefend","Zap+1","Dualcast","Ball Lightning","Conserve Battery","Sweeping Beam","Coolheaded","Lockon","Lockon","BootSequence+1","Core Surge","Electrodynamics","Conserve Battery","CommonCold"],"relics":["Cracked Core","NeowsBlessing","conspire:TopHat","Geode","Oddly Smooth Stone","The Courier","Cursed Key","Prayer Wheel"],"acts_visited":["Exordium","TheCity"],"potions_floor_usage":[7,16,16,27],"damage_taken":[{"damage":0,"enemies":"2 Louse","floor":1,"turns":1},{"damage":0,"enemies":"conspire:RoseBush","floor":3,"turns":1},{"damage":0,"enemies":"Jaw Worm","floor":4,"turns":1},{"damage":34,"enemies":"Exordium Thugs","floor":5,"turns":5},{"damage":23,"enemies":"Lagavulin","floor":6,"turns":9},{"damage":0,"enemies":"Looter","floor":7,"turns":3},{"damage":14,"enemies":"3 Sentries","floor":10,"turns":7},{"damage":6,"enemies":"2 Fungi Beasts","floor":12,"turns":3},{"damage":6,"enemies":"Large Slime","floor":14,"turns":2},{"damage":30,"enemies":"Hexaghost","floor":16,"turns":6},{"damage":4,"enemies":"Shell Parasite","floor":18,"turns":3},{"damage":22,"enemies":"Spheric Guardian","floor":19,"turns":4},{"damage":11,"enemies":"conspire:HollyBat","floor":21,"turns":5},{"damage":23,"enemies":"Centurion and Healer","floor":24,"turns":7},{"damage":28,"enemies":"Slavers","floor":27,"turns":2}],"seed_played":"2314248209873143820","potions_obtained":[{"floor":3,"key":"PotionOfCapacity"},{"floor":5,"key":"champ:CounterPotion"},{"floor":6,"key":"bronze:BurnAndBuffPotion"},{"floor":7,"key":"Swift Potion"},{"floor":10,"key":"Death Potion"},{"floor":19,"key":"BlessingOfTheForge"},{"floor":20,"key":"SteroidPotion"}],"is_trial":false,"path_per_floor":["M","?","M","M","M","E","M","R","T","E","?","M","?","M","R","B",null,"M","M","?","M","?","R","M","R","T","E"],"character_chosen":"DEFECT","items_purchased":[],"campfire_rested":3,"item_purchase_floors":[],"current_hp_per_floor":[75,72,72,72,38,15,15,37,37,23,23,17,17,11,33,3,75,71,49,49,38,24,24,1,25,25,0,0],"gold":456,"neow_bonus":"THREE_ENEMY_KILL","is_daily":false,"chose_seed":false,"campfire_upgraded":1,"win_rate":0.0,"timestamp":1611527373,"path_taken":["M","?","M","M","M","E","M","R","T","E","?","M","?","M","R","BOSS","M","M","?","?","?","R","M","R","T","E"],"items_purchased_type":[],"build_version":"2020-12-22","purchased_purges":0,"victory":false,"max_hp_per_floor":[75,75,75,75,75,75,75,75,75,75,75,75,75,75,75,75,75,75,75,75,75,80,80,80,80,80,80,80],"card_choices":[{"not_picked":["Compile Driver","Static Discharge"],"picked":"Ball Lightning","floor":1},{"not_picked":["Aggregate","ReplaySolidLightProjector"],"picked":"Conserve Battery","floor":3},{"not_picked":["Hologram","Leap"],"picked":"Sweeping Beam","floor":4},{"not_picked":["Tempest","BasicCrystalCard","Double Energy"],"picked":"SKIP","floor":5},{"not_picked":["Doom and Gloom","Recycle","ReplaySort"],"picked":"SKIP","floor":6},{"not_picked":["Sunder","Darkness"],"picked":"Coolheaded","floor":7},{"not_picked":["ReplaySort","Force Field","Coolheaded"],"picked":"SKIP","floor":10},{"not_picked":["ReplayTheSpireMod:Dual Polarity","Gash"],"picked":"Lockon","floor":12},{"not_picked":["Compile Driver","ReplayTheSpireMod:Repulse"],"picked":"Lockon","floor":14},{"not_picked":["Buffer","Seek"],"picked":"ReplayTheSpireMod:Fabricate Wheel","floor":16},{"not_picked":["Redo","Lockon","Beam Cell"],"picked":"SKIP","floor":18},{"not_picked":["Hello World","conspire:Rain"],"picked":"BootSequence+1","floor":19},{"not_picked":["Panic Button","Coolheaded","BootSequence"],"picked":"SKIP","floor":21},{"not_picked":["Rebound","Cold Snap"],"picked":"Electrodynamics","floor":24},{"not_picked":["ReplayTheSpireMod:Dual Polarity","Rebound+1"],"picked":"Conserve Battery","floor":24}],"player_experience":121680,"relics_obtained":[{"floor":6,"key":"Geode"},{"floor":9,"key":"Oddly Smooth Stone"},{"floor":10,"key":"The Courier"}],"event_choices":[{"damage_healed":0,"gold_gain":0,"player_choice":"Success","damage_taken":3,"relics_obtained":["conspire:TopHat"],"max_hp_gain":0,"max_hp_loss":0,"event_name":"Scrap Ooze","floor":2,"gold_loss":0},{"damage_healed":0,"gold_gain":0,"player_choice":"Agree","damage_taken":0,"max_hp_gain":0,"max_hp_loss":0,"event_name":"conspire:LoneGhost","floor":11,"gold_loss":0},{"damage_healed":0,"gold_gain":0,"player_choice":"Grow","damage_taken":0,"max_hp_gain":0,"max_hp_loss":0,"event_name":"Living Wall","floor":13,"gold_loss":0,"cards_upgraded":["Zap"]},{"damage_healed":0,"gold_gain":0,"player_choice":"Bought 1 Potion","damage_taken":0,"max_hp_gain":0,"max_hp_loss":0,"event_name":"The Woman in Blue","floor":20,"gold_loss":0},{"damage_healed":0,"gold_gain":0,"player_choice":"Shed Blood","damage_taken":19,"max_hp_gain":5,"max_hp_loss":0,"event_name":"Forgotten Altar","floor":22,"gold_loss":0}],"is_beta":false,"boss_relics":[{"not_picked":["conspire:SlowCooker","Runic Pyramid"],"picked":"Cursed Key"}],"items_purged_floors":[],"is_endless":false,"potions_floor_spawned":[3,5,6,7,10,19],"killed_by":"Slavers","ascension_level":2}}