{"host":"n6qxj7a4gnapjcui","time":1611481817,"event":{"mods":["2.2 Compatiblity","AchievementEnabler","BaseMod","Colored Map","Minty Spire (QoL Compilation)"],"gold_per_floor":[109,128,146,166,116,142,142,142,142,171,183,109,109,124,124,222,222,242,276,276,216,216],"floor_reached":21,"language":"POL","playtime":1259,"items_purged":[],"score":255,"play_id":"e290ab43-6264-42a3-a0c9-6e28e504cb9e","local_time":"20210124105017","is_ascension_mode":true,"campfire_choices":[{"data":"Seeing Red","floor":7.0,"key":"SMITH"},{"floor":13.0,"key":"REST"},{"data":"Pommel Strike","floor":15.0,"key":"SMITH"}],"circlet_count":0,"master_deck":["Strike_R","Strike_R","Defend_R","Defend_R","Defend_R","Defend_R","Bash","Exhume","Seeing Red+1","Spot Weakness","Exhume","Clothesline+1","Shrug It Off","Headbutt","Pommel Strike+1","Anger","Limit Break","Burning Pact","Whirlwind","Battle Trance"],"relics":["Burning Blood","Blue Candle","Thread and Needle","StoneCalendar","Calipers","Mark of Pain","Red Mask"],"acts_visited":["Exordium","TheCity"],"potions_floor_usage":[19],"damage_taken":[{"damage":6.0,"enemies":"Cultist","floor":1.0,"turns":4.0},{"damage":5.0,"enemies":"Small Slimes","floor":2.0,"turns":5.0},{"damage":1.0,"enemies":"2 Louse","floor":3.0,"turns":2.0},{"damage":7.0,"enemies":"Looter","floor":4.0,"turns":4.0},{"damage":32.0,"enemies":"Gremlin Nob","floor":6.0,"turns":5.0},{"damage":28.0,"enemies":"3 Sentries","floor":10.0,"turns":9.0},{"damage":7.0,"enemies":"Exordium Thugs","floor":11.0,"turns":4.0},{"damage":0.0,"enemies":"Blue Slaver","floor":14.0,"turns":2.0},{"damage":37.0,"enemies":"Hexaghost","floor":16.0,"turns":9.0},{"damage":24.0,"enemies":"Chosen","floor":18.0,"turns":5.0},{"damage":45,"enemies":"Masked Bandits","floor":19,"turns":6},{"damage":10,"enemies":"2 Thieves","floor":21,"turns":2}],"seed_played":"-7209604331212751099","potions_obtained":[{"floor":2.0,"key":"Weak Potion"},{"floor":11.0,"key":"AttackPotion"},{"floor":16.0,"key":"Dexterity Potion"}],"is_trial":false,"path_per_floor":["M","M","M","M","?","E","R","?","T","E","M","?","R","M","R","B",null,"M","?","?","M"],"character_chosen":"IRONCLAD","items_purchased":[],"campfire_rested":1,"item_purchase_floors":[],"current_hp_per_floor":[72,73,78,77,77,51,51,51,51,29,28,28,52,58,58,27,67,49,10,10,0,0],"gold":216,"neow_bonus":"ONE_RANDOM_RARE_CARD","is_daily":false,"chose_seed":false,"campfire_upgraded":2,"win_rate":0.0,"timestamp":1611481817,"path_taken":["M","M","?","M","?","E","R","?","T","E","M","?","R","M","R","BOSS","M","?","?","M"],"items_purchased_type":[],"build_version":"2020-12-22","purchased_purges":0,"victory":false,"max_hp_per_floor":[80,80,80,80,80,80,80,80,80,80,80,80,80,80,80,80,80,80,80,80,80,80],"card_choices":[{"not_picked":["Thunderclap","Warcry"],"picked":"Seeing Red","floor":1.0},{"not_picked":["Metallicize","Havoc"],"picked":"Spot Weakness","floor":2.0},{"not_picked":["Sword Boomerang","Perfected Strike"],"picked":"Exhume","floor":3.0},{"not_picked":["Sword Boomerang","Dual Wield"],"picked":"Clothesline","floor":4.0},{"not_picked":["Rupture","Sword Boomerang"],"picked":"Shrug It Off","floor":6.0},{"not_picked":["Uppercut","Seeing Red"],"picked":"Headbutt","floor":10.0},{"not_picked":["Carnage","Armaments"],"picked":"Pommel Strike","floor":11.0},{"not_picked":["Pommel Strike","Iron Wave"],"picked":"Anger","floor":14.0},{"not_picked":["Reaper","Brutality"],"picked":"Limit Break","floor":16.0},{"not_picked":["Spot Weakness+1","Body Slam+1"],"picked":"Burning Pact","floor":18.0}],"player_experience":307929,"relics_obtained":[{"floor":6.0,"key":"Blue Candle"},{"floor":9.0,"key":"Thread and Needle"},{"floor":10.0,"key":"StoneCalendar"},{"floor":19,"key":"Red Mask"}],"event_choices":[{"cards_removed":["Strike_R"],"damage_healed":0.0,"max_hp_gain":0.0,"max_hp_loss":0.0,"gold_gain":0.0,"event_name":"The Cleric","player_choice":"Card Removal","floor":5.0,"gold_loss":50.0,"damage_taken":0.0},{"damage_healed":0.0,"max_hp_gain":0.0,"max_hp_loss":0.0,"gold_gain":0.0,"event_name":"Living Wall","player_choice":"Grow","floor":8.0,"gold_loss":0.0,"damage_taken":0.0,"cards_upgraded":["Clothesline"]},{"damage_healed":0.0,"max_hp_gain":0.0,"max_hp_loss":0.0,"gold_gain":0.0,"event_name":"WeMeetAgain","player_choice":"Paid Gold","floor":12.0,"gold_loss":74.0,"damage_taken":0.0,"relics_obtained":["Calipers"]},{"damage_healed":0,"gold_gain":0,"player_choice":"Fought Bandits","damage_taken":0,"max_hp_gain":0,"max_hp_loss":0,"event_name":"Masked Bandits","floor":19,"gold_loss":0},{"damage_healed":0,"gold_gain":0,"cards_transformed":["Strike_R","Strike_R"],"player_choice":"Became Test Subject","damage_taken":0,"max_hp_gain":0,"max_hp_loss":0,"event_name":"Drug Dealer","floor":20,"gold_loss":0,"cards_obtained":["Whirlwind","Battle Trance"]}],"is_beta":false,"boss_relics":[{"not_picked":["Pandora\u0027s Box","Tiny House"],"picked":"Mark of Pain"}],"items_purged_floors":[],"is_endless":false,"potions_floor_spawned":[2,11,16],"killed_by":"2 Thieves","ascension_level":7}}