{"host":"iph0xvuia0glosgr","time":1611492843,"event":{"mods":["AchievementEnabler","BaseMod","Minty Spire (QoL Compilation)"],"gold_per_floor":[118,156,223,253,285,340,340,340,640,640,677,677,707,33,33,138,138,148,148,158,433,451,482,482,517,517,517,535,550,561,578,578,683,683,702,712,74,74,74,74,91,91,114,164,175,191,24,24,24,24],"floor_reached":51,"language":"ENG","playtime":3882,"items_purged":["Shame","Regret"],"score":774,"play_id":"da1f8d86-2136-4447-9bb1-1cd8594851fb","local_time":"20210124125403","is_ascension_mode":false,"campfire_choices":[{"floor":8,"key":"REST"},{"floor":10,"key":"REST"},{"floor":15,"key":"REST"},{"floor":24,"key":"REST"},{"floor":27,"key":"REST"},{"floor":32,"key":"REST"},{"floor":40,"key":"REST"},{"floor":42,"key":"REST"},{"data":"Infinite Blades","floor":49,"key":"SMITH"}],"circlet_count":0,"master_deck":["Strike_G","Strike_G","Strike_G","Strike_G","Defend_G","Defend_G","Defend_G","Defend_G","Defend_G","Survivor","Neutralize","HandOfGreed","Crippling Poison+1","Noxious Fumes","Blade Dance","Accuracy","Sucker Punch","Deadly Poison+1","Backflip","Catalyst","Infinite Blades+1","Bane","Phantasmal Killer","Cloak And Dagger","Choke","Noxious Fumes","Deadly Poison","Corpse Explosion","Dash","PiercingWail","Cloak And Dagger","Blade Dance","Endless Agony+1","Deadly Poison","Noxious Fumes+1","Deadly Poison","All Out Attack","Envenom","Footwork","Backflip+1","Bouncing Flask","Dagger Spray","Bandage Up","Flying Knee+1","Bouncing Flask+1","Bane+1","Dagger Spray","Setup+1","PiercingWail+1","Blade Dance","Accuracy"],"relics":["Ring of the Snake","TungstenRod","Lizard Tail","Old Coin","Juzu Bracelet","Vajra","Orrery","SlaversCollar","Ancient Tea Set","Mercury Hourglass","Ginger","WristBlade","The Specimen","Orichalcum","Prayer Wheel"],"acts_visited":["Exordium","TheCity","TheBeyond"],"potions_floor_usage":[6,16,23,23,25,31,33,33,33,41,46,50,50],"damage_taken":[{"damage":10,"enemies":"Cultist","floor":1,"turns":4},{"damage":4,"enemies":"Small Slimes","floor":2,"turns":3},{"damage":0,"enemies":"2 Louse","floor":4,"turns":2},{"damage":3,"enemies":"Large Slime","floor":5,"turns":5},{"damage":18,"enemies":"3 Sentries","floor":6,"turns":6},{"damage":3,"enemies":"Exordium Wildlife","floor":11,"turns":4},{"damage":16,"enemies":"Lagavulin","floor":13,"turns":6},{"damage":16,"enemies":"Hexaghost","floor":16,"turns":7},{"damage":19,"enemies":"Spheric Guardian","floor":18,"turns":5},{"damage":13,"enemies":"Shell Parasite","floor":20,"turns":5},{"damage":10,"enemies":"Snake Plant","floor":22,"turns":5},{"damage":17,"enemies":"Gremlin Leader","floor":23,"turns":4},{"damage":19,"enemies":"Slavers","floor":25,"turns":2},{"damage":2,"enemies":"Centurion and Healer","floor":28,"turns":2},{"damage":9,"enemies":"Cultist and Chosen","floor":29,"turns":6},{"damage":19,"enemies":"Chosen and Byrds","floor":30,"turns":6},{"damage":0,"enemies":"3 Cultists","floor":31,"turns":2},{"damage":42,"enemies":"Automaton","floor":33,"turns":7},{"damage":29,"enemies":"3 Darklings","floor":35,"turns":4},{"damage":24,"enemies":"Orb Walker","floor":36,"turns":4},{"damage":3,"enemies":"4 Shapes","floor":41,"turns":4},{"damage":0,"enemies":"Mind Bloom Boss Battle","floor":44,"turns":4},{"damage":18,"enemies":"Sphere and 2 Shapes","floor":45,"turns":4},{"damage":19,"enemies":"Maw","floor":46,"turns":5},{"damage":50,"enemies":"Donu and Deca","floor":50,"turns":6}],"seed_played":"-548180059670689576","potions_obtained":[{"floor":2,"key":"SneckoOil"},{"floor":5,"key":"Poison Potion"},{"floor":13,"key":"BlessingOfTheForge"},{"floor":20,"key":"AttackPotion"},{"floor":25,"key":"Dexterity Potion"},{"floor":28,"key":"SteroidPotion"},{"floor":30,"key":"CunningPotion"},{"floor":31,"key":"FearPotion"},{"floor":36,"key":"Explosive Potion"},{"floor":45,"key":"BlessingOfTheForge"}],"is_trial":false,"path_per_floor":["M","M","?","M","M","E","?","R","T","R","M","?","E","$","R","B",null,"M","?","M","?","M","E","R","E","T","R","M","M","M","M","R","B",null,"M","M","$","?","?","R","M","R","T","?","M","M","$","?","R","B",null],"character_chosen":"THE_SILENT","items_purchased":["Catalyst","Infinite Blades","Vajra","Bane","CultistPotion","Orrery","The Specimen","Bouncing Flask","Dagger Spray","AttackPotion","Energy Potion","Blade Dance","Accuracy","SpeedPotion"],"campfire_rested":8,"item_purchase_floors":[14,14,14,14,14,14,37,37,37,37,37,47,47,47],"current_hp_per_floor":[60,56,56,56,53,35,15,36,36,57,54,41,25,25,46,30,70,51,51,38,38,28,11,32,13,13,34,32,23,4,4,25,35,70,41,17,17,17,17,38,39,60,60,60,46,31,31,61,61,11],"gold":24,"neow_bonus":"RANDOM_COLORLESS_2","is_daily":false,"chose_seed":false,"campfire_upgraded":1,"win_rate":0.0,"timestamp":1611492843,"path_taken":["M","?","?","M","M","E","?","R","T","R","M","?","E","$","R","BOSS","M","?","M","?","M","E","R","E","T","R","M","M","M","M","R","BOSS","M","M","$","?","?","R","M","R","T","?","M","M","$","?","R","BOSS"],"items_purchased_type":["Card","Card","Relic","Card","Potion","Relic","Relic","Card","Card","Potion","Potion","Card","Card","Potion"],"build_version":"2020-12-22","purchased_purges":2,"victory":true,"max_hp_per_floor":[70,70,70,70,70,70,70,70,70,70,70,70,70,70,70,70,70,70,70,70,70,70,70,70,70,70,70,70,70,70,70,70,70,70,70,70,70,70,70,70,70,70,70,70,70,70,70,61,61,61],"card_choices":[{"not_picked":["The Bomb","Violence"],"picked":"HandOfGreed","floor":0},{"not_picked":["Deadly Poison","Acrobatics"],"picked":"Crippling Poison","floor":1},{"not_picked":["Prepared","Backstab"],"picked":"Noxious Fumes","floor":2},{"not_picked":["Reflex","Outmaneuver"],"picked":"Blade Dance","floor":4},{"not_picked":["Calculated Gamble","Cloak And Dagger"],"picked":"Accuracy","floor":5},{"not_picked":["Unload","Endless Agony"],"picked":"Sucker Punch","floor":6},{"not_picked":["Leg Sweep","PiercingWail"],"picked":"Deadly Poison","floor":11},{"not_picked":["Dagger Throw","Prepared"],"picked":"Backflip","floor":13},{"not_picked":["Outmaneuver","Heel Hook"],"picked":"Phantasmal Killer","floor":14},{"not_picked":["Dagger Spray","Footwork"],"picked":"Cloak And Dagger","floor":14},{"not_picked":["Deflect","Finisher"],"picked":"Choke","floor":14},{"not_picked":["Slice","Dodge and Roll"],"picked":"Noxious Fumes","floor":14},{"not_picked":["Outmaneuver","Bane"],"picked":"Deadly Poison","floor":14},{"not_picked":["Bullet Time","Unload"],"picked":"Corpse Explosion","floor":16},{"not_picked":["Bouncing Flask+1","Acrobatics"],"picked":"Dash","floor":18},{"not_picked":["Backflip","Quick Slash"],"picked":"PiercingWail","floor":20},{"not_picked":["Acrobatics","Backflip"],"picked":"Cloak And Dagger","floor":22},{"not_picked":["Quick Slash","Sucker Punch"],"picked":"Blade Dance","floor":23},{"not_picked":["Concentrate","Eviscerate"],"picked":"Endless Agony+1","floor":25},{"not_picked":["Tactician","Phantasmal Killer"],"picked":"Deadly Poison","floor":28},{"not_picked":["Tactician","Heel Hook"],"picked":"Noxious Fumes+1","floor":29},{"not_picked":["Prepared","PiercingWail"],"picked":"Deadly Poison","floor":30},{"not_picked":["Skewer","Sucker Punch+1"],"picked":"All Out Attack","floor":31},{"not_picked":["A Thousand Cuts","Adrenaline"],"picked":"Envenom","floor":33},{"not_picked":["Deflect","Blade Dance"],"picked":"Footwork","floor":35},{"not_picked":["Slice+1","Reflex"],"picked":"Backflip+1","floor":36},{"not_picked":["Transmutation","Apotheosis"],"picked":"Bandage Up","floor":38},{"not_picked":["Riddle With Holes","Outmaneuver"],"picked":"Flying Knee+1","floor":41},{"not_picked":["Acrobatics","Quick Slash+1"],"picked":"Bouncing Flask+1","floor":44},{"not_picked":["Acrobatics","All Out Attack+1"],"picked":"Bane+1","floor":45},{"not_picked":["Reflex+1","Outmaneuver+1"],"picked":"Dagger Spray","floor":45},{"not_picked":["Dagger Throw","Outmaneuver+1"],"picked":"Setup+1","floor":46},{"not_picked":["Escape Plan+1","Heel Hook+1"],"picked":"PiercingWail+1","floor":46}],"player_experience":216501,"relics_obtained":[{"floor":6,"key":"TungstenRod"},{"floor":9,"key":"Old Coin"},{"floor":13,"key":"Juzu Bracelet"},{"floor":23,"key":"Ancient Tea Set"},{"floor":25,"key":"Mercury Hourglass"},{"floor":26,"key":"Ginger"},{"floor":43,"key":"Orichalcum"},{"floor":44,"key":"Prayer Wheel"}],"event_choices":[{"damage_healed":0,"gold_gain":67,"player_choice":"Gained Gold","damage_taken":0,"max_hp_gain":0,"max_hp_loss":0,"event_name":"Golden Wing","floor":3,"gold_loss":0},{"damage_healed":0,"gold_gain":0,"player_choice":"Success","damage_taken":25,"relics_obtained":["Lizard Tail"],"max_hp_gain":0,"max_hp_loss":0,"event_name":"Scrap Ooze","floor":7,"gold_loss":0},{"damage_healed":0,"gold_gain":0,"player_choice":"Entered Light","damage_taken":14,"max_hp_gain":0,"max_hp_loss":0,"event_name":"Shining Light","floor":12,"gold_loss":0,"cards_upgraded":["Crippling Poison","Deadly Poison"]},{"cards_removed":["Strike_G"],"damage_healed":0,"gold_gain":0,"player_choice":"Card Removal","damage_taken":0,"max_hp_gain":0,"max_hp_loss":0,"event_name":"Wheel of Change","floor":19,"gold_loss":0},{"damage_healed":0,"gold_gain":275,"player_choice":"Desecrate","damage_taken":0,"max_hp_gain":0,"max_hp_loss":0,"event_name":"Golden Shrine","floor":21,"gold_loss":0,"cards_obtained":["Regret"]},{"damage_healed":0,"gold_gain":0,"player_choice":"Memory 1","damage_taken":0,"max_hp_gain":0,"max_hp_loss":0,"event_name":"SensoryStone","floor":38,"gold_loss":0},{"damage_healed":0,"gold_gain":0,"player_choice":"Ignored","damage_taken":0,"max_hp_gain":0,"max_hp_loss":0,"event_name":"Mysterious Sphere","floor":39,"gold_loss":0},{"damage_healed":0,"gold_gain":0,"player_choice":"Fight","damage_taken":0,"max_hp_gain":0,"max_hp_loss":0,"event_name":"MindBloom","floor":44,"gold_loss":0},{"damage_healed":61,"gold_gain":0,"player_choice":"Heal","damage_taken":0,"max_hp_gain":0,"max_hp_loss":9,"event_name":"The Moai Head","floor":48,"gold_loss":0}],"is_beta":false,"boss_relics":[{"not_picked":["SacredBark","Fusion Hammer"],"picked":"SlaversCollar"},{"not_picked":["Snecko Eye","Runic Pyramid"],"picked":"WristBlade"}],"items_purged_floors":[14,37],"is_endless":false,"potions_floor_spawned":[2,5,13,20,25,28,30,31,36,45],"ascension_level":0}}