{"host":"u2tqs5prbwebzr58","time":1611449735,"event":{"mods":["BaseMod","Better Skull","Hermit","Jorbs\u0027s Wanderer Trilogy","Marisa????????","Minty Spire (QoL Compilation)","Prisma Mod","READ ME - Guardian Mod","Shade Mod","StSLib","The Bug Knight","The Cursed","The Disciple","The Druid","The Hierophant","The Necromancer","The Senshi","The Servant 0.9.4"],"gold_per_floor":[112,112,13,26,44,79,79,99,99,117,148,148,148,148,148,243,243,263,283,297,307,319,344,46,46,46,69,95,95,95,95,95,190,190,209,209,8,21,21,21,46,46,46,46,46,46,66,93,93,93],"floor_reached":51,"language":"ENG","playtime":4378,"items_purged":["TheCursedMod:Defend_TheCursed","TheCursedMod:Defend_TheCursed","Wraith"],"score":726,"play_id":"142d5831-e900-4375-b75f-9108a0681b1c","local_time":"20210123165535","is_ascension_mode":false,"campfire_choices":[{"floor":7,"key":"REST"},{"floor":15,"key":"REST"},{"data":"TheCursedMod:ReleasedStrength","floor":25,"key":"SMITH"},{"data":"TheCursedMod:LuckyCharm","floor":29,"key":"SMITH"},{"data":"TheCursedMod:HellfireBreathing","floor":32,"key":"SMITH"},{"data":"TheCursedMod:CircleOfAbyss","floor":40,"key":"SMITH"},{"floor":49,"key":"REST"}],"circlet_count":0,"master_deck":["TheCursedMod:Strike_TheCursed","TheCursedMod:Strike_TheCursed","TheCursedMod:Defend_TheCursed","TheCursedMod:Defend_TheCursed+1","TheCursedMod:CursedWand+1","TheCursedMod:CleanUpWorkshop","TheCursedMod:Dregs","TheCursedMod:HellfireBreathing+1","TheCursedMod:CursedBlade+1","TheCursedMod:Wield","TheCursedMod:FleshFromBone","TheCursedMod:ReleasedStrength+1","TheCursedMod:NeowsMight+1","Pain","TheCursedMod:CircleOfAbyss+1","TheCursedMod:WearCloak+1","TheCursedMod:AshesToAshes","TheCursedMod:Obscuration","TheCursedMod:LuckyCharm+1","TheCursedMod:NeowsMight","TheCursedMod:Wield","TheCursedMod:CursedShiv","Dark Shackles","TheCursedMod:RapidMovement+1","Writhe","TheCursedMod:CursedSpellbook+1","TheCursedMod:VoidForm"],"relics":["TheCursedMod:BlackMagic101","Whetstone","Meat on the Bone","Bottled Tornado","Ancient Tea Set","WarpedTongs","Black Star","Bottled Flame","Nunchaku","Lee\u0027s Waffle","Ornamental Fan","HollowMod:PaleOreRelic","Juzu Bracelet","CaptainsWheel","Philosopher\u0027s Stone","Bronze Scales","Boot","Sundial","theSenshi:SailorFukuRelic","Kunai"],"acts_visited":["Exordium","TheCity","TheBeyond"],"potions_floor_usage":[11,11,22,23,23,23,23,33,41,50],"damage_taken":[{"damage":1,"enemies":"Cultist","floor":1,"turns":4},{"damage":6,"enemies":"Jaw Worm","floor":4,"turns":3},{"damage":2,"enemies":"Small Slimes","floor":5,"turns":3},{"damage":32,"enemies":"3 Sentries","floor":6,"turns":8},{"damage":0,"enemies":"Gremlin Gang","floor":8,"turns":2},{"damage":6,"enemies":"Red Slaver","floor":10,"turns":5},{"damage":19,"enemies":"Gremlin Nob","floor":11,"turns":4},{"damage":4,"enemies":"The Guardian","floor":16,"turns":9},{"damage":3,"enemies":"3 Byrds","floor":18,"turns":4},{"damage":4,"enemies":"Chosen","floor":19,"turns":5},{"damage":20,"enemies":"Snake Plant","floor":20,"turns":4},{"damage":1,"enemies":"Shelled Parasite and Fungi","floor":21,"turns":7},{"damage":3,"enemies":"Centurion and Healer","floor":22,"turns":7},{"damage":13,"enemies":"Book of Stabbing","floor":23,"turns":7},{"damage":13,"enemies":"Gremlin Leader","floor":28,"turns":4},{"damage":3,"enemies":"Automaton","floor":33,"turns":7},{"damage":2,"enemies":"Orb Walker","floor":35,"turns":3},{"damage":13,"enemies":"3 Shapes","floor":38,"turns":4},{"damage":29,"enemies":"Giant Head","floor":41,"turns":11},{"damage":11,"enemies":"Sphere and 2 Shapes","floor":47,"turns":4},{"damage":13,"enemies":"HollowMod:StalkingDevout","floor":48,"turns":7},{"damage":19,"enemies":"Awakened One","floor":50,"turns":9}],"seed_played":"-7275431852198672920","potions_obtained":[{"floor":4,"key":"FairyPotion"},{"floor":5,"key":"Ancient Potion"},{"floor":6,"key":"ColorlessPotion"},{"floor":18,"key":"Block Potion"},{"floor":21,"key":"TheCursedMod:DregsPotion"},{"floor":22,"key":"EntropicBrew"},{"floor":28,"key":"LiquidMemories"},{"floor":35,"key":"Weak Potion"},{"floor":38,"key":"Ancient Potion"},{"floor":48,"key":"PowerPotion"}],"is_trial":false,"path_per_floor":["M","?","$","M","M","E","R","M","T","M","E","?","?","?","R","B",null,"M","M","M","M","M","E","$","R","T","T","E","R","?","?","R","B",null,"M","?","$","M","?","R","E","$","T","$","?","?","M","E","R","B",null],"character_chosen":"THE_CURSED","items_purchased":["TheCursedMod:CursedBlade","Lee\u0027s Waffle","TheCursedMod:Obscuration","TheCursedMod:Wield","TheCursedMod:CursedShiv"],"campfire_rested":3,"item_purchase_floors":[3,24,24,37,37],"current_hp_per_floor":[74,67,67,61,59,27,49,49,49,43,36,21,9,9,31,39,75,72,68,48,47,44,43,82,82,82,82,69,69,69,69,69,66,82,80,80,80,67,67,67,50,50,50,50,50,71,60,47,71,52],"gold":93,"neow_bonus":"REMOVE_CARD","is_daily":false,"chose_seed":false,"campfire_upgraded":4,"win_rate":0.0,"timestamp":1611449735,"path_taken":["M","?","$","M","M","E","R","M","T","M","E","?","?","?","R","BOSS","M","M","?","M","M","E","$","R","T","?","E","R","?","?","R","BOSS","M","?","$","M","?","R","E","?","T","$","?","?","M","E","R","BOSS"],"items_purchased_type":["Card","Relic","Card","Card","Card"],"build_version":"2020-12-22","purchased_purges":3,"victory":true,"max_hp_per_floor":[75,75,75,75,75,75,75,75,75,75,75,75,75,75,75,75,75,75,75,75,75,75,75,82,82,82,82,82,82,82,82,82,82,82,82,82,82,82,82,82,82,82,82,82,82,82,82,82,82,82],"card_choices":[{"not_picked":["TheCursedMod:SpitefulStrike","TheCursedMod:HellsGateOpen"],"picked":"TheCursedMod:HellfireBreathing","floor":1},{"not_picked":["TheCursedMod:CircleOfFlame","TheCursedMod:FleshFromBone"],"picked":"TheCursedMod:Wield","floor":4},{"not_picked":["TheCursedMod:RavingStaff","TheCursedMod:StingEye"],"picked":"TheCursedMod:FleshFromBone","floor":5},{"not_picked":["TheCursedMod:SmokeScreen","TheCursedMod:Grudge"],"picked":"TheCursedMod:ReleasedStrength","floor":6},{"not_picked":["TheCursedMod:CursedStaff","TheCursedMod:CircleOfFlame","TheCursedMod:CursedMace"],"picked":"SKIP","floor":8},{"not_picked":["TheCursedMod:Hemoplague","TheCursedMod:CursedMace"],"picked":"TheCursedMod:CursedBlade","floor":10},{"not_picked":["TheCursedMod:Stigma","TheCursedMod:RavingStaff"],"picked":"TheCursedMod:NeowsMight","floor":11},{"not_picked":["TheCursedMod:AntiAging","TheCursedMod:ManaCirculation"],"picked":"TheCursedMod:CircleOfAbyss","floor":16},{"not_picked":["TheCursedMod:RavingStaff","TheCursedMod:CursedBlade","TheCursedMod:CircleOfCorruption"],"picked":"SKIP","floor":18},{"not_picked":["TheCursedMod:SmokeScreen","TheCursedMod:Obscuration"],"picked":"TheCursedMod:WearCloak+1","floor":19},{"not_picked":["TheCursedMod:SmokeScreen","TheCursedMod:Obscuration","TheCursedMod:Neurasthenia"],"picked":"SKIP","floor":20},{"not_picked":["TheCursedMod:RapidMovement","TheCursedMod:HellfireBreathing"],"picked":"TheCursedMod:AshesToAshes","floor":21},{"not_picked":["TheCursedMod:Hemoplague","TheCursedMod:CursedAmulet+1","TheCursedMod:Stigma"],"picked":"SKIP","floor":22},{"not_picked":["TheCursedMod:Torture","TheCursedMod:SpreadPlague","TheCursedMod:Wield"],"picked":"SKIP","floor":23},{"not_picked":["TheCursedMod:CursedStaff","TheCursedMod:CursedBoomerang+1"],"picked":"TheCursedMod:LuckyCharm","floor":28},{"not_picked":["TheCursedMod:ShockAndAwe","TheCursedMod:CollectTribute"],"picked":"TheCursedMod:NeowsMight","floor":33},{"not_picked":["TheCursedMod:TroublousMinions","TheCursedMod:SmokeScreen","TheCursedMod:FuryStrike"],"picked":"SKIP","floor":35},{"not_picked":["TheCursedMod:CursedBlade","TheCursedMod:SoulCrush","TheCursedMod:SaltUponWound"],"picked":"SKIP","floor":38},{"not_picked":["Impatience","Trip"],"picked":"Dark Shackles","floor":39},{"not_picked":["TheCursedMod:CursedMace","TheCursedMod:SurpriseAttack"],"picked":"TheCursedMod:RapidMovement+1","floor":41},{"not_picked":["TheCursedMod:CursedMace","TheCursedMod:Wield"],"picked":"TheCursedMod:CursedSpellbook+1","floor":47},{"not_picked":["TheCursedMod:Hemoplague+1","TheCursedMod:RapidMovement+1"],"picked":"TheCursedMod:VoidForm","floor":48}],"player_experience":498533,"relics_obtained":[{"floor":6,"key":"Whetstone"},{"floor":9,"key":"Meat on the Bone"},{"floor":11,"key":"Bottled Tornado"},{"floor":23,"key":"Bottled Flame"},{"floor":23,"key":"Nunchaku"},{"floor":26,"key":"Ornamental Fan"},{"floor":27,"key":"HollowMod:PaleOreRelic"},{"floor":28,"key":"Juzu Bracelet"},{"floor":28,"key":"CaptainsWheel"},{"floor":41,"key":"Bronze Scales"},{"floor":41,"key":"Boot"},{"floor":43,"key":"Sundial"},{"floor":48,"key":"theSenshi:SailorFukuRelic"},{"floor":48,"key":"Kunai"}],"event_choices":[{"cards_removed":["TheCursedMod:Strike_TheCursed"],"damage_healed":0,"gold_gain":0,"player_choice":"Card Removal","damage_taken":7,"max_hp_gain":0,"max_hp_loss":0,"event_name":"Golden Wing","floor":2,"gold_loss":0},{"damage_healed":0,"gold_gain":0,"player_choice":"Entered Light","damage_taken":15,"max_hp_gain":0,"max_hp_loss":0,"event_name":"Shining Light","floor":12,"gold_loss":0,"cards_upgraded":["TheCursedMod:Defend_TheCursed","TheCursedMod:NeowsMight"]},{"damage_healed":0,"gold_gain":0,"player_choice":"Success","damage_taken":12,"relics_obtained":["Ancient Tea Set"],"max_hp_gain":0,"max_hp_loss":0,"event_name":"Scrap Ooze","floor":13,"gold_loss":0},{"damage_healed":0,"gold_gain":0,"player_choice":"Rummage","damage_taken":0,"relics_obtained":["WarpedTongs"],"max_hp_gain":0,"max_hp_loss":0,"event_name":"Accursed Blacksmith","floor":14,"gold_loss":0,"cards_obtained":["Pain"]},{"damage_healed":0,"gold_gain":0,"player_choice":"Ignored","damage_taken":0,"max_hp_gain":0,"max_hp_loss":0,"event_name":"Vampires","floor":30,"gold_loss":0},{"damage_healed":0,"gold_gain":0,"player_choice":"Ignored","damage_taken":0,"max_hp_gain":0,"max_hp_loss":0,"event_name":"Ghosts","floor":31,"gold_loss":0},{"damage_healed":0,"gold_gain":0,"player_choice":"Ignored","damage_taken":0,"max_hp_gain":0,"max_hp_loss":0,"event_name":"OrinTheCat","floor":36,"gold_loss":0},{"damage_healed":0,"gold_gain":0,"player_choice":"Memory 1","damage_taken":0,"max_hp_gain":0,"max_hp_loss":0,"event_name":"SensoryStone","floor":39,"gold_loss":0},{"cards_removed":["TheCursedMod:CursedBlade"],"damage_healed":0,"gold_gain":0,"player_choice":"Removed Attack","damage_taken":0,"max_hp_gain":0,"max_hp_loss":0,"event_name":"Falling","floor":45,"gold_loss":0},{"damage_healed":21,"gold_gain":0,"player_choice":"Writhe","damage_taken":0,"max_hp_gain":0,"max_hp_loss":0,"event_name":"Winding Halls","floor":46,"gold_loss":0,"cards_obtained":["Writhe"]}],"is_beta":false,"boss_relics":[{"not_picked":["SlaversCollar","Runic Dome"],"picked":"Black Star"},{"not_picked":["Velvet Choker","Coffee Dripper"],"picked":"Philosopher\u0027s Stone"}],"items_purged_floors":[3,24,37],"is_endless":false,"potions_floor_spawned":[4,5,6,18,21,22,28,35,38,48],"ascension_level":0}}