{"host":"70jy76jvzy076wi7","time":1611468446,"event":{"mods":["Act Like it!","BaseMod","Better Third Choice","Energized Spire","Gensokyo","GungeonMod","GungeonMod Extend","Hallownest","Hermit","Infinite Spire","Library of Ruina","Library of Ruina Extra","Minty Spire (QoL Compilation)","Pale of the Ancients","Permanent Neow","Replay The Spire","RumiaBox-露米娅的神秘盒子","Spicy Shops","StSLib","Yakumo Yukari mod","[IsaacMod]以撒尖塔"],"gold_per_floor":[25,25,37,51,70,105,105,135,135,148,148,173,173,207,207,310,310,327,327,346,385,395,395,420,420,420,434,434,468,480,512,512,610,610,666,723,723,784,855,937,937,1025,1107,1107,1234,1234,1289,1388,1388,1388,1495,1606,1606,990,990,1015,1015,209,209,209],"floor_reached":61,"language":"ZHS","playtime":5203,"items_purged":["Dodge","LightAttack","LightAttack"],"score":2164,"play_id":"37afc94e-6b4b-4a5d-afce-ee491573fc5e","local_time":"20210124140726","is_ascension_mode":true,"campfire_choices":[{"data":"BettingIsNotGood","floor":7.0,"key":"SMITH"},{"data":"LeRegole","floor":11.0,"key":"SMITH"},{"data":"Eliminate","floor":15.0,"key":"SMITH"},{"data":"BoundaryOfDeath","floor":23.0,"key":"SMITH"},{"data":"RepressedFlesh","floor":25.0,"key":"SMITH"},{"data":"ForTheFamily","floor":28.0,"key":"SMITH"},{"data":"LeRegole","floor":32.0,"key":"SMITH"},{"data":"Unlock1","floor":41.0,"key":"SMITH"},{"data":"Observe","floor":46.0,"key":"SMITH"},{"data":"MirageStorm","floor":49.0,"key":"SMITH"},{"data":"RagingStorm","floor":55,"key":"SMITH"},{"floor":57,"key":"RECALL"}],"circlet_count":0,"master_deck":["LightDefense","LightAttack","LightDefense","LightDefense","LightDefense","ChargeAndCover","FocusedStrikes","BettingIsNotGood+1","BoundaryOfDeath+1","Quickness","MultiBlock","FrontalAssault","Eliminate+1","RulesOfTheBackstreets","LeRegole+1","Eradication","RulesOfTheBackstreets","DaringDecision","ForTheFamily+1","Observe+1","RepressedFlesh+1","TheRedNotes","Unlock1+1","LeRegole+1","AbeCurse","Quickness","Clone+1","RagingStorm+1","MirageStorm+1"],"relics":["PageOfLibrarian","HushsDoor","GuppysTail","Tiny Chest","DemoExt:HeartSynthesizer","DemoMod:VorpalBullet","Calipers","PageOfAspirationHeart","ChaoDraw","ReplayTheSpireMod:DimensionalGlitch","DemoMod:GlassGuonStoneRelic","DemoMod:DecoyRelic","Red Mask","ReplayTheSpireMod:TigerMarble","infinitespire:EvilPickle","Abe\u0027s Treasure","MagicMushroom","Divine Protection","DemoMod:MonsterBlood","PageOfWrath","PageOfTheQueenOfHatred","PageOfTheKnightOfDespair","DemoMod:NanoMachines","paleoftheancients:Timepiece","paleoftheancients:KeyRelic","Spirit Poop","paleoftheancients:SoulOfTheWokeBloke","EdensBlessing","PageOfQueenBee","Pondfish Scales","DemoMod:WhiteGuonStone","BookOfRevelations"],"acts_visited":["Exordium","TheCity","TheBeyond","TheBeyond"],"potions_floor_usage":[56,60,60],"damage_taken":[{"damage":5.0,"enemies":"Small Slimes","floor":1.0,"turns":4.0},{"damage":2.0,"enemies":"infinitespire:Voidling","floor":3.0,"turns":6.0},{"damage":6.0,"enemies":"Jaw Worm","floor":4.0,"turns":5.0},{"damage":6.0,"enemies":"Lots of Slimes","floor":5.0,"turns":4.0},{"damage":1.0,"enemies":"3 Sentries","floor":6.0,"turns":5.0},{"damage":6.0,"enemies":"Replay:BlueRogue","floor":8.0,"turns":4.0},{"damage":0.0,"enemies":"3 Louse","floor":10.0,"turns":3.0},{"damage":23.0,"enemies":"Lagavulin","floor":12.0,"turns":4.0},{"damage":2.0,"enemies":"3 Sentries","floor":14.0,"turns":5.0},{"damage":0.0,"enemies":"Slime Boss","floor":16.0,"turns":2.0},{"damage":5.0,"enemies":"Chosen","floor":18.0,"turns":3.0},{"damage":0.0,"enemies":"2 Thieves","floor":20.0,"turns":3.0},{"damage":0.0,"enemies":"Shelled Parasite and Fungi","floor":21.0,"turns":2.0},{"damage":0.0,"enemies":"Chosen and Byrds","floor":22.0,"turns":2.0},{"damage":9.0,"enemies":"Gremlin Leader","floor":24.0,"turns":4.0},{"damage":0.0,"enemies":"Snecko","floor":27.0,"turns":2.0},{"damage":0.0,"enemies":"Masked Bandits","floor":29.0,"turns":3.0},{"damage":0.0,"enemies":"Cultist and Chosen","floor":30.0,"turns":2.0},{"damage":0.0,"enemies":"Book of Stabbing","floor":31.0,"turns":1.0},{"damage":0.0,"enemies":"Pondfish","floor":33.0,"turns":4.0},{"damage":2.0,"enemies":"3 Shapes","floor":35.0,"turns":2.0},{"damage":0.0,"enemies":"Orb Walker","floor":36.0,"turns":1.0},{"damage":0.0,"enemies":"Spire Growth","floor":38.0,"turns":4.0},{"damage":0.0,"enemies":"4 Shapes","floor":39.0,"turns":1.0},{"damage":0.0,"enemies":"Reptomancer","floor":40.0,"turns":2.0},{"damage":0.0,"enemies":"R_Hoarder","floor":42.0,"turns":2.0},{"damage":0.0,"enemies":"Nemesis","floor":45.0,"turns":3.0},{"damage":0.0,"enemies":"2 Orb Walkers","floor":47.0,"turns":2.0},{"damage":0.0,"enemies":"Sphere and 2 Shapes","floor":48.0,"turns":1.0},{"damage":0.0,"enemies":"Awakened One","floor":50.0,"turns":4.0},{"damage":0.0,"enemies":"Awakened One","floor":51.0,"turns":5.0},{"damage":0.0,"enemies":"Awakened One","floor":52.0,"turns":2.0},{"damage":112,"enemies":"Awakened One","floor":56,"turns":15},{"damage":0,"enemies":"paleoftheancients:N","floor":60,"turns":6}],"seed_played":"3906112239301513380","potions_obtained":[{"floor":1.0,"key":"Explosive Potion"},{"floor":4.0,"key":"AttackPotion"},{"floor":12.0,"key":"infinitespire:BlackPotion"},{"floor":20.0,"key":"Milkshake"},{"floor":22.0,"key":"SpeedPotion"},{"floor":29.0,"key":"Dexterity Potion"}],"is_trial":false,"path_per_floor":["M","?","M","M","M","E","R","E","T","M","R","E","T","E","R","B",null,"M","AVR","M","M","M","R","E","R","T","M","R","?","M","E","R","B",null,"M","M","AVR","M","M","E","R","E","T","T","E","R","?","M","R","B","M","M","?","$","R","M","R","$","?","B",null],"character_chosen":"Librarian","items_purchased":["ForTheFamily","EdensBlessing","PageOfQueenBee","Pondfish Scales","DemoMod:WhiteGuonStone","BookOfRevelations"],"campfire_rested":0,"item_purchase_floors":[17,54,54,58,58,58],"current_hp_per_floor":[55,55,53,52,51,55,55,49,49,59,59,44,55,82,82,88,85,85,85,85,87,87,87,83,83,83,87,87,87,87,87,87,87,87,87,87,94,94,94,97,97,104,104,104,104,104,104,104,104,104,104,104,104,104,104,104,104,104,104,104],"gold":209,"neow_bonus":"THREE_RARE_CARDS","is_daily":false,"chose_seed":false,"campfire_upgraded":11,"win_rate":0.0,"timestamp":1611468446,"path_taken":["M","?","M","M","M","E","R","E","T","M","R","E","?","E","R","BOSS","M","AVR","M","M","M","R","E","R","T","?","R","?","M","E","R","BOSS","M","M","AVR","M","M","E","R","E","T","?","E","R","?","M","R","BOSS","M","M","?","$","R","M","R","$","?","BOSS"],"items_purchased_type":["Card","Relic","Relic","Relic","Relic","Relic"],"build_version":"2020-12-22","purchased_purges":3,"victory":true,"max_hp_per_floor":[68,68,70,70,77,77,77,77,77,77,77,77,88,88,88,88,85,85,85,87,87,87,87,87,87,87,87,87,87,87,87,87,87,87,87,87,94,94,97,97,97,104,104,104,104,104,104,104,104,104,104,104,104,104,104,104,104,104,104,104],"card_choices":[{"not_picked":[],"picked":"BettingIsNotGood","floor":0.0},{"not_picked":["EmotionalTurbulence","LeRegole"],"picked":"BoundaryOfDeath","floor":0.0},{"not_picked":["FleetFootsteps","TendonChords","GuidanceOfTheGears","ClassAndRespect","DesperateStruggle","GaleKick","SnakesPrey","SinglePointStab"],"picked":"Quickness","floor":1.0},{"not_picked":["LoosenUp","UnavoidableGaze","TendonChords","ProselytesBlade","HiddenBlade","SkyClearingCut","SavageMode","UndertakePrescript"],"picked":"MultiBlock","floor":3.0},{"not_picked":["Guardian_lor","HandleRequest","Ripple","DefenseOrder","ICanCookAnything","EnergyCycle","MindWhip","MultiHit"],"picked":"FrontalAssault","floor":4.0},{"not_picked":["PreemptiveStrike","TimeForALittleTest","FeatherShield","AlloutWar","Multislash","CumulusWall","Riposte","Gamble"],"picked":"Eliminate","floor":5.0},{"not_picked":["StructuralAnalysis","Faith","HiddenBlade","GrazeTheGrass","HighKick","CumulusWall","Rampage_lor","SunsetBlade"],"picked":"RulesOfTheBackstreets","floor":6.0},{"not_picked":["AGoldenOpportunity","TendonChords","RapidGashes","FlowOfTheSword","GuidanceOfTheGears","ShockingBlow","PinpointShot","Multislash"],"picked":"LeRegole","floor":8.0},{"not_picked":["DimensionalRift","Multislash","EnergyStrike","Faith","MultiHit","DefenseOrder","QuickSuppression","BackstreetsDash","HiddenBlade"],"picked":"SKIP","floor":10.0},{"not_picked":["IronWall","MultiHit","FocusFire","GuidanceOfTheGears","Overcharge","LoosenUp","Clone","SnakesPrey"],"picked":"Eradication","floor":12.0},{"not_picked":["EnergyStrike","ElectricShock","FleetFootsteps","Wallop_lor","Juggling","EndlessBattle","SmokingPipe","WillBeTasty"],"picked":"RulesOfTheBackstreets","floor":14.0},{"not_picked":["SavageMode","ChargeUp"],"picked":"DaringDecision","floor":16.0},{"not_picked":["GuardingStance","QuickSuppression","Rewind+1","EnergyShield","Execute_lor","SparkingSpear+1","PreemptiveStrike","SharpSwipe"],"picked":"Observe","floor":18.0},{"not_picked":["PreparedMind","StrikeDown","SnakesPrey","Wallop_lor","SturdyDefense+1","Brawl","Thrust","KeepItFresh"],"picked":"RepressedFlesh","floor":20.0},{"not_picked":["Diversion","BulkyImpact","GuidanceOfTheGears","DefenseOrder","BurningFlash","EnergyShield","SharpNails","HighKick"],"picked":"TheRedNotes","floor":21.0},{"not_picked":["TendonChords","Overcharge+1","ButterflySlash+1","FleetFootsteps","UnavoidableGaze","PuppetBlockade","SinglePointStab","ViolentFlame","HandlingWork"],"picked":"SKIP","floor":22.0},{"not_picked":["DefenseOrder","UpbeatPerformance","FlowOfTheSword","HighKick","EnergyCycle+1","EndlessBattle+1","Parry","FleetFootsteps","Thrust"],"picked":"SKIP","floor":24.0},{"not_picked":["Parry2+1","SpearedSweep","Multislash","Faith","FierceCharge","Wallop_lor","EnergyStrike","GutHarvesting","SharpSwipe"],"picked":"SKIP","floor":27.0},{"not_picked":["NightInTheBackstreets","SnakesPrey","UpbeatPerformance","HighKick+1","QuickAttack+1","WillOfThePrescript","StrongStrike+1","LossOfSenses"],"picked":"Unlock1","floor":29.0},{"not_picked":["CircusKnives","SpearedSweep+1","Outburst+1","UpbeatPerformance","FierceCharge+1","TimeForALittleTest","DeepDrag","Parry","LawAndOrder"],"picked":"SKIP","floor":30.0},{"not_picked":["FleetFootsteps","Thrust","RulesOfTheBackstreets","Pound","Execute_lor+1","UpbeatPerformance","VenomousFangs","SerpentSwordTechnique"],"picked":"LeRegole","floor":31.0},{"not_picked":["Pound+1","FaintMemories+1","TendonChords+1","FrontalAssault","AutomatedMovement","Thrust+1","AlloutWar+1","NonstopAssault"],"picked":"Quickness","floor":35.0},{"not_picked":["SparkingSpear+1","Quickness","Diversion+1","SinglePointStab+1","PreemptiveStrike+1","StrikeDown+1","UpbeatPerformance","UnavoidableGaze"],"picked":"Clone+1","floor":36.0},{"not_picked":["ForcefulGesture","Tttonst","ForTheFamily","DarkCloud+1","StructuralAnalysis","Quickness+1","WillOfThePrescript+1","AlloutWar","PinpointShot"],"picked":"SKIP","floor":38.0},{"not_picked":["DesperateStruggle+1","Parry2","GuardingStance","SerpentSwordTechnique","ChopItOff+1","GuidanceOfTheGears+1","QuickSuppression","ViolentFlame"],"picked":"RagingStorm","floor":39.0},{"not_picked":["ShockingBlow","RapidGashes+1","FlashingStrike","Pound+1","UnavoidableGaze","FleetEdge+1","MindWhip","SharpSwipe+1","EnergyStrike"],"picked":"SKIP","floor":40.0},{"not_picked":["SnakesPrey+1","Leap_lor+1","Endure+1","FleetFootsteps","MultiBlock","SilentNight","LawAndOrder+1","SearingSword","Standoff+1"],"picked":"SKIP","floor":42.0},{"not_picked":["PreemptiveStrike+1","InkOver+1","Rewind+1","Unlock1+1","Mutilate","HandlingWork","SummaryJudgment","BlazingStrike","Outburst"],"picked":"SKIP","floor":45.0},{"not_picked":["FierceCharge","Multislash","DevastatingThrash","FeatherShield","Mutilate","ViolentFlame","ClassAndRespect+1","QuickAttack"],"picked":"MirageStorm","floor":48.0},{"not_picked":["DesperateStruggle","WillOfThePrescript","BurningFlash+1","ScatteringSlash+1","Multislash+1","RatsGuideToSurvival","FleshFillet","HandleRequest+1","GrazeTheGrass"],"picked":"SKIP","floor":51.0},{"not_picked":["AGoldenOpportunity+1","QuickSuppression","Rampage_lor+1","HiddenBlade+1","PreemptiveStrike","Creak","StrongStrike","DarkCloud+1","IngredientHunt"],"picked":"SKIP","floor":52.0}],"player_experience":1602516,"relics_obtained":[{"floor":6.0,"key":"Tiny Chest"},{"floor":8.0,"key":"DemoExt:HeartSynthesizer"},{"floor":9.0,"key":"DemoMod:VorpalBullet"},{"floor":12.0,"key":"Calipers"},{"floor":13.0,"key":"PageOfAspirationHeart"},{"floor":14.0,"key":"ChaoDraw"},{"floor":24.0,"key":"DemoMod:DecoyRelic"},{"floor":29.0,"key":"Red Mask"},{"floor":31.0,"key":"ReplayTheSpireMod:TigerMarble"},{"floor":40.0,"key":"Divine Protection"},{"floor":42.0,"key":"DemoMod:MonsterBlood"},{"floor":43.0,"key":"PageOfWrath"},{"floor":44.0,"key":"PageOfTheQueenOfHatred"},{"floor":45.0,"key":"PageOfTheKnightOfDespair"},{"floor":47.0,"key":"DemoMod:NanoMachines"},{"floor":51.0,"key":"paleoftheancients:SoulOfTheWokeBloke"}],"event_choices":[{"damage_healed":0.0,"max_hp_gain":0.0,"max_hp_loss":0.0,"gold_gain":0.0,"event_name":"Masked Bandits","player_choice":"Fought Bandits","floor":29.0,"gold_loss":0.0,"damage_taken":0.0},{"damage_healed":0.0,"max_hp_gain":0.0,"max_hp_loss":0.0,"gold_gain":0.0,"event_name":"Mysterious Sphere","player_choice":"Fight","floor":47.0,"gold_loss":0.0,"damage_taken":0.0}],"is_beta":false,"boss_relics":[{"not_picked":["Velvet Choker","Replay:Bronze Core"],"picked":"ReplayTheSpireMod:DimensionalGlitch"},{"not_picked":[]},{"not_picked":["ReplayTheSpireMod:SealedPack","Fusion Hammer"],"picked":"Abe\u0027s Treasure"},{"not_picked":[]}],"items_purged_floors":[54,58,58],"is_endless":false,"potions_floor_spawned":[1,4,12,20,22,29,30,35,45,47,48,56],"ascension_level":1}}