{"host":"is2s59edl8twrhoj","time":1611482934,"event":{"mods":["BaseMod","Colored Map","Colored Powertips","DeckTracker","Downfall","Minty Spire (QoL Compilation)","StSLib"],"gold_per_floor":[109,122,272,122,122,149,149,177,202,214,224,235,248,265,265,337,337,350,377,377,57,70,70,70,99,99,128,143,153,153,171,171,171,171],"floor_reached":33,"language":"ENG","playtime":1960,"items_purged":["Doubt","Decay"],"score":523,"play_id":"33d185ec-3027-47ab-a9d6-39a6db25ce2c","local_time":"20210124100854","is_ascension_mode":true,"campfire_choices":[{"data":"Fiend Fire","floor":7.0,"key":"SMITH"},{"data":"Armaments","floor":15.0,"key":"SMITH"},{"floor":23.0,"key":"REST"},{"data":"1","floor":30.0,"key":"LIFT"},{"floor":32.0,"key":"REST"}],"circlet_count":0,"master_deck":["AscendersBane","Strike_R","Strike_R","Strike_R","Strike_R","Strike_R","Defend_R","Defend_R","Defend_R","Defend_R","Bash","Power Through","Pommel Strike","Fiend Fire+1","Iron Wave","Warcry","Whirlwind","Armaments+1","Metallicize","Exhume","Spot Weakness+1","Iron Wave","Apotheosis","Fire Breathing","Shrug It Off","Fiend Fire+1","Feel No Pain+1","Dark Embrace"],"relics":["Burning Blood","Red Skull","Charon\u0027s Ashes","Boot","Velvet Choker","Red Mask","Potion Belt","Omamori","Girya"],"acts_visited":["Exordium","TheCity"],"potions_floor_usage":[33,33],"damage_taken":[{"damage":5.0,"enemies":"2 Louse","floor":1.0,"turns":4.0},{"damage":6.0,"enemies":"Cultist","floor":2.0,"turns":4.0},{"damage":45.0,"enemies":"Lagavulin","floor":6.0,"turns":6.0},{"damage":5.0,"enemies":"3 Sentries","floor":8.0,"turns":8.0},{"damage":0.0,"enemies":"Jaw Worm","floor":10.0,"turns":3.0},{"damage":0.0,"enemies":"Exordium Thugs","floor":11.0,"turns":2.0},{"damage":7.0,"enemies":"Looter","floor":12.0,"turns":3.0},{"damage":0.0,"enemies":"Large Slime","floor":13.0,"turns":3.0},{"damage":0.0,"enemies":"3 Louse","floor":14.0,"turns":3.0},{"damage":38.0,"enemies":"Slime Boss","floor":16.0,"turns":9.0},{"damage":12.0,"enemies":"Chosen","floor":18.0,"turns":5.0},{"damage":45.0,"enemies":"Masked Bandits","floor":19.0,"turns":4.0},{"damage":4.0,"enemies":"2 Thieves","floor":22.0,"turns":3.0},{"damage":47.0,"enemies":"Gremlin Leader","floor":25.0,"turns":6.0},{"damage":25.0,"enemies":"Book of Stabbing","floor":27.0,"turns":5.0},{"damage":0.0,"enemies":"Sentry and Sphere","floor":28.0,"turns":3.0},{"damage":1.0,"enemies":"Cultist and Chosen","floor":29.0,"turns":4.0},{"damage":0.0,"enemies":"Snake Plant","floor":31.0,"turns":1.0},{"damage":53,"enemies":"Automaton","floor":33,"turns":8}],"seed_played":"-3923357938721072793","potions_obtained":[{"floor":1.0,"key":"Regen Potion"},{"floor":10.0,"key":"Dexterity Potion"},{"floor":14.0,"key":"FairyPotion"},{"floor":28.0,"key":"EssenceOfSteel"},{"floor":29.0,"key":"PowerPotion"},{"floor":31.0,"key":"DistilledChaos"}],"is_trial":false,"path_per_floor":["M","M","?","$","?","E","R","E","T","M","M","M","M","M","R","B",null,"M","?","?","$","M","R","?","E","T","E","M","M","R","M","R","B"],"character_chosen":"IRONCLAD","items_purchased":["Fiend Fire","Apotheosis","Fire Breathing"],"campfire_rested":2,"item_purchase_floors":[4,21,21],"current_hp_per_floor":[69,69,69,69,69,30,30,46,46,52,58,57,63,69,69,37,66,60,21,21,21,23,45,45,28,28,9,15,20,20,26,48,0,0],"gold":171,"neow_bonus":"THREE_CARDS","is_daily":false,"chose_seed":false,"campfire_upgraded":2,"win_rate":0.0,"timestamp":1611482934,"path_taken":["M","M","?","$","?","E","R","E","T","M","M","M","M","M","R","BOSS","M","?","?","$","M","R","?","E","T","E","M","?","R","M","R","BOSS"],"items_purchased_type":["Card","Card","Card"],"build_version":"2020-12-22","purchased_purges":2,"victory":false,"max_hp_per_floor":[75,75,75,75,75,75,75,75,75,75,75,75,75,75,75,75,75,75,75,75,75,75,75,75,75,75,75,75,75,75,75,75,75,75],"card_choices":[{"not_picked":["Entrench","Anger"],"picked":"Power Through","floor":0.0},{"not_picked":["Bloodletting","Anger","Blood for Blood"],"picked":"SKIP","floor":1.0},{"not_picked":["Anger","Havoc"],"picked":"Pommel Strike","floor":2.0},{"not_picked":["Headbutt","Clothesline"],"picked":"Iron Wave","floor":6.0},{"not_picked":["Clothesline","Perfected Strike"],"picked":"Warcry","floor":8.0},{"not_picked":["Flex","Battle Trance"],"picked":"Whirlwind","floor":10.0},{"not_picked":["Fiend Fire","Metallicize","Warcry"],"picked":"SKIP","floor":11.0},{"not_picked":["Flex","Perfected Strike","Heavy Blade"],"picked":"SKIP","floor":12.0},{"not_picked":["Sword Boomerang","Seeing Red"],"picked":"Armaments","floor":13.0},{"not_picked":["Thunderclap","Sever Soul"],"picked":"Metallicize","floor":14.0},{"not_picked":["Fiend Fire","Double Tap"],"picked":"Exhume","floor":16.0},{"not_picked":["Blood for Blood","Shockwave"],"picked":"Spot Weakness+1","floor":18.0},{"not_picked":["Thunderclap+1","Body Slam"],"picked":"Iron Wave","floor":19.0},{"not_picked":["Disarm","Cleave"],"picked":"Shrug It Off","floor":22.0},{"not_picked":["Berserk","Seeing Red"],"picked":"Feel No Pain+1","floor":25.0},{"not_picked":["Havoc","Searing Blow"],"picked":"Dark Embrace","floor":27.0},{"not_picked":["Entrench","Dark Embrace","Pommel Strike"],"picked":"SKIP","floor":28.0},{"not_picked":["Sword Boomerang+1","Dual Wield","Perfected Strike"],"picked":"SKIP","floor":29.0},{"not_picked":["Dark Embrace","Clothesline+1","Anger"],"picked":"SKIP","floor":31.0}],"player_experience":682682,"relics_obtained":[{"floor":6.0,"key":"Red Skull"},{"floor":8.0,"key":"Charon\u0027s Ashes"},{"floor":9.0,"key":"Boot"},{"floor":19.0,"key":"Red Mask"},{"floor":25.0,"key":"Potion Belt"},{"floor":26.0,"key":"Omamori"},{"floor":27.0,"key":"Girya"}],"event_choices":[{"damage_healed":0.0,"max_hp_gain":0.0,"max_hp_loss":0.0,"gold_gain":150.0,"event_name":"Liars Game","player_choice":"AGREE","floor":3.0,"gold_loss":0.0,"damage_taken":0.0,"cards_obtained":["Doubt"]},{"damage_healed":0.0,"max_hp_gain":0.0,"max_hp_loss":0.0,"gold_gain":0.0,"event_name":"Match and Keep!","player_choice":"0 cards matched","floor":5.0,"gold_loss":0.0,"damage_taken":0.0,"cards_obtained":[]},{"damage_healed":0.0,"max_hp_gain":0.0,"max_hp_loss":0.0,"gold_gain":0.0,"event_name":"Masked Bandits","player_choice":"Fought Bandits","floor":19.0,"gold_loss":0.0,"damage_taken":0.0},{"damage_healed":0.0,"max_hp_gain":0.0,"max_hp_loss":0.0,"gold_gain":0.0,"event_name":"Forgotten Altar","player_choice":"Smashed Altar","floor":20.0,"gold_loss":0.0,"damage_taken":0.0,"cards_obtained":["Decay"]},{"damage_healed":0.0,"max_hp_gain":0.0,"max_hp_loss":0.0,"gold_gain":0.0,"event_name":"Duplicator","player_choice":"Copied","floor":24.0,"gold_loss":0.0,"damage_taken":0.0,"cards_obtained":["Fiend Fire"]}],"is_beta":false,"boss_relics":[{"not_picked":["Runic Cube","Astrolabe"],"picked":"Velvet Choker"}],"items_purged_floors":[4,21],"is_endless":false,"potions_floor_spawned":[1,10,14,18,28,29,31],"killed_by":"Automaton","ascension_level":15}}