{"host":"fworv1gvvajf3x0f","time":1611467606,"event":{"mods":["AchievementEnabler","Aspiration","BaseMod","Better Match","Better Note","Better Sensory Stone","Better Third Choice","Better-Laid Plans","BetterRewards","Colored Map","Colored Powertips","Displayed Cursed Tome","Energized Spire","Good Game Mod","Highlight Path","Infinite Spire","Minty Spire (QoL Compilation)","Relic Stats","Replay The Spire","Spicy Shops","StSLib"],"gold_per_floor":[112,128,128,203,97,97,97,97],"floor_reached":7,"language":"ZHS","playtime":612,"items_purged":["Clumsy"],"score":51,"play_id":"3ffc59fb-d676-4ffc-beec-f120009b33f8","local_time":"20210124135326","is_ascension_mode":true,"campfire_choices":[{"floor":6,"key":"REST"}],"circlet_count":0,"master_deck":["Strike_G","Strike_G","Strike_G","Strike_G","Defend_G","Defend_G","Defend_G","Defend_G+1","Defend_G","Survivor","Neutralize","LessonLearned+1","ReplayTheSpireMod:The Works","Prepared","Setup","Heel Hook","Infinite Blades"],"relics":["Ring of the Snake","REME:ComplimentaryCards","Divine Protection","Tiny Chest"],"acts_visited":["Exordium"],"potions_floor_usage":[],"damage_taken":[{"damage":1,"enemies":"2 Louse","floor":1,"turns":3},{"damage":4,"enemies":"Small Slimes","floor":2,"turns":3},{"damage":67,"enemies":"Lagavulin","floor":7,"turns":9}],"seed_played":"-1257989427073596099","potions_obtained":[],"is_trial":false,"path_per_floor":["M","M","?","?","$","R","E"],"character_chosen":"THE_SILENT","items_purchased":["ReplayTheSpireMod:The Works","Divine Protection","Tiny Chest","Infinite Blades"],"campfire_rested":1,"item_purchase_floors":[0,0,0,5],"current_hp_per_floor":[62,58,58,47,47,68,1,1],"gold":97,"neow_bonus":"","is_daily":false,"chose_seed":false,"campfire_upgraded":0,"win_rate":0.0,"timestamp":1611467606,"path_taken":["M","M","?","?","$","R","E"],"items_purchased_type":["Card","Relic","Relic","Card"],"build_version":"2020-12-22","purchased_purges":1,"victory":false,"max_hp_per_floor":[70,70,70,70,70,70,70,70],"relic_stats":{"counters":[222,910],"Tiny Chest":0,"obtain_stats":[{"Golden Egg":31,"energizedSpire:UnstableMolecules":34,"Vampiric Spirits":29,"energizedSpire:CrystalSphere":22,"Whetstone":6,"Ginger":26,"Bottled Tornado":53,"Boot":40,"aspiration:RitualStick":19,"Ring of Searing":11,"Old Coin":6,"Blood Vial":8,"Replay:Ringing Soul":44,"aspiration:PoetsPen":51,"aspiration:BabyByrd":7,"Sundial":43,"MealTicket":13,"infinitespire:Golems Mask":7,"Fusion Hammer":17,"HandDrill":0,"Kunai":31,"aspiration:Headhunter":22,"aspiration:StickyExplosives":0,"Pear":54,"Counterbalance":5,"Blue Candle":17,"Velvet Choker":34,"Pen Nib":20,"Replay:Ancient Bell":17,"infinitespire:Magic Flask":10,"Akabeko":29,"aspiration:FrozenJewel":47,"infinitespire:EvilPickle":0,"Snecko Scales":29,"infinitespire:Lychee Nut":0,"infinitespire:Broken Mirror":13,"ReplayTheSpireMod:Ring of Collecting":12,"Bird Faced Urn":0,"Snecko Eye":34,"Pandora\u0027s Box":17,"CultistMask":14,"Unceasing Top":0,"energizedSpire:PogoStick":34,"Lantern":9,"aspiration:Lifesprig":2,"Singing Bowl":46,"Blue Doll":0,"King of Hearts":0,"Bag of Preparation":53,"Smiling Mask":7,"Burning Blood":0,"Pet Ghost":9,"Replay:Rubber Ducky":53,"Ring of Peace":20,"aspiration:AnachronicSnailShell":46,"Replay:Lucky Slots":24,"WingedGreaves":40,"energizedSpire:HugeHouse":17,"aspiration:FutureDiary":26,"Ring of Panic":11,"Ring of the Snake":0,"NeowsBlessing":0,"Self Forming Clay":9,"Golden Idol":3,"Damaru":36,"betterThird:NestCultRelic":21,"PreservedInsect":23,"The Courier":0,"aspiration:RandomNobGenerator":17,"infinitespire:Lucky Rock":20,"Ring of Greed":0,"MawBank":9,"Ornamental Fan":54,"betterThird:SlimedRelic":4,"Orrery":53,"Art of War":7,"Garlic":12,"Bottled Lightning":26,"Champion Belt":42,"ReplayTheSpireMod:Ring of Challenge":26,"ReplayTheSpireMod:Lightbulb":36,"Toy Ornithopter":28,"infinitespire:Midas Blood":9,"Divine Protection":28,"Calipers":26,"Tiny House":34,"CeramicFish":47,"Vajra":9,"Lizard Tail":9,"Honey Jar":17,"aspiration:ArtOfWarUpgrade":10,"Ring of Hypnosis":12,"Happy Flower":53,"ReplayTheSpireMod:CursedCoin":10,"Dead Branch":27,"Oddly Smooth Stone":15,"infinitespire:Beetle Shell":53,"aspiration:SeaSaltIceCream":26,"Letter Opener":30,"Replay:Baseball":14,"Shuriken":9,"Bronze Scales":42,"Molten Egg 2":7,"Simple Rune":43,"Onion Ring":46,"infinitespire:EmpoweringShard":19,"ReplayTheSpireMod:TigerMarble":17,"Grinning Jar":0,"aspiration:HatOfInfinitePower":0,"Mirror":0,"Pocketwatch":0,"Meat on the Bone":9,"ReplayFunnel":53,"ReplayTheSpireMod:Ring of Exchange":22,"Snecko Heart":17,"Replay:PocketPolymizer":17,"aspiration:TomeofQuesting":0,"Snake Skull":0,"Incense Burner":36,"Empty Cage":17,"PrismaticShard":27,"ClockworkSouvenir":53,"ReplayTheSpireMod:EnergyBall":27,"Replay:Bandana":10,"energizedSpire:CursedPentagram":17,"Chameleon Ring":23,"Mummified Hand":53,"Pantograph":5,"Tiny Chest":0,"infinitespire:Chaos":0,"Cracked Core":0,"Gremlin Food":36,"energizedSpire:RedRose":17,"aspiration:FetidBarrel":46,"infinitespire:CursedDice":42,"Guide Book":36,"Quantum Egg":2,"aspiration:RunicSpoon":0,"infinitespire:EmptyRelic":0,"Odd Mushroom":8,"Orichalcum":0,"Medical Kit":11,"White Beast Statue":0,"Mercury Hourglass":23,"Strange Spoon":31,"REME:ComplimentaryCards":0,"CaptainsWheel":45,"aspiration:WatcherSkillbook":34,"infinitespire:Satchel":12,"Bag of Marbles":41,"Membership Card":0,"PureWater":0,"FossilizedHelix":20},{"Golden Egg":119,"energizedSpire:UnstableMolecules":146,"Vampiric Spirits":35,"energizedSpire:CrystalSphere":199,"Whetstone":57,"Ginger":142,"Bottled Tornado":217,"Boot":148,"aspiration:RitualStick":62,"Ring of Searing":82,"Old Coin":132,"Blood Vial":133,"Replay:Ringing Soul":211,"aspiration:PoetsPen":46,"aspiration:BabyByrd":67,"Sundial":210,"MealTicket":26,"infinitespire:Golems Mask":81,"Fusion Hammer":112,"HandDrill":64,"Kunai":145,"aspiration:Headhunter":199,"aspiration:StickyExplosives":0,"Pear":155,"Counterbalance":131,"Blue Candle":186,"Velvet Choker":94,"Pen Nib":187,"Replay:Ancient Bell":186,"infinitespire:Magic Flask":23,"Akabeko":13,"aspiration:FrozenJewel":44,"infinitespire:EvilPickle":0,"Snecko Scales":35,"infinitespire:Lychee Nut":156,"infinitespire:Broken Mirror":173,"ReplayTheSpireMod:Ring of Collecting":6,"Bird Faced Urn":53,"Snecko Eye":120,"Pandora\u0027s Box":73,"CultistMask":6,"Unceasing Top":18,"energizedSpire:PogoStick":14,"Lantern":159,"aspiration:Lifesprig":189,"Singing Bowl":212,"Blue Doll":0,"King of Hearts":104,"Bag of Preparation":217,"Smiling Mask":23,"Burning Blood":0,"Pet Ghost":133,"Replay:Rubber Ducky":217,"Ring of Peace":9,"aspiration:AnachronicSnailShell":126,"Replay:Lucky Slots":77,"WingedGreaves":97,"energizedSpire:HugeHouse":61,"aspiration:FutureDiary":12,"Ring of Panic":82,"Ring of the Snake":0,"NeowsBlessing":0,"Self Forming Clay":53,"Golden Idol":166,"Damaru":207,"betterThird:NestCultRelic":76,"PreservedInsect":88,"The Courier":0,"aspiration:RandomNobGenerator":197,"infinitespire:Lucky Rock":9,"Ring of Greed":0,"MawBank":169,"Ornamental Fan":103,"betterThird:SlimedRelic":131,"Orrery":154,"Art of War":53,"Garlic":83,"Bottled Lightning":90,"Champion Belt":98,"ReplayTheSpireMod:Ring of Challenge":12,"ReplayTheSpireMod:Lightbulb":95,"Toy Ornithopter":117,"infinitespire:Midas Blood":23,"Divine Protection":13,"Calipers":33,"Tiny House":206,"CeramicFish":152,"Vajra":107,"Lizard Tail":5,"Honey Jar":137,"aspiration:ArtOfWarUpgrade":53,"Ring of Hypnosis":6,"Happy Flower":154,"ReplayTheSpireMod:CursedCoin":23,"Dead Branch":143,"Oddly Smooth Stone":196,"infinitespire:Beetle Shell":217,"aspiration:SeaSaltIceCream":12,"Letter Opener":92,"Replay:Baseball":162,"Shuriken":81,"Bronze Scales":149,"Molten Egg 2":4,"Simple Rune":124,"Onion Ring":126,"infinitespire:EmpoweringShard":113,"ReplayTheSpireMod:TigerMarble":186,"Grinning Jar":18,"aspiration:HatOfInfinitePower":0,"Mirror":0,"Pocketwatch":47,"Meat on the Bone":193,"ReplayFunnel":102,"ReplayTheSpireMod:Ring of Exchange":30,"Snecko Heart":85,"Replay:PocketPolymizer":186,"aspiration:TomeofQuesting":156,"Snake Skull":0,"Incense Burner":39,"Empty Cage":7,"PrismaticShard":12,"ClockworkSouvenir":217,"ReplayTheSpireMod:EnergyBall":90,"Replay:Bandana":23,"energizedSpire:CursedPentagram":28,"Chameleon Ring":31,"Mummified Hand":154,"Pantograph":167,"Tiny Chest":178,"infinitespire:Chaos":53,"Cracked Core":0,"Gremlin Food":39,"energizedSpire:RedRose":175,"aspiration:FetidBarrel":100,"infinitespire:CursedDice":124,"Guide Book":39,"Quantum Egg":130,"aspiration:RunicSpoon":0,"infinitespire:EmptyRelic":53,"Odd Mushroom":68,"Orichalcum":104,"Medical Kit":58,"White Beast Statue":53,"Mercury Hourglass":11,"Strange Spoon":13,"REME:ComplimentaryCards":0,"CaptainsWheel":212,"aspiration:WatcherSkillbook":38,"infinitespire:Satchel":110,"Bag of Marbles":42,"Membership Card":18,"PureWater":53,"FossilizedHelix":138},{"Golden Egg":525,"energizedSpire:UnstableMolecules":633,"Vampiric Spirits":170,"energizedSpire:CrystalSphere":824,"Whetstone":242,"Ginger":617,"Bottled Tornado":881,"Boot":641,"aspiration:RitualStick":272,"Ring of Searing":346,"Old Coin":582,"Blood Vial":585,"Replay:Ringing Soul":860,"aspiration:PoetsPen":208,"aspiration:BabyByrd":291,"Sundial":858,"MealTicket":124,"infinitespire:Golems Mask":344,"Fusion Hammer":482,"HandDrill":280,"Kunai":626,"aspiration:Headhunter":824,"aspiration:StickyExplosives":0,"Pear":664,"Counterbalance":579,"Blue Candle":764,"Velvet Choker":389,"Pen Nib":768,"Replay:Ancient Bell":764,"infinitespire:Magic Flask":112,"Akabeko":55,"aspiration:FrozenJewel":199,"infinitespire:EvilPickle":0,"Snecko Scales":170,"infinitespire:Lychee Nut":665,"infinitespire:Broken Mirror":718,"ReplayTheSpireMod:Ring of Collecting":18,"Bird Faced Urn":233,"Snecko Eye":533,"Pandora\u0027s Box":318,"CultistMask":18,"Unceasing Top":95,"energizedSpire:PogoStick":66,"Lantern":671,"aspiration:Lifesprig":774,"Singing Bowl":862,"Blue Doll":0,"King of Hearts":435,"Bag of Preparation":881,"Smiling Mask":112,"Burning Blood":0,"Pet Ghost":585,"Replay:Rubber Ducky":881,"Ring of Peace":38,"aspiration:AnachronicSnailShell":561,"Replay:Lucky Slots":332,"WingedGreaves":399,"energizedSpire:HugeHouse":265,"aspiration:FutureDiary":49,"Ring of Panic":346,"Ring of the Snake":0,"NeowsBlessing":0,"Self Forming Clay":233,"Golden Idol":691,"Damaru":851,"betterThird:NestCultRelic":327,"PreservedInsect":371,"The Courier":0,"aspiration:RandomNobGenerator":816,"infinitespire:Lucky Rock":38,"Ring of Greed":0,"MawBank":701,"Ornamental Fan":428,"betterThird:SlimedRelic":579,"Orrery":662,"Art of War":233,"Garlic":349,"Bottled Lightning":376,"Champion Belt":403,"ReplayTheSpireMod:Ring of Challenge":49,"ReplayTheSpireMod:Lightbulb":391,"Toy Ornithopter":514,"infinitespire:Midas Blood":112,"Divine Protection":55,"Calipers":160,"Tiny House":848,"CeramicFish":655,"Vajra":447,"Lizard Tail":16,"Honey Jar":598,"aspiration:ArtOfWarUpgrade":233,"Ring of Hypnosis":18,"Happy Flower":662,"ReplayTheSpireMod:CursedCoin":112,"Dead Branch":621,"Oddly Smooth Stone":806,"infinitespire:Beetle Shell":881,"aspiration:SeaSaltIceCream":49,"Letter Opener":381,"Replay:Baseball":676,"Shuriken":344,"Bronze Scales":645,"Molten Egg 2":11,"Simple Rune":551,"Onion Ring":561,"infinitespire:EmpoweringShard":489,"ReplayTheSpireMod:TigerMarble":764,"Grinning Jar":95,"aspiration:HatOfInfinitePower":0,"Mirror":0,"Pocketwatch":209,"Meat on the Bone":796,"ReplayFunnel":422,"ReplayTheSpireMod:Ring of Exchange":147,"Snecko Heart":361,"Replay:PocketPolymizer":764,"aspiration:TomeofQuesting":665,"Snake Skull":0,"Incense Burner":184,"Empty Cage":29,"PrismaticShard":49,"ClockworkSouvenir":881,"ReplayTheSpireMod:EnergyBall":376,"Replay:Bandana":112,"energizedSpire:CursedPentagram":138,"Chameleon Ring":153,"Mummified Hand":662,"Pantograph":695,"Tiny Chest":740,"infinitespire:Chaos":233,"Cracked Core":0,"Gremlin Food":184,"energizedSpire:RedRose":731,"aspiration:FetidBarrel":413,"infinitespire:CursedDice":551,"Guide Book":184,"Quantum Egg":577,"aspiration:RunicSpoon":0,"infinitespire:EmptyRelic":233,"Odd Mushroom":295,"Orichalcum":435,"Medical Kit":247,"White Beast Statue":233,"Mercury Hourglass":46,"Strange Spoon":55,"REME:ComplimentaryCards":0,"CaptainsWheel":862,"aspiration:WatcherSkillbook":181,"infinitespire:Satchel":465,"Bag of Marbles":193,"Membership Card":95,"PureWater":233,"FossilizedHelix":601}],"Ring of the Snake":[56]},"card_choices":[{"not_picked":["Deadly Poison","Dodge and Roll"],"picked":"Prepared","floor":1},{"not_picked":["Hidden Blade","PiercingWail"],"picked":"Setup","floor":2}],"player_experience":314735,"relics_obtained":[],"event_choices":[{"damage_healed":0,"gold_gain":0,"cards_transformed":["Strike_G"],"player_choice":"Change","damage_taken":0,"max_hp_gain":0,"max_hp_loss":0,"event_name":"Living Wall","floor":3,"gold_loss":0,"cards_obtained":["Heel Hook"]},{"damage_healed":0,"gold_gain":75,"player_choice":"Gold","damage_taken":11,"max_hp_gain":0,"max_hp_loss":0,"event_name":"betterThird:BetterGoop","floor":4,"gold_loss":0}],"is_beta":false,"boss_relics":[],"items_purged_floors":[0],"is_endless":false,"potions_floor_spawned":[],"killed_by":"Lagavulin","ascension_level":6}}