{"host":"hszimsrtxxc2k25w","time":1611529478,"event":{"mods":["AchievementEnabler","BaseMod","Colored Map","DeckTracker","Minty Spire (QoL Compilation)","Rare Cards Sparkle","SuperFastMode"],"gold_per_floor":[117,139,160,182,182,182,197,197,224,224,237,258,278,303,303,303,303],"floor_reached":16,"language":"KOR","playtime":313,"items_purged":[],"score":186,"play_id":"14c81c64-ea3b-4466-a2b4-edf5d1bef844","local_time":"20210125080438","is_ascension_mode":true,"campfire_choices":[{"floor":6,"key":"REST"},{"data":"Dagger Spray","floor":8,"key":"SMITH"},{"data":"Crippling Poison","floor":10,"key":"SMITH"},{"data":"Storm of Steel","floor":15,"key":"SMITH"}],"circlet_count":0,"master_deck":["AscendersBane","Strike_G","Strike_G","Strike_G","Strike_G","Strike_G","Defend_G","Defend_G","Defend_G","Defend_G","Defend_G","Survivor","Neutralize","Blade Dance","Crippling Poison+1","Dagger Spray+1","Catalyst","Storm of Steel+1"],"relics":["Ring of the Snake","CeramicFish","Anchor","Blood Vial"],"acts_visited":["Exordium"],"potions_floor_usage":[16],"damage_taken":[{"damage":8,"enemies":"Cultist","floor":1,"turns":5},{"damage":9,"enemies":"2 Louse","floor":2,"turns":4},{"damage":10,"enemies":"Small Slimes","floor":3,"turns":4},{"damage":0,"enemies":"2 Fungi Beasts","floor":4,"turns":5},{"damage":0,"enemies":"Gremlin Gang","floor":7,"turns":3},{"damage":5,"enemies":"Lots of Slimes","floor":11,"turns":3},{"damage":1,"enemies":"2 Fungi Beasts","floor":12,"turns":3},{"damage":9,"enemies":"Exordium Wildlife","floor":13,"turns":4},{"damage":0,"enemies":"3 Louse","floor":14,"turns":2},{"damage":0,"enemies":"The Guardian","floor":16,"turns":2}],"seed_played":"1589453762987653285","potions_obtained":[{"floor":1,"key":"PowerPotion"},{"floor":2,"key":"EssenceOfSteel"}],"is_trial":false,"path_per_floor":["M","M","M","M","?","R","M","R","T","R","M","M","M","M","R","B"],"character_chosen":"THE_SILENT","items_purchased":[],"campfire_rested":1,"item_purchase_floors":[],"current_hp_per_floor":[51,42,32,32,6,25,25,25,25,25,22,23,16,18,18,20,20],"gold":303,"neow_bonus":"RANDOM_COMMON_RELIC","is_daily":false,"chose_seed":false,"campfire_upgraded":3,"win_rate":0.0,"timestamp":1611529478,"path_taken":["M","M","?","M","?","R","M","R","T","R","M","M","M","M","R","BOSS"],"items_purchased_type":[],"build_version":"2020-12-22","purchased_purges":0,"victory":false,"max_hp_per_floor":[66,66,66,66,66,66,66,66,66,66,66,66,66,66,66,66,66],"card_choices":[{"not_picked":["Concentrate","Backflip","Finisher"],"picked":"SKIP","floor":1},{"not_picked":["Riddle With Holes","Backstab"],"picked":"Blade Dance","floor":2},{"not_picked":["Quick Slash","PiercingWail"],"picked":"Crippling Poison","floor":3},{"not_picked":["Underhanded Strike","Deflect"],"picked":"Dagger Spray","floor":4},{"not_picked":["Underhanded Strike","Flying Knee","All Out Attack"],"picked":"SKIP","floor":7},{"not_picked":["Backflip","Blade Dance","Underhanded Strike"],"picked":"SKIP","floor":11},{"not_picked":["All Out Attack","Quick Slash"],"picked":"Catalyst","floor":12},{"not_picked":["Cloak And Dagger","Reflex","Bane"],"picked":"SKIP","floor":13},{"not_picked":["Bane","Flying Knee"],"picked":"Storm of Steel","floor":14}],"player_experience":640876,"relics_obtained":[{"floor":9,"key":"Blood Vial"}],"event_choices":[{"damage_healed":0,"gold_gain":0,"player_choice":"Success","damage_taken":26,"relics_obtained":["Anchor"],"max_hp_gain":0,"max_hp_loss":0,"event_name":"Scrap Ooze","floor":5,"gold_loss":0}],"is_beta":false,"boss_relics":[],"items_purged_floors":[],"is_endless":false,"potions_floor_spawned":[1,2,14],"killed_by":"The Guardian","ascension_level":18}}