{"host":"d61fcf2p3sjwe6yo","time":1611494713,"event":{"mods":["AchievementEnabler","BaseMod","Colored Map","Downfall","Minty Spire (QoL Compilation)","StSLib","SuperFastMode"],"gold_per_floor":[99,114,114,128,139,39,66,66,75,119,144,172,181,335,356,463,463,472,493,538,547,568,577,586,608,517,555,564,585,266,288,317,317,317,317],"floor_reached":33,"language":"ENG","playtime":1807,"items_purged":["Shame"],"score":620,"play_id":"267d38dd-c0f7-4ebf-afb8-79a6001ce919","local_time":"20210124162513","is_ascension_mode":true,"campfire_choices":[{"floor":1,"key":"RECALL"}],"circlet_count":0,"master_deck":["AscendersBane","sneckomod:Strike+1","sneckomod:Strike","sneckomod:Defend","sneckomod:Defend+1","sneckomod:Defend","sneckomod:TailWhip","sneckomod:SnekBite","sneckomod:Unknown","BattleHymn","Die Die Die+1","sneckomod:Unknown1Cost","sneckomod:UnknownDexterity","downfall:Haunted","downfall:Haunted","Clumsy","sneckomod:DangerNoodle","sneckomod:UnknownBlock","sneckomod:UnknownRareSkill","Backflip","Ghostly","Ghostly","Ghostly","Ghostly","Ghostly","Injury","sneckomod:UnknownX","Decay","sneckomod:UnknownClassGUARDIAN+1","Blur","sneckomod:QuickMove+1","Perseverance","sneckomod:UnknownClassGUARDIAN","sneckomod:UnknownCommonSkill","sneckomod:UnknownCommonAttack","sneckomod:UnknownClassPURPLE"],"relics":["sneckomod:SneckoSoul","downfall:HeartBlessingRed","CeramicFish","Centennial Puzzle","Darkstone Periapt","Cursed Key","downfall:HeartBlessingBlue","Blue Candle","hexamod:CandleOfCauterizing"],"acts_visited":["Exordium","TheCity"],"potions_floor_usage":[10,10,16,16,33,33],"damage_taken":[{"damage":1,"enemies":"Small Slimes","floor":2,"turns":3},{"damage":8,"enemies":"2 Louse","floor":4,"turns":3},{"damage":1,"enemies":"Cultist","floor":5,"turns":3},{"damage":0,"enemies":"Gremlin Nob","floor":10,"turns":3},{"damage":0,"enemies":"3 Louse","floor":11,"turns":2},{"damage":1,"enemies":"2 Fungi Beasts","floor":12,"turns":3},{"damage":16,"enemies":"Lots of Slimes","floor":15,"turns":2},{"damage":27,"enemies":"WA_ARCHETYPE_RETAIN","floor":16,"turns":7},{"damage":13,"enemies":"Chosen","floor":19,"turns":5},{"damage":1,"enemies":"Spheric Guardian","floor":22,"turns":5},{"damage":0,"enemies":"Snake Plant","floor":25,"turns":6},{"damage":14,"enemies":"Book of Stabbing","floor":27,"turns":7},{"damage":20,"enemies":"Chosen and Byrds","floor":29,"turns":7},{"damage":5,"enemies":"downfall:FleeingMerchant","floor":30,"turns":4},{"damage":15,"enemies":"3 Cultists","floor":31,"turns":5},{"damage":2,"enemies":"Centurion and Healer","floor":32,"turns":5},{"damage":40,"enemies":"IC_MUSHROOM_ARCHETYPE","floor":33,"turns":11}],"seed_played":"-6489848902661593967","potions_obtained":[{"floor":0,"key":"Block Potion"},{"floor":0,"key":"EssenceOfSteel"},{"floor":11,"key":"SpeedPotion"},{"floor":15,"key":"SteroidPotion"},{"floor":29,"key":"Dexterity Potion"},{"floor":32,"key":"champ:CounterPotion"}],"is_trial":false,"path_per_floor":["R","M","?","M","M","R","T","?","R","E","M","M","?","?","M","B",null,"R","M","?","?","M","?","T","M","R","E","R","M","$","M","M","B"],"character_chosen":"THE_SNECKO","items_purchased":["hexamod:CandleOfCauterizing"],"campfire_rested":0,"item_purchase_floors":[30],"current_hp_per_floor":[81,80,85,77,76,76,76,76,76,76,76,75,75,110,94,67,114,114,101,65,71,70,76,82,82,92,78,78,58,53,38,36,0,0,0],"gold":317,"neow_bonus":"THREE_SMALL_POTIONS","is_daily":false,"chose_seed":false,"campfire_upgraded":0,"win_rate":0.0,"timestamp":1611494713,"path_taken":["R","M","?","M","M","R","T","?","R","E","M","?","?","?","M","BOSS","R","M","?","?","?","?","T","?","R","E","R","M","$","M","M","BOSS"],"items_purchased_type":["Relic"],"build_version":"2020-12-22","purchased_purges":1,"victory":false,"max_hp_per_floor":[90,90,95,95,95,95,95,95,95,95,95,95,95,130,130,130,130,130,130,65,71,71,77,83,83,93,93,93,93,93,93,93,93,93,93],"card_choices":[{"not_picked":["sneckomod:SnekBeam","sneckomod:Nope","sneckomod:DiceBlock"],"picked":"SKIP","floor":2},{"not_picked":["sneckomod:Cheat","sneckomod:QuickMove"],"picked":"sneckomod:UnknownUncommonSkill","floor":4},{"not_picked":["sneckomod:Unknown1Cost","sneckomod:SoulCleanse"],"picked":"sneckomod:UnknownExhaust","floor":5},{"not_picked":["sneckomod:UnlimitedRolls","sneckomod:Rotation"],"picked":"sneckomod:Unknown1Cost","floor":10},{"not_picked":["sneckomod:UnknownBlock","sneckomod:RainOfDice"],"picked":"sneckomod:UnknownDexterity","floor":11},{"not_picked":["sneckomod:UnknownCommonAttack","sneckomod:IronFang"],"picked":"sneckomod:UnknownBlock","floor":12},{"not_picked":["sneckomod:UnknownStrike","sneckomod:TrashToTreasure"],"picked":"sneckomod:UnknownBlock","floor":15},{"not_picked":["sneckomod:SerpentMind","sneckomod:SoulExchange"],"picked":"sneckomod:UnknownRareSkill","floor":16},{"not_picked":["sneckomod:CheapStock+1","sneckomod:Unknown2Cost"],"picked":"sneckomod:UnknownBlock","floor":19},{"not_picked":["sneckomod:SoulDraw+1","sneckomod:QuickBite"],"picked":"sneckomod:UnknownX","floor":22},{"not_picked":["sneckomod:PureSnecko","sneckomod:WideSting"],"picked":"sneckomod:UnknownClassGUARDIAN+1","floor":25},{"not_picked":["sneckomod:UnlimitedRolls","sneckomod:UnknownClassGUARDIAN"],"picked":"sneckomod:QuickMove+1","floor":27},{"not_picked":["sneckomod:QuickBite","sneckomod:SoulDraw"],"picked":"sneckomod:UnknownClassGUARDIAN","floor":29},{"not_picked":["sneckomod:UnknownCommonAttack","sneckomod:RainOfDice"],"picked":"sneckomod:UnknownCommonSkill","floor":30},{"not_picked":["sneckomod:UnknownStrike+1","sneckomod:UnknownClassPURPLE"],"picked":"sneckomod:UnknownCommonAttack","floor":31},{"not_picked":["sneckomod:IronFang","sneckomod:ImprovisedGuard"],"picked":"sneckomod:UnknownClassPURPLE","floor":32}],"player_experience":682381,"relics_obtained":[{"floor":7,"key":"CeramicFish"},{"floor":10,"key":"Centennial Puzzle"},{"floor":27,"key":"Blue Candle"}],"event_choices":[{"damage_healed":0,"gold_gain":0,"player_choice":"Donut","damage_taken":0,"max_hp_gain":5,"max_hp_loss":0,"event_name":"Big Fish","floor":3,"gold_loss":0},{"cards_removed":["sneckomod:Strike"],"damage_healed":0,"gold_gain":0,"player_choice":"Card Removal","damage_taken":0,"max_hp_gain":0,"max_hp_loss":0,"event_name":"Wheel of Change","floor":8,"gold_loss":0},{"damage_healed":0,"gold_gain":0,"player_choice":"Became a Ghost","damage_taken":0,"max_hp_gain":0,"max_hp_loss":65,"event_name":"Ghosts","floor":20,"gold_loss":0,"cards_obtained":["Ghostly","Ghostly","Ghostly","Ghostly","Ghostly"]},{"damage_healed":0,"gold_gain":0,"player_choice":"Cursed","damage_taken":0,"max_hp_gain":0,"max_hp_loss":0,"event_name":"Wheel of Change","floor":23,"gold_loss":0,"cards_obtained":["Decay"]}],"is_beta":false,"boss_relics":[{"not_picked":["Philosopher\u0027s Stone","Sozu"],"picked":"Cursed Key"}],"items_purged_floors":[30],"is_endless":false,"potions_floor_spawned":[2,4,5,11,15,29,32],"killed_by":"IC_MUSHROOM_ARCHETYPE","ascension_level":12}}