{"host":"tcdxiwht2vajk3tk","time":1611520483,"event":{"mods":["AchievementEnabler","BaseMod","Beaked The Cultist","Colored Powertips","Conspire","Defuse TimeMaze Blight","Downfall","Halation","Hermit","Hubris","Infinite Spire","Lobotomy","LobotomyExtend","Minty Spire (QoL Compilation)","Replay The Spire","Shop Mod","StSLib","The Cursed","The Disciple","vexMod"],"gold_per_floor":[75,85,97,82,96,127,127,152,169,181,181,181,198,229,239,342,342,242,258,271,283,8,8,8,8],"floor_reached":23,"language":"ENG","playtime":2507,"items_purged":[],"score":278,"play_id":"bf24ac10-f62e-4adc-8718-eee751a6de1f","local_time":"20210124153443","is_ascension_mode":true,"campfire_choices":[{"data":"champ:Taunt","floor":18,"key":"SMITH"}],"circlet_count":0,"master_deck":["champ:Strike","champ:Strike","champ:Strike","champ:Strike","champ:Defend","champ:Defend","champ:Defend","champ:Defend","champ:Execute","champ:Taunt+1","champ:Backstep","champ:DefensiveShout","champ:HeartStrike","champ:StrikeOfGenius","champ:StrikeOfGenius","champ:RecklessLeap","champ:PerfectedStrike","champ:FocusedDefense","champ:Duel","champ:ViciousMockery","champ:StanceDance","champ:CheapShot","champ:BerserkersShout","champ:BringItOn","champ:BerserkerStyle","champ:Lariat"],"relics":["champ:ChampionCrown","Du-Vu Doll","LetterFromLob","Gremlin Horn","ReplayFunnel","hubris:CrystalStatue","halation:EternalFortune","Art of War","downfall:HeartBlessingGreen","Replay:WaspNest"],"acts_visited":["Exordium","TheCity"],"potions_floor_usage":[4,8,16,16,22,22],"damage_taken":[{"damage":22,"enemies":"Small Slimes","floor":2,"turns":4},{"damage":10,"enemies":"Jaw Worm","floor":3,"turns":5},{"damage":15,"enemies":"downfall:FleeingMerchant","floor":4,"turns":4},{"damage":14,"enemies":"conspire:RoseBush","floor":5,"turns":3},{"damage":60,"enemies":"3 Sentries","floor":6,"turns":10},{"damage":12,"enemies":"Lagavulin","floor":8,"turns":6},{"damage":0,"enemies":"2 Fungi Beasts","floor":9,"turns":3},{"damage":10,"enemies":"Exordium Thugs","floor":10,"turns":4},{"damage":11,"enemies":"Large Slime","floor":13,"turns":5},{"damage":20,"enemies":"Gremlin Nob","floor":14,"turns":4},{"damage":12,"enemies":"Blue Slaver","floor":15,"turns":4},{"damage":0,"enemies":"IC_STATUS_ARCHETYPE","floor":16,"turns":7},{"damage":29,"enemies":"3 Byrds","floor":19,"turns":7},{"damage":61,"enemies":"3 Cultists","floor":20,"turns":7},{"damage":51,"enemies":"Centurion and Healer","floor":21,"turns":6},{"damage":16,"enemies":"downfall:FleeingMerchant","floor":22,"turns":5},{"damage":21,"enemies":"Shelled Parasite and Fungi","floor":23,"turns":2}],"seed_played":"6781137122589175300","potions_obtained":[{"floor":3,"key":"Fire Potion"},{"floor":5,"key":"Adrenaline Potion"},{"floor":6,"key":"Reflective Coating"},{"floor":9,"key":"sneckomod:MuddlingPotion"},{"floor":14,"key":"Slimebound:ThreeZeroPotion"},{"floor":15,"key":"LifebloodPotion"},{"floor":20,"key":"LiquidBronze"}],"is_trial":false,"path_per_floor":["R","M","M","$","M","E","T","E","M","M","?","?","M","E","M","B",null,"R","M","M","M","$","M"],"character_chosen":"THE_CHAMP","items_purchased":["Replay:WaspNest"],"campfire_rested":0,"item_purchase_floors":[22],"current_hp_per_floor":[90,88,88,83,79,39,39,27,27,22,49,52,46,36,29,29,93,93,84,48,17,17,0,0,0],"gold":8,"neow_bonus":"ONE_RARE_RELIC","is_daily":false,"chose_seed":false,"campfire_upgraded":1,"win_rate":0.0,"timestamp":1611520483,"path_taken":["R","M","M","$","M","E","T","E","M","M","?","?","M","E","M","BOSS","R","M","M","M","$","M"],"items_purchased_type":["Relic"],"build_version":"2020-12-22","purchased_purges":0,"victory":false,"max_hp_per_floor":[90,90,90,90,90,90,90,90,90,90,90,93,93,93,93,93,93,93,93,93,93,93,93,93,93],"card_choices":[{"not_picked":["champ:ShieldSigil","champ:SwordSigil"],"picked":"champ:Backstep","floor":2},{"not_picked":["champ:HeartStrike","champ:ShieldSigil"],"picked":"champ:DefensiveShout","floor":3},{"not_picked":["champ:SkillfulDodge","champ:Circumvent"],"picked":"champ:HeartStrike","floor":4},{"not_picked":["champ:DefensiveShout","champ:EnGarde"],"picked":"champ:StrikeOfGenius","floor":5},{"not_picked":["champ:AdrenalArmor","champ:BladeFlurry"],"picked":"champ:StrikeOfGenius","floor":6},{"not_picked":["champ:BladeFlurry","champ:GutPunch"],"picked":"champ:RecklessLeap","floor":8},{"not_picked":["champ:DefensiveShout","champ:BerserkersShout"],"picked":"champ:PerfectedStrike","floor":9},{"not_picked":["champ:EnGarde","champ:PerfectedStrike"],"picked":"champ:FocusedDefense","floor":10},{"not_picked":["champ:Lariat","champ:BringItOn"],"picked":"champ:Duel","floor":13},{"not_picked":["champ:RecklessLeap","champ:BerserkersShout"],"picked":"champ:ViciousMockery","floor":14},{"not_picked":["champ:FancyFootwork","champ:BerserkerStyle"],"picked":"champ:StanceDance","floor":15},{"not_picked":["champ:HeavySlash","champ:Improvising"],"picked":"champ:CheapShot","floor":16},{"not_picked":["champ:DefensiveShout+1","champ:PreciseThrust+1"],"picked":"champ:BerserkersShout","floor":19},{"not_picked":["champ:Backstep","champ:BerserkersShout"],"picked":"champ:BringItOn","floor":20},{"not_picked":["champ:Parry","champ:Endure"],"picked":"champ:BerserkerStyle","floor":21},{"not_picked":["champ:FocusedBerserking","champ:StanceDance"],"picked":"champ:Lariat","floor":22}],"player_experience":1633950,"relics_obtained":[{"floor":2,"key":"LetterFromLob"},{"floor":6,"key":"Gremlin Horn"},{"floor":7,"key":"ReplayFunnel"},{"floor":8,"key":"hubris:CrystalStatue"},{"floor":14,"key":"Art of War"}],"event_choices":[],"is_beta":false,"boss_relics":[{"not_picked":["Runic Dome","vexMod:FluxCapacitor","conspire:SeveredTorchhead"]}],"items_purged_floors":[],"is_endless":false,"potions_floor_spawned":[3,5,6,9,14,15,20],"killed_by":"Shelled Parasite and Fungi","ascension_level":1}}