{"host":"fworv1gvvajf3x0f","time":1611480225,"event":{"mods":["AchievementEnabler","Aspiration","BaseMod","Better Match","Better Note","Better Sensory Stone","Better Third Choice","Better-Laid Plans","BetterRewards","Colored Map","Colored Powertips","Displayed Cursed Tome","Energized Spire","Good Game Mod","Highlight Path","Infinite Spire","Minty Spire (QoL Compilation)","Relic Stats","Replay The Spire","Spicy Shops","StSLib"],"gold_per_floor":[110,110,110,122,122,155,167,184,210,210,227,227,245,265,265,362,362,376,387,387,387],"floor_reached":20,"language":"ZHS","playtime":1824,"items_purged":[],"score":264,"play_id":"c4dbaee4-8f43-456a-8084-4b9488081713","local_time":"20210124172345","is_ascension_mode":true,"campfire_choices":[{"data":"Body Slam","floor":10,"key":"SMITH"},{"data":"Barricade","floor":12,"key":"SMITH"},{"data":"Shrug It Off","floor":15,"key":"SMITH"}],"circlet_count":0,"master_deck":["Defend_R","Defend_R","Defend_R","Bash","Barricade+1","Whirlwind","Body Slam+1","Flex","ReplayTheSpireMod:Stacked","Shrug It Off+1","Sentinel","Demon Form","Delirium","Sickly","Armaments+1","Battle Trance"],"relics":["Burning Blood","REME:ComplimentaryCards","NeowsBlessing","aspiration:HatOfInfinitePower","Mango","Orichalcum","Kintsugi"],"acts_visited":["Exordium","TheCity"],"potions_floor_usage":[14,16,18,19,20],"damage_taken":[{"damage":0,"enemies":"Jaw Worm","floor":1,"turns":1},{"damage":0,"enemies":"Small Slimes","floor":4,"turns":1},{"damage":0,"enemies":"3 Sentries","floor":6,"turns":2},{"damage":6,"enemies":"Cultist","floor":7,"turns":4},{"damage":13,"enemies":"Large Slime","floor":8,"turns":11},{"damage":24,"enemies":"Exordium Thugs","floor":11,"turns":5},{"damage":5,"enemies":"Red Slaver","floor":13,"turns":4},{"damage":0,"enemies":"Large Slime","floor":14,"turns":4},{"damage":44,"enemies":"Slime Boss","floor":16,"turns":11},{"damage":39,"enemies":"Shell Parasite","floor":18,"turns":9},{"damage":27,"enemies":"3 Byrds","floor":19,"turns":6},{"damage":29,"enemies":"Shelled Parasite and Fungi","floor":20,"turns":4}],"seed_played":"2156756988100789279","potions_obtained":[{"floor":1,"key":"DistilledChaos"},{"floor":11,"key":"Milkshake"},{"floor":13,"key":"Explosive Potion"},{"floor":14,"key":"PowerPotion"},{"floor":16,"key":"DuplicationPotion"},{"floor":19,"key":"FearPotion"}],"is_trial":false,"path_per_floor":["M","?","?","M","?","E","M","M","T","R","M","R","M","M","R","B",null,"M","M","M"],"character_chosen":"IRONCLAD","items_purchased":[],"campfire_rested":0,"item_purchase_floors":[],"current_hp_per_floor":[78,78,78,80,80,94,94,87,87,87,69,69,70,76,76,38,80,47,26,0,0],"gold":387,"neow_bonus":"THREE_ENEMY_KILL","is_daily":false,"chose_seed":false,"campfire_upgraded":3,"win_rate":0.0,"timestamp":1611480225,"path_taken":["M","?","?","M","?","E","M","M","T","R","M","R","M","?","R","BOSS","M","M","M"],"items_purchased_type":[],"build_version":"2020-12-22","purchased_purges":0,"victory":false,"max_hp_per_floor":[80,80,80,80,80,94,94,94,94,94,94,94,94,94,94,94,94,94,94,94,94],"relic_stats":{"counters":[12,62],"Orichalcum":[30],"obtain_stats":[{"REME:ComplimentaryCards":0,"NeowsBlessing":0,"Mango":6,"Orichalcum":9,"Kintsugi":17,"aspiration:HatOfInfinitePower":2,"Burning Blood":0},{"REME:ComplimentaryCards":0,"NeowsBlessing":0,"Mango":3,"Orichalcum":5,"Kintsugi":9,"aspiration:HatOfInfinitePower":1,"Burning Blood":0},{"REME:ComplimentaryCards":0,"NeowsBlessing":0,"Mango":4,"Orichalcum":19,"Kintsugi":43,"aspiration:HatOfInfinitePower":1,"Burning Blood":0}],"Burning Blood":56},"card_choices":[{"not_picked":["Thunderclap","Searing Blow"],"picked":"Whirlwind","floor":1},{"not_picked":["Blood for Blood","Clothesline","Warcry"],"picked":"SKIP","floor":4},{"not_picked":["Heavy Blade","Havoc","Cleave"],"picked":"SKIP","floor":6},{"not_picked":["True Grit","Armaments"],"picked":"Body Slam","floor":7},{"not_picked":["Sword Boomerang","Abandon"],"picked":"Flex","floor":8},{"not_picked":["Body Slam","Cleave"],"picked":"ReplayTheSpireMod:Stacked","floor":11},{"not_picked":["Twin Strike","Headbutt"],"picked":"Shrug It Off","floor":13},{"not_picked":["Dark Embrace","Thunderclap"],"picked":"Sentinel","floor":14},{"not_picked":["Exhume","Demonic Infusion"],"picked":"Demon Form","floor":16},{"not_picked":["Dark Embrace","Burning Pact"],"picked":"Armaments+1","floor":18},{"not_picked":["Havoc","Body Slam"],"picked":"Battle Trance","floor":19}],"player_experience":325759,"relics_obtained":[{"floor":6,"key":"Mango"},{"floor":9,"key":"Orichalcum"}],"event_choices":[{"damage_healed":0,"gold_gain":0,"player_choice":"Box","damage_taken":0,"relics_obtained":["aspiration:HatOfInfinitePower"],"max_hp_gain":0,"max_hp_loss":0,"event_name":"Big Fish","floor":2,"gold_loss":0,"cards_obtained":["Regret"]},{"cards_removed":["Strike_R"],"damage_healed":0,"gold_gain":0,"player_choice":"Offered Basic","damage_taken":0,"max_hp_gain":0,"max_hp_loss":0,"event_name":"Bonfire Elementals","floor":5,"gold_loss":0}],"is_beta":false,"boss_relics":[{"not_picked":["infinitespire:Cupcake","Runic Dome"],"picked":"Kintsugi"}],"items_purged_floors":[],"is_endless":false,"potions_floor_spawned":[1,11,13,14,16,19],"killed_by":"Shelled Parasite and Fungi","ascension_level":6}}