{"host":"yqm","time":1611480076,"event":{"mods":["ATMod(°¢èªMod)","BaseMod","Challenge The Spire","Colored Map","Colored Powertips","DeckTracker","Good Game Mod","Minty Spire (QoL Compilation)","MostiFishMod","Quick Restart","Relic Filter","Relic Stats","Remove Card Discount Mod","StSLib","noobMod","óô»ðÖ¸ÄÏ"],"gold_per_floor":[113,113,113,127,138,173,173,205,205,225,239,257,283,294,37,109,109,126,126,146,162,176,207,39,39,121,152,152,152,41,66,66,143,143],"floor_reached":33,"language":"ZHS","playtime":3378,"items_purged":["Strike_R","Strike_R","Strike_R","Strike_R","Defend_R","Defend_R","Defend_R","Bash+1","Defend_R+1"],"score":1204,"play_id":"e36a6cc7-c9fe-43e5-9329-7eaff862787e","local_time":"20210124172116","is_ascension_mode":true,"campfire_choices":[{"data":"AT_ShrugMaster","floor":7.0,"key":"SMITH"},{"floor":25.0,"key":"RECALL"},{"floor":32,"key":"DIG"}],"circlet_count":0,"master_deck":["AscendersBane","AT_LightSaberMaster+1","AT_ChampionStep+1","AT_ShrugMaster+1","Uppercut+1","Sword Boomerang+1","Headbutt+1","AT_ShrugMaster+1","Barricade+1","Body Slam+1","AT_ShrugMaster+1","Shrug It Off+1"],"relics":["Burning Blood","REME:ComplimentaryCards","ice","DaveBox","AT_ATBox","Civilization","SynthV:TestCard","Paper Frog","AT_SilvercatRing","Singing Bowl","Juzu Bracelet","Tiny Chest","GuanYuAspect","Ornamental Fan","AT_RedTearstoneRing","AT_GuinsooRageblade","Smiling Mask","Shovel","Vajra"],"acts_visited":["Exordium","TheCity"],"potions_floor_usage":[],"damage_taken":[{"damage":10.0,"enemies":"2 Louse","floor":1.0,"turns":3.0},{"damage":7.0,"enemies":"Small Slimes","floor":4.0,"turns":3.0},{"damage":0.0,"enemies":"Cultist","floor":5.0,"turns":3.0},{"damage":0.0,"enemies":"3 Sentries","floor":6.0,"turns":7.0},{"damage":0.0,"enemies":"Gremlin Nob","floor":8.0,"turns":3.0},{"damage":10.0,"enemies":"3 Louse","floor":10.0,"turns":2.0},{"damage":0.0,"enemies":"Exordium Thugs","floor":11.0,"turns":3.0},{"damage":0.0,"enemies":"Looter","floor":12.0,"turns":3.0},{"damage":0.0,"enemies":"Lagavulin","floor":13.0,"turns":3.0},{"damage":0.0,"enemies":"Blue Slaver","floor":14.0,"turns":3.0},{"damage":0.0,"enemies":"The Guardian","floor":16.0,"turns":3.0},{"damage":15.0,"enemies":"Shell Parasite","floor":18.0,"turns":3.0},{"damage":19.0,"enemies":"2 Thieves","floor":20.0,"turns":2.0},{"damage":24.0,"enemies":"Snake Plant","floor":21.0,"turns":2.0},{"damage":0.0,"enemies":"Cultist and Chosen","floor":22.0,"turns":3.0},{"damage":14.0,"enemies":"Book of Stabbing","floor":23.0,"turns":3.0},{"damage":25.0,"enemies":"Slavers","floor":27.0,"turns":3.0},{"damage":14.0,"enemies":"Book of Stabbing","floor":31.0,"turns":2.0},{"damage":2,"enemies":"Champ","floor":33,"turns":3}],"seed_played":"3686180889048131704","potions_obtained":[{"floor":1.0,"key":"AttackPotion"},{"floor":4.0,"key":"CultistPotion"},{"floor":8.0,"key":"ColorlessPotion"},{"floor":14.0,"key":"Swift Potion"}],"is_trial":false,"path_per_floor":["M","?","?","M","M","E","R","E","T","M","M","M","E","M","R","B",null,"M","?","M","M","M","E","$","R","T","E","$","?","R","E","R","B"],"character_chosen":"IRONCLAD","items_purchased":["Tiny Chest","AT_ShrugMaster","AT_RedTearstoneRing","AT_ShrugMaster","Shrug It Off"],"campfire_rested":0,"item_purchase_floors":[15,15,24,30,30],"current_hp_per_floor":[66,66,66,69,80,91,91,96,96,99,108,113,120,125,125,130,65,62,62,57,43,57,55,55,55,55,64,64,64,64,75,75,105,105],"gold":143,"neow_bonus":"UPGRADE_CARD","is_daily":false,"chose_seed":false,"campfire_upgraded":1,"win_rate":0.0,"timestamp":1611480076,"path_taken":["M","?","?","?","M","E","R","E","T","M","M","M","E","M","R","BOSS","M","?","M","M","M","E","?","R","T","E","$","?","R","E","R","BOSS"],"items_purchased_type":["Relic","Card","Relic","Card","Card"],"build_version":"2020-12-18","purchased_purges":9,"victory":false,"max_hp_per_floor":[77,77,77,81,86,91,91,96,96,103,108,113,120,125,125,130,65,72,72,77,84,91,98,98,98,98,105,105,105,105,112,112,117,117],"relic_stats":{"Shovel":1,"Singing Bowl":16,"counters":[19,57],"Ornamental Fan":[16],"Tiny Chest":0,"Juzu Bracelet":0,"Smiling Mask":0,"obtain_stats":[{"AT_RedTearstoneRing":24,"AT_ATBox":0,"DaveBox":0,"Singing Bowl":9,"Vajra":32,"ice":0,"Juzu Bracelet":13,"AT_SilvercatRing":8,"Smiling Mask":27,"Burning Blood":0,"Civilization":0,"REME:ComplimentaryCards":0,"SynthV:TestCard":1,"Shovel":31,"GuanYuAspect":17,"Ornamental Fan":23,"Tiny Chest":15,"AT_GuinsooRageblade":26,"Paper Frog":6},{"AT_RedTearstoneRing":16,"AT_ATBox":0,"DaveBox":0,"Singing Bowl":5,"Vajra":18,"ice":0,"Juzu Bracelet":9,"AT_SilvercatRing":5,"Smiling Mask":17,"Burning Blood":0,"Civilization":0,"REME:ComplimentaryCards":0,"SynthV:TestCard":1,"Shovel":18,"GuanYuAspect":11,"Ornamental Fan":16,"Tiny Chest":10,"AT_GuinsooRageblade":16,"Paper Frog":4},{"AT_RedTearstoneRing":49,"AT_ATBox":0,"DaveBox":0,"Singing Bowl":19,"Vajra":54,"ice":0,"Juzu Bracelet":30,"AT_SilvercatRing":19,"Smiling Mask":52,"Burning Blood":0,"Civilization":0,"REME:ComplimentaryCards":0,"SynthV:TestCard":3,"Shovel":54,"GuanYuAspect":36,"Ornamental Fan":49,"Tiny Chest":33,"AT_GuinsooRageblade":49,"Paper Frog":16}],"Burning Blood":58},"card_choices":[{"not_picked":["Cleave","Combust","Pummel"],"picked":"SKIP","floor":1.0},{"not_picked":["Armaments","Metallicize","Twin Strike","Cleave","Heavy Blade"],"picked":"SKIP","floor":4.0},{"not_picked":["Wild Strike","Evolve","Thunderclap","Rage","Sever Soul"],"picked":"SKIP","floor":5.0},{"not_picked":["Wild Strike","Evolve","Thunderclap","Rage","Sever Soul"],"picked":"SKIP","floor":5.0},{"not_picked":["Uppercut","AT_DiedThrough","Headbutt","Dual Wield"],"picked":"AT_ShrugMaster","floor":6.0},{"not_picked":["Rage","Thunderclap","Offering","Perfected Strike","Shrug It Off"],"picked":"SKIP","floor":8.0},{"not_picked":["Headbutt","Perfected Strike","Rage","MostiFishMod:FlyOverUtopia","Clash"],"picked":"Singing Bowl","floor":10.0},{"not_picked":["AT_BodySlamDance","Armaments","Clash","Anger"],"picked":"Uppercut","floor":11.0},{"not_picked":["Bloodletting","Armaments","Warcry","Thunderclap"],"picked":"Sword Boomerang","floor":12.0},{"not_picked":["Flame Barrier","Power Through","Ghostly Armor","Immolate","Warcry"],"picked":"Singing Bowl","floor":13.0},{"not_picked":["Iron Wave","Pommel Strike","Hemokinesis","True Grit"],"picked":"Headbutt","floor":14.0},{"not_picked":["MostiFishMod:TemporaryOutbreak","MostiFishMod:FireWorks","Immolate","MostiFishMod:UltimateDefense"],"picked":"Barricade","floor":16.0},{"not_picked":["Reckless Charge","Intimidate+1","Infernal Blade+1","Twin Strike","Headbutt"],"picked":"Singing Bowl","floor":18.0},{"not_picked":["Power Through+1","True Grit","Pommel Strike","Blood for Blood+1"],"picked":"Body Slam+1","floor":20.0},{"not_picked":["MostiFishMod:FireWorks","Sword Boomerang","AT_BodySlamDance","Sever Soul","Twin Strike"],"picked":"Singing Bowl","floor":21.0},{"not_picked":["Wild Strike","Cleave","Havoc","AT_IchimonjiDouble","Infernal Blade"],"picked":"Singing Bowl","floor":22.0},{"not_picked":["Sword Boomerang+1","Immolate","Blood for Blood","Twin Strike","MostiFishMod:BrandingRite"],"picked":"Singing Bowl","floor":23.0},{"not_picked":["Shockwave","Anger+1","Clash","Cleave","Havoc"],"picked":"Singing Bowl","floor":27.0},{"not_picked":["Cleave","True Grit","Iron Wave","AT_CaressingTears","AT_DrawKnifeCut"],"picked":"Singing Bowl","floor":31.0}],"player_experience":847347,"relics_obtained":[{"floor":1.0,"key":"SynthV:TestCard"},{"floor":6.0,"key":"Paper Frog"},{"floor":8.0,"key":"AT_SilvercatRing"},{"floor":9.0,"key":"Singing Bowl"},{"floor":13.0,"key":"Juzu Bracelet"},{"floor":23.0,"key":"Ornamental Fan"},{"floor":26.0,"key":"AT_GuinsooRageblade"},{"floor":27.0,"key":"Smiling Mask"},{"floor":31.0,"key":"Shovel"},{"floor":32,"key":"Vajra"}],"event_choices":[{"damage_healed":0.0,"max_hp_gain":0.0,"max_hp_loss":0.0,"gold_gain":0.0,"event_name":"Living Wall","player_choice":"Grow","floor":2.0,"gold_loss":0.0,"damage_taken":0.0,"cards_upgraded":["AT_ChampionStep"]},{"damage_healed":0.0,"max_hp_gain":0.0,"max_hp_loss":0.0,"gold_gain":0.0,"event_name":"Upgrade Shrine","player_choice":"Upgraded","floor":3.0,"gold_loss":0.0,"damage_taken":0.0,"cards_upgraded":["Bash"]},{"cards_removed":["Strike_R"],"damage_healed":0.0,"max_hp_gain":0.0,"max_hp_loss":0.0,"gold_gain":0.0,"event_name":"Purifier","player_choice":"Purged","floor":19.0,"gold_loss":0.0,"damage_taken":0.0},{"damage_healed":0.0,"max_hp_gain":0.0,"max_hp_loss":0.0,"gold_gain":0.0,"event_name":"Back to Basics","player_choice":"Simplicity","floor":29.0,"gold_loss":0.0,"damage_taken":0.0,"cards_upgraded":[]}],"is_beta":true,"boss_relics":[{"not_picked":["TakeMeEscape","Tiny House"],"picked":"GuanYuAspect"}],"items_purged_floors":[15,15,15,15,15,15,15,24,24],"is_endless":false,"potions_floor_spawned":[1,4,8,12,14,16,18,22,23],"killed_by":"Champ","ascension_level":20}}