{"host":"s8ccp9jw4vzp58l1","time":1611522791,"event":{"mods":["BaseMod","Colored Map","Colored Powertips","Minty Spire (QoL Compilation)","Relic Stats"],"gold_per_floor":[117,117,135,202,202,227,227,247,297,65,85,117,167,180,180,279,329,341,391,366,379,396,414,414,464,510,510,545,545,545],"floor_reached":29,"language":"ENG","playtime":4445,"items_purged":[],"score":305,"play_id":"9752b448-7b97-403a-968d-2688e20d2f83","local_time":"20210124151311","is_ascension_mode":false,"campfire_choices":[{"data":"Noxious Fumes","floor":7,"key":"SMITH"},{"data":"Quick Slash","floor":15,"key":"SMITH"},{"floor":24,"key":"REST"},{"data":"Envenom","floor":27,"key":"SMITH"}],"circlet_count":0,"master_deck":["Strike_G","Defend_G","Defend_G","Defend_G","Defend_G","Defend_G","Survivor","Neutralize","Cloak And Dagger","Poisoned Stab","Noxious Fumes+1","Deadly Poison","Quick Slash+1","Catalyst","Dagger Throw","Caltrops+1","Strike_G","Flying Knee","Envenom+1","Poisoned Stab","Acrobatics","Slice","Dagger Throw+1","Noxious Fumes","Bouncing Flask"],"relics":["Ring of the Snake","SsserpentHead","Gremlin Horn","Regal Pillow","PreservedInsect","Tiny House","The Courier","Ancient Tea Set","Gambling Chip"],"acts_visited":["Exordium","TheCity"],"potions_floor_usage":[11,12,12,12,12,14,16,16,22,22,22],"damage_taken":[{"damage":0,"enemies":"Small Slimes","floor":1,"turns":5},{"damage":1,"enemies":"Cultist","floor":3,"turns":5},{"damage":0,"enemies":"2 Louse","floor":4,"turns":2},{"damage":44,"enemies":"Gremlin Nob","floor":6,"turns":6},{"damage":0,"enemies":"Red Slaver","floor":8,"turns":4},{"damage":1,"enemies":"2 Fungi Beasts","floor":11,"turns":3},{"damage":8,"enemies":"Lagavulin","floor":12,"turns":6},{"damage":5,"enemies":"Blue Slaver","floor":14,"turns":4},{"damage":0,"enemies":"Hexaghost","floor":16,"turns":8},{"damage":7,"enemies":"Chosen","floor":18,"turns":5},{"damage":29,"enemies":"Shell Parasite","floor":21,"turns":7},{"damage":12,"enemies":"3 Cultists","floor":22,"turns":5},{"damage":20,"enemies":"Snecko","floor":23,"turns":5},{"damage":16,"enemies":"Book of Stabbing","floor":28,"turns":4},{"damage":36,"enemies":"Sentry and Sphere","floor":29,"turns":3}],"seed_played":"8073592036811884006","potions_obtained":[{"floor":1,"key":"BlessingOfTheForge"},{"floor":8,"key":"EntropicBrew"},{"floor":12,"key":"ColorlessPotion"},{"floor":14,"key":"GhostInAJar"},{"floor":17,"key":"Fire Potion"},{"floor":21,"key":"LiquidBronze"}],"is_trial":false,"path_per_floor":["M","?","M","M","?","E","R","M","T","$","M","E","?","M","R","B",null,"M","?","?","M","M","M","R","T","T","R","E","M"],"character_chosen":"THE_SILENT","items_purchased":["Regal Pillow","Catalyst"],"campfire_rested":1,"item_purchase_floors":[10,10],"current_hp_per_floor":[70,70,69,69,69,25,25,25,25,25,24,16,16,11,11,11,75,68,68,68,39,27,7,44,44,44,44,28,0,0],"gold":545,"neow_bonus":"REMOVE_CARD","is_daily":false,"chose_seed":false,"campfire_upgraded":3,"win_rate":0.0,"timestamp":1611522791,"path_taken":["M","?","M","?","?","E","R","M","T","$","M","E","?","M","R","BOSS","M","?","?","M","M","M","R","?","T","R","E","M"],"items_purchased_type":["Relic","Card"],"build_version":"2020-12-22","purchased_purges":0,"victory":false,"max_hp_per_floor":[70,70,70,70,70,70,70,70,70,70,70,70,70,70,70,70,75,75,75,75,75,75,75,75,75,75,75,75,75,75],"relic_stats":{"SsserpentHead":300,"Regal Pillow":15,"Gremlin Horn":[2,2],"counters":[15,72],"Gambling Chip":[3],"PreservedInsect":40,"obtain_stats":[{"SsserpentHead":2,"Regal Pillow":10,"Tiny House":17,"Gremlin Horn":6,"Gambling Chip":28,"PreservedInsect":12,"The Courier":25,"Ancient Tea Set":26,"Ring of the Snake":0},{"SsserpentHead":1,"Regal Pillow":5,"Tiny House":9,"Gremlin Horn":4,"Gambling Chip":14,"PreservedInsect":7,"The Courier":13,"Ancient Tea Set":13,"Ring of the Snake":0},{"SsserpentHead":5,"Regal Pillow":22,"Tiny House":43,"Gremlin Horn":18,"Gambling Chip":69,"PreservedInsect":31,"The Courier":65,"Ancient Tea Set":65,"Ring of the Snake":0}],"Ring of the Snake":[30]},"card_choices":[{"not_picked":["Eviscerate","Dagger Spray"],"picked":"Cloak And Dagger","floor":1},{"not_picked":["Prepared","Deflect"],"picked":"Poisoned Stab","floor":3},{"not_picked":["Flying Knee","Dash"],"picked":"Noxious Fumes","floor":4},{"not_picked":["Flechettes","Backflip"],"picked":"Deadly Poison","floor":6},{"not_picked":["Leg Sweep","All Out Attack"],"picked":"Quick Slash","floor":8},{"not_picked":["Blade Dance","PiercingWail"],"picked":"Dagger Throw","floor":11},{"not_picked":["Prepared","Cloak And Dagger"],"picked":"Caltrops","floor":12},{"not_picked":["Backstab","Calculated Gamble"],"picked":"Flying Knee","floor":14},{"not_picked":["Venomology","Corpse Explosion"],"picked":"Envenom","floor":16},{"not_picked":["Underhanded Strike","Leg Sweep"],"picked":"Poisoned Stab","floor":17},{"not_picked":["Prepared","Flying Knee"],"picked":"Acrobatics","floor":18},{"not_picked":["All Out Attack","Cloak And Dagger"],"picked":"Slice","floor":21},{"not_picked":["Prepared","Cloak And Dagger+1"],"picked":"Dagger Throw+1","floor":22},{"not_picked":["Dash","Predator"],"picked":"Noxious Fumes","floor":23},{"not_picked":["A Thousand Cuts","Dagger Spray"],"picked":"Bouncing Flask","floor":28}],"player_experience":174477,"relics_obtained":[{"floor":6,"key":"Gremlin Horn"},{"floor":12,"key":"PreservedInsect"},{"floor":25,"key":"The Courier"},{"floor":26,"key":"Ancient Tea Set"},{"floor":28,"key":"Gambling Chip"}],"event_choices":[{"damage_healed":0,"gold_gain":0,"player_choice":"Trade","damage_taken":0,"relics_obtained":["SsserpentHead"],"max_hp_gain":0,"max_hp_loss":0,"event_name":"FaceTrader","floor":2,"gold_loss":0},{"cards_removed":["Strike_G"],"damage_healed":0,"gold_gain":0,"player_choice":"Card Removal","damage_taken":0,"max_hp_gain":0,"max_hp_loss":0,"event_name":"The Cleric","floor":5,"gold_loss":50},{"cards_removed":["Strike_G"],"damage_healed":0,"gold_gain":0,"player_choice":"Took Card","damage_taken":0,"max_hp_gain":0,"max_hp_loss":0,"event_name":"NoteForYourself","floor":13,"gold_loss":0,"cards_obtained":["Strike_G"]},{"damage_healed":0,"gold_gain":0,"player_choice":"Ignored","damage_taken":0,"max_hp_gain":0,"max_hp_loss":0,"event_name":"Ghosts","floor":19,"gold_loss":0},{"cards_removed":["Strike_G"],"damage_healed":0,"gold_gain":0,"player_choice":"Gave Gold","damage_taken":0,"max_hp_gain":0,"max_hp_loss":0,"event_name":"Beggar","floor":20,"gold_loss":75}],"is_beta":false,"boss_relics":[{"not_picked":["Ectoplasm","SlaversCollar"],"picked":"Tiny House"}],"items_purged_floors":[],"is_endless":false,"potions_floor_spawned":[1,8,12,14,21],"killed_by":"Sentry and Sphere","ascension_level":0}}