{"host":"uv5ws9rdk87e8i5k","time":1611511034,"event":{"mods":["AchievementEnabler","BaseMod","Colored Map","Minty Spire (QoL Compilation)","StSLib","SuperFastMode"],"gold_per_floor":[112,128,145,157,174,209,209,209,209,209,227,261,280,306,306,405,705,725,735,755,227,243,243,275,50,76,106,106,118,136,152,152,257,257,276,295,315,328,343,374,374,403,403,432,44,75,87,97,97,97],"floor_reached":51,"language":"ENG","playtime":1225,"items_purged":["Strike_R","Strike_R"],"score":1239,"play_id":"ae347256-9847-4dfa-bffa-c9528e109efb","local_time":"20210124115714","is_ascension_mode":true,"campfire_choices":[{"data":"Inflame","floor":10.0,"key":"SMITH"},{"data":"Havoc","floor":15.0,"key":"SMITH"},{"data":"Limit Break","floor":23,"key":"SMITH"},{"data":"Seeing Red","floor":28,"key":"SMITH"},{"data":"Inflame","floor":32,"key":"SMITH"},{"data":"Limit Break","floor":41,"key":"SMITH"},{"data":"Heavy Blade","floor":49,"key":"SMITH"}],"circlet_count":0,"master_deck":["Strike_R","Strike_R","Strike_R","Defend_R","Defend_R","Defend_R","Defend_R","Bash","Violence","Sword Boomerang","Havoc+1","Inflame+1","Reaper+1","Pummel","Infernal Blade+1","Havoc","Havoc","Heavy Blade","Limit Break+1","CurseOfTheBell","Armaments+1","Battle Trance+1","Inflame+1","Anger","Anger","Seeing Red+1","Rage+1","Spot Weakness","Limit Break+1","Pommel Strike+1","Headbutt","Heavy Blade+1","Double Tap"],"relics":["Burning Blood","Happy Flower","Bottled Tornado","Toy Ornithopter","InkBottle","Calling Bell","Oddly Smooth Stone","Question Card","Old Coin","Boot","Bronze Scales","Strawberry","Vajra","War Paint","Omamori","Runic Dome","Nunchaku","HornCleat","Bag of Preparation","Blood Vial","FossilizedHelix","Dream Catcher"],"acts_visited":["Exordium","TheCity","TheBeyond"],"potions_floor_usage":[22,24,27,33,33,39,42,47,50,50],"damage_taken":[{"damage":2.0,"enemies":"2 Louse","floor":1.0,"turns":4.0},{"damage":8.0,"enemies":"Jaw Worm","floor":2.0,"turns":4.0},{"damage":11.0,"enemies":"Cultist","floor":3.0,"turns":4.0},{"damage":13.0,"enemies":"Red Slaver","floor":4.0,"turns":3.0},{"damage":25.0,"enemies":"3 Louse","floor":5.0,"turns":4.0},{"damage":20.0,"enemies":"3 Sentries","floor":6.0,"turns":6.0},{"damage":14.0,"enemies":"Large Slime","floor":11.0,"turns":4.0},{"damage":20.0,"enemies":"Gremlin Nob","floor":12.0,"turns":4.0},{"damage":11.0,"enemies":"Looter","floor":13.0,"turns":2.0},{"damage":30.0,"enemies":"Lagavulin","floor":14.0,"turns":5.0},{"damage":0.0,"enemies":"Slime Boss","floor":16.0,"turns":4.0},{"damage":5.0,"enemies":"Spheric Guardian","floor":18.0,"turns":3.0},{"damage":11.0,"enemies":"2 Thieves","floor":19.0,"turns":2.0},{"damage":10.0,"enemies":"Snecko","floor":20.0,"turns":3.0},{"damage":29,"enemies":"Snake Plant","floor":22,"turns":4},{"damage":46,"enemies":"Slavers","floor":24,"turns":3},{"damage":19,"enemies":"Book of Stabbing","floor":27,"turns":3},{"damage":0,"enemies":"3 Cultists","floor":29,"turns":3},{"damage":5,"enemies":"Sentry and Sphere","floor":30,"turns":3},{"damage":43,"enemies":"Snecko","floor":31,"turns":5},{"damage":24,"enemies":"Collector","floor":33,"turns":4},{"damage":10,"enemies":"Orb Walker","floor":35,"turns":2},{"damage":30,"enemies":"3 Shapes","floor":36,"turns":3},{"damage":0,"enemies":"3 Darklings","floor":37,"turns":2},{"damage":5,"enemies":"Maw","floor":38,"turns":4},{"damage":18,"enemies":"Sphere and 2 Shapes","floor":39,"turns":3},{"damage":16,"enemies":"Reptomancer","floor":40,"turns":3},{"damage":10,"enemies":"Nemesis","floor":42,"turns":3},{"damage":7,"enemies":"Giant Head","floor":44,"turns":4},{"damage":25,"enemies":"Reptomancer","floor":46,"turns":3},{"damage":30,"enemies":"4 Shapes","floor":47,"turns":3},{"damage":0,"enemies":"Maw","floor":48,"turns":3},{"damage":37,"enemies":"Donu and Deca","floor":50,"turns":5}],"seed_played":"-5556886300523606880","potions_obtained":[{"floor":2.0,"key":"DuplicationPotion"},{"floor":4.0,"key":"Strength Potion"},{"floor":5.0,"key":"Fire Potion"},{"floor":11.0,"key":"Ancient Potion"},{"floor":14.0,"key":"LiquidMemories"},{"floor":16.0,"key":"BloodPotion"},{"floor":18.0,"key":"DistilledChaos"},{"floor":20.0,"key":"SneckoOil"},{"floor":31,"key":"EssenceOfSteel"},{"floor":33,"key":"Regen Potion"},{"floor":37,"key":"ColorlessPotion"},{"floor":39,"key":"Weak Potion"},{"floor":40,"key":"AttackPotion"},{"floor":46,"key":"BloodPotion"},{"floor":47,"key":"Block Potion"},{"floor":48,"key":"CultistPotion"}],"is_trial":false,"path_per_floor":["M","M","M","M","M","E","?","?","T","R","M","E","M","E","R","B",null,"M","M","M","$","M","R","E","$","T","E","R","M","M","M","R","B",null,"M","M","M","M","M","E","R","E","T","E","$","E","M","M","R","B",null],"character_chosen":"IRONCLAD","items_purchased":["Boot","DistilledChaos","DistilledChaos","Bronze Scales","Vajra","DuplicationPotion","FossilizedHelix"],"campfire_rested":0,"item_purchase_floors":[21,21,21,21,25,25,45],"current_hp_per_floor":[76,74,69,62,55,71,71,71,71,71,63,49,48,36,36,57,74,80,75,80,80,66,66,49,49,49,58,58,81,87,50,50,72,83,85,77,87,87,87,77,77,78,78,87,87,87,85,87,87,87],"gold":97,"neow_bonus":"RANDOM_COLORLESS_2","is_daily":false,"chose_seed":false,"campfire_upgraded":7,"win_rate":0.0,"timestamp":1611511034,"path_taken":["M","M","M","M","M","E","?","?","T","R","M","E","M","E","R","BOSS","M","?","M","$","M","R","E","?","T","E","R","M","M","M","R","BOSS","M","M","M","M","M","E","R","E","T","E","$","E","M","M","R","BOSS"],"items_purchased_type":["Relic","Potion","Potion","Relic","Relic","Potion","Relic"],"build_version":"2020-12-22","purchased_purges":2,"victory":true,"max_hp_per_floor":[80,80,80,80,80,80,80,80,80,80,80,80,80,80,80,80,80,80,80,80,80,80,80,87,87,87,87,87,87,87,87,87,87,87,87,87,87,87,87,87,87,87,87,87,87,87,87,87,87,87],"card_choices":[{"not_picked":["Thinking Ahead","Secret Technique"],"picked":"Violence","floor":0.0},{"not_picked":["Reckless Charge","Shrug It Off"],"picked":"Sword Boomerang","floor":1.0},{"not_picked":["Fire Breathing","Thunderclap"],"picked":"Havoc","floor":2.0},{"not_picked":["Anger","Flex"],"picked":"Inflame","floor":3.0},{"not_picked":["Evolve","Spot Weakness"],"picked":"Reaper","floor":4.0},{"not_picked":["Twin Strike","Evolve"],"picked":"Pummel","floor":5.0},{"not_picked":["Clothesline","Body Slam"],"picked":"Infernal Blade","floor":6.0},{"not_picked":["Warcry","Sword Boomerang"],"picked":"Havoc","floor":11.0},{"not_picked":["Clothesline","Uppercut"],"picked":"Havoc","floor":12.0},{"not_picked":["Twin Strike","Dark Embrace","Armaments"],"picked":"SKIP","floor":13.0},{"not_picked":["Warcry","Clash"],"picked":"Heavy Blade","floor":14.0},{"not_picked":["Juggernaut","Fiend Fire"],"picked":"Limit Break","floor":16.0},{"not_picked":["Perfected Strike","Havoc","Shrug It Off"],"picked":"Armaments+1","floor":18.0},{"not_picked":["Fiend Fire","Clash","Perfected Strike+1"],"picked":"Battle Trance","floor":19.0},{"not_picked":["Anger","Flex","Armaments"],"picked":"Inflame","floor":20.0},{"not_picked":["Battle Trance","Second Wind","Havoc"],"picked":"Anger","floor":22},{"not_picked":["Battle Trance","Carnage+1","Flex"],"picked":"Anger","floor":24},{"not_picked":["Body Slam+1","Uppercut","Pommel Strike"],"picked":"Seeing Red","floor":27},{"not_picked":["Thunderclap","Wild Strike","Intimidate+1"],"picked":"Rage+1","floor":29},{"not_picked":["Body Slam","Fire Breathing","Blood for Blood","Clothesline+1"],"picked":"SKIP","floor":30},{"not_picked":["Intimidate","Ghostly Armor","Flex"],"picked":"Spot Weakness","floor":31},{"not_picked":["Immolate","Fiend Fire","Double Tap"],"picked":"Limit Break","floor":33},{"not_picked":["Infernal Blade+1","Armaments","Evolve+1"],"picked":"Pommel Strike+1","floor":35},{"not_picked":["Clothesline","Rampage","Anger","True Grit+1"],"picked":"SKIP","floor":36},{"not_picked":["Searing Blow","Rupture+1","Clash+1","Clothesline+1"],"picked":"SKIP","floor":37},{"not_picked":["Uppercut","Havoc","Shockwave","Rage+1"],"picked":"SKIP","floor":38},{"not_picked":["Twin Strike+1","Evolve","Shrug It Off+1","Combust"],"picked":"SKIP","floor":39},{"not_picked":["Disarm+1","Body Slam","Sword Boomerang","Juggernaut"],"picked":"SKIP","floor":40},{"not_picked":["Cleave+1","Sword Boomerang+1","Burning Pact+1"],"picked":"Headbutt","floor":42},{"not_picked":["Perfected Strike+1","Headbutt+1","Second Wind"],"picked":"Heavy Blade","floor":44},{"not_picked":["Twin Strike+1","Shockwave+1","Anger+1"],"picked":"Double Tap","floor":46},{"not_picked":["Rupture+1","Body Slam+1","Anger+1","Rampage"],"picked":"SKIP","floor":47},{"not_picked":["Entrench+1","Shrug It Off+1","Metallicize","Wild Strike"],"picked":"SKIP","floor":48}],"player_experience":230034,"relics_obtained":[{"floor":6.0,"key":"Happy Flower"},{"floor":9.0,"key":"Bottled Tornado"},{"floor":12.0,"key":"Toy Ornithopter"},{"floor":14.0,"key":"InkBottle"},{"floor":17.0,"key":"Oddly Smooth Stone"},{"floor":17.0,"key":"Question Card"},{"floor":17.0,"key":"Old Coin"},{"floor":24,"key":"Strawberry"},{"floor":26,"key":"War Paint"},{"floor":27,"key":"Omamori"},{"floor":40,"key":"Nunchaku"},{"floor":42,"key":"HornCleat"},{"floor":43,"key":"Bag of Preparation"},{"floor":44,"key":"Blood Vial"},{"floor":46,"key":"Dream Catcher"}],"event_choices":[{"damage_healed":0.0,"max_hp_gain":0.0,"max_hp_loss":0.0,"gold_gain":0.0,"event_name":"Living Wall","player_choice":"Grow","floor":7.0,"gold_loss":0.0,"damage_taken":0.0,"cards_upgraded":["Reaper"]},{"cards_removed":["Writhe"],"damage_healed":0.0,"max_hp_gain":0.0,"max_hp_loss":0.0,"gold_gain":0.0,"event_name":"Fountain of Cleansing","player_choice":"Removed Curses","floor":8.0,"gold_loss":0.0,"damage_taken":0.0}],"is_beta":false,"boss_relics":[{"not_picked":["Empty Cage","SacredBark"],"picked":"Calling Bell"},{"not_picked":["Snecko Eye","Mark of Pain"],"picked":"Runic Dome"}],"items_purged_floors":[21,45],"is_endless":false,"potions_floor_spawned":[2,4,5,11,14,16,18,20,31,33,37,39,40,46,47,48],"ascension_level":7}}