{"host":"uv5ws9rdk87e8i5k","time":1611462648,"event":{"mods":["AchievementEnabler","BaseMod","Colored Map","Minty Spire (QoL Compilation)","StSLib","SuperFastMode"],"gold_per_floor":[117,192,208,222,222,250,250,269,295,326,326,68,82,109,109,205,205,216,228,228,243,262,297,41,41,41,41,59,59,91,105,105,207,207,219,237,251,51,68,102,102,136,136,151,151,151,162,192,192,192],"floor_reached":51,"language":"ENG","playtime":1628,"items_purged":["Strike_R","Defend_R","Defend_R"],"score":1199,"play_id":"fa6b2791-9855-4d2b-a93c-0bc79f9438da","local_time":"20210123223048","is_ascension_mode":true,"campfire_choices":[{"data":"Pommel Strike","floor":7.0,"key":"SMITH"},{"data":"Twin Strike","floor":11.0,"key":"SMITH"},{"data":"Inflame","floor":15.0,"key":"SMITH"},{"floor":25.0,"key":"REST"},{"floor":27.0,"key":"DIG"},{"floor":29.0,"key":"DIG"},{"data":"Limit Break","floor":32.0,"key":"SMITH"},{"floor":41,"key":"DIG"},{"floor":46,"key":"DIG"},{"floor":49,"key":"DIG"}],"circlet_count":0,"master_deck":["Strike_R","Strike_R","Strike_R","Strike_R","Defend_R","Defend_R","Bash","Headbutt","Battle Trance","Pommel Strike+1","Twin Strike+1","Inflame+1","Battle Trance","Double Tap","CurseOfTheBell","Pummel+1","Seeing Red+1","Demon Form","True Grit","Havoc","Heavy Blade+1","Heavy Blade+1","Whirlwind","Limit Break+1","Offering","Demon Form","Havoc+1","Headbutt+1","Decay","Brutality"],"relics":["Burning Blood","Incense Burner","Red Skull","Ancient Tea Set","PreservedInsect","Dream Catcher","Centennial Puzzle","Orichalcum","Calling Bell","Vajra","Question Card","Prayer Wheel","Shovel","Anchor","Singing Bowl","Bag of Preparation","Happy Flower","Paper Frog","Cursed Key","Letter Opener","Lantern","Mango","Regal Pillow","StoneCalendar","InkBottle","Toy Ornithopter"],"acts_visited":["Exordium","TheCity","TheBeyond"],"potions_floor_usage":[40,50],"damage_taken":[{"damage":6.0,"enemies":"Cultist","floor":1.0,"turns":3.0},{"damage":5.0,"enemies":"2 Louse","floor":3.0,"turns":5.0},{"damage":6.0,"enemies":"Jaw Worm","floor":4.0,"turns":5.0},{"damage":27.0,"enemies":"Lagavulin","floor":6.0,"turns":8.0},{"damage":6.0,"enemies":"Lots of Slimes","floor":8.0,"turns":2.0},{"damage":0.0,"enemies":"Gremlin Nob","floor":10.0,"turns":2.0},{"damage":3.0,"enemies":"Exordium Thugs","floor":13.0,"turns":2.0},{"damage":10.0,"enemies":"3 Sentries","floor":14.0,"turns":5.0},{"damage":10.0,"enemies":"Hexaghost","floor":16.0,"turns":5.0},{"damage":7.0,"enemies":"Chosen","floor":18.0,"turns":4.0},{"damage":8.0,"enemies":"Shell Parasite","floor":19.0,"turns":3.0},{"damage":26.0,"enemies":"Shelled Parasite and Fungi","floor":21.0,"turns":4.0},{"damage":24.0,"enemies":"Cultist and Chosen","floor":22.0,"turns":5.0},{"damage":39.0,"enemies":"Gremlin Leader","floor":23.0,"turns":4.0},{"damage":0.0,"enemies":"Centurion and Healer","floor":28.0,"turns":2.0},{"damage":3.0,"enemies":"Slavers","floor":30.0,"turns":3.0},{"damage":18.0,"enemies":"Snake Plant","floor":31.0,"turns":3.0},{"damage":10.0,"enemies":"Automaton","floor":33.0,"turns":4.0},{"damage":3.0,"enemies":"3 Darklings","floor":35.0,"turns":4.0},{"damage":6.0,"enemies":"3 Shapes","floor":36.0,"turns":1.0},{"damage":6.0,"enemies":"Transient","floor":37.0,"turns":5.0},{"damage":37.0,"enemies":"4 Shapes","floor":39.0,"turns":3.0},{"damage":0,"enemies":"Nemesis","floor":40,"turns":3},{"damage":6,"enemies":"Reptomancer","floor":42,"turns":1},{"damage":6,"enemies":"Maw","floor":44,"turns":5},{"damage":5,"enemies":"Sphere and 2 Shapes","floor":47,"turns":3},{"damage":0,"enemies":"Giant Head","floor":48,"turns":3},{"damage":90,"enemies":"Time Eater","floor":50,"turns":7}],"seed_played":"-2614939503558123025","potions_obtained":[{"floor":6.0,"key":"Ancient Potion"},{"floor":13.0,"key":"BlessingOfTheForge"},{"floor":14.0,"key":"LiquidBronze"},{"floor":21.0,"key":"BloodPotion"},{"floor":22.0,"key":"FearPotion"},{"floor":23.0,"key":"SteroidPotion"},{"floor":31.0,"key":"Explosive Potion"},{"floor":35.0,"key":"Explosive Potion"},{"floor":36.0,"key":"Swift Potion"},{"floor":44,"key":"SteroidPotion"}],"is_trial":false,"path_per_floor":["M","?","M","M","?","E","R","M","T","E","R","$","M","E","R","B",null,"M","M","?","M","M","E","$","R","T","R","M","R","E","M","R","B",null,"M","M","M","$","M","E","R","E","T","M","?","R","M","E","R","B",null],"character_chosen":"IRONCLAD","items_purchased":["Inflame","Centennial Puzzle","Anchor","DuplicationPotion"],"campfire_rested":1,"item_purchase_floors":[12,12,24,38],"current_hp_per_floor":[72,61,62,62,50,29,29,29,29,35,35,35,38,34,34,30,72,71,69,69,49,31,12,12,33,33,33,41,41,46,36,36,32,78,82,86,88,88,61,67,67,81,81,85,87,87,92,98,98,19],"gold":192,"neow_bonus":"ONE_RARE_RELIC","is_daily":false,"chose_seed":false,"campfire_upgraded":4,"win_rate":0.0,"timestamp":1611462648,"path_taken":["M","?","M","M","?","E","R","M","T","E","R","?","?","E","R","BOSS","M","M","?","?","M","E","$","R","T","R","M","R","E","M","R","BOSS","M","M","M","$","M","E","R","E","T","M","?","R","M","E","R","BOSS"],"items_purchased_type":["Card","Relic","Relic","Potion"],"build_version":"2020-12-22","purchased_purges":3,"victory":true,"max_hp_per_floor":[72,72,72,72,72,72,72,72,72,72,72,72,72,72,72,72,72,72,72,72,72,72,72,72,72,72,72,74,74,76,78,78,78,78,82,86,88,88,92,92,92,106,106,110,112,112,116,116,116,116],"card_choices":[{"not_picked":["Warcry","Clothesline"],"picked":"Headbutt","floor":1.0},{"not_picked":["Armaments","Flex"],"picked":"Battle Trance","floor":3.0},{"not_picked":["Intimidate","Seeing Red"],"picked":"Pommel Strike","floor":4.0},{"not_picked":["Ghostly Armor","Sword Boomerang","Pummel"],"picked":"SKIP","floor":6.0},{"not_picked":["Entrench","Metallicize","Perfected Strike"],"picked":"SKIP","floor":8.0},{"not_picked":["Perfected Strike","Disarm"],"picked":"Twin Strike","floor":10.0},{"not_picked":["Hemokinesis","Sword Boomerang","True Grit"],"picked":"SKIP","floor":13.0},{"not_picked":["Iron Wave","Clash"],"picked":"Battle Trance","floor":14.0},{"not_picked":["Barricade","Impervious"],"picked":"Double Tap","floor":16.0},{"not_picked":["Evolve+1","Twin Strike","Clash"],"picked":"Pummel+1","floor":18.0},{"not_picked":["Dark Embrace","Thunderclap","Shrug It Off"],"picked":"Burning Pact+1","floor":18.0},{"not_picked":["Combust","Thunderclap","Sever Soul"],"picked":"Seeing Red+1","floor":19.0},{"not_picked":["Twin Strike","Second Wind","Pommel Strike"],"picked":"Demon Form","floor":19.0},{"not_picked":["Hemokinesis","Wild Strike+1","Perfected Strike","Entrench"],"picked":"SKIP","floor":21.0},{"not_picked":["Hemokinesis","Anger","Thunderclap+1","Twin Strike"],"picked":"SKIP","floor":21.0},{"not_picked":["Juggernaut","Twin Strike+1","Flex"],"picked":"Havoc","floor":22.0},{"not_picked":["Dropkick","Iron Wave","Twin Strike"],"picked":"Heavy Blade+1","floor":22.0},{"not_picked":["Thunderclap+1","Ghostly Armor","Evolve"],"picked":"Heavy Blade+1","floor":23.0},{"not_picked":["Juggernaut","Thunderclap","Entrench"],"picked":"Whirlwind","floor":28.0},{"not_picked":["Perfected Strike","Armaments","Flex","Bloodletting"],"picked":"Singing Bowl","floor":28.0},{"not_picked":["Power Through","Headbutt","Havoc","Heavy Blade"],"picked":"Singing Bowl","floor":30.0},{"not_picked":["Intimidate","Sever Soul+1","Burning Pact"],"picked":"Limit Break","floor":31.0},{"not_picked":["Dark Embrace+1","Ghostly Armor","Evolve","Pommel Strike"],"picked":"Singing Bowl","floor":31.0},{"not_picked":["Corruption","Impervious","Immolate"],"picked":"Offering","floor":33.0},{"not_picked":["Twin Strike","Iron Wave+1","Body Slam+1","Clothesline+1"],"picked":"Singing Bowl","floor":35.0},{"not_picked":["Second Wind+1","Shockwave+1","Body Slam+1","Pommel Strike"],"picked":"Singing Bowl","floor":35.0},{"not_picked":["Juggernaut","Clothesline","Clash+1","Flex+1"],"picked":"Singing Bowl","floor":36.0},{"not_picked":["Infernal Blade+1","Evolve","Carnage","Twin Strike+1"],"picked":"Singing Bowl","floor":36.0},{"not_picked":["Wild Strike","Hemokinesis+1","Disarm+1","Entrench"],"picked":"Singing Bowl","floor":37.0},{"not_picked":["Hemokinesis+1","True Grit","Body Slam+1"],"picked":"Demon Form","floor":37.0},{"not_picked":["Sentinel+1","Wild Strike","Rage","Flex+1"],"picked":"Singing Bowl","floor":39.0},{"not_picked":["Perfected Strike","Clothesline","Reckless Charge+1","Feed"],"picked":"Singing Bowl","floor":39.0},{"not_picked":["Perfected Strike+1","Flame Barrier+1","Reckless Charge+1"],"picked":"Havoc+1","floor":40},{"not_picked":["Sever Soul+1","Flame Barrier","Second Wind+1"],"picked":"Headbutt+1","floor":42},{"not_picked":["Anger+1","Headbutt+1","True Grit","Shockwave+1"],"picked":"Singing Bowl","floor":44},{"not_picked":["Clothesline","Metallicize+1","True Grit","Flex+1"],"picked":"Singing Bowl","floor":44},{"not_picked":["Swift Strike","Impatience","Mind Blast","Flash of Steel"],"picked":"Singing Bowl","floor":45},{"not_picked":["Clothesline","Wild Strike","Shrug It Off","Sword Boomerang+1"],"picked":"Singing Bowl","floor":47},{"not_picked":["Searing Blow+1","Power Through","Clash","Flame Barrier"],"picked":"Singing Bowl","floor":47},{"not_picked":["Bludgeon","Cleave","Dual Wield"],"picked":"Brutality","floor":48}],"player_experience":216487,"relics_obtained":[{"floor":6.0,"key":"Ancient Tea Set"},{"floor":9.0,"key":"PreservedInsect"},{"floor":10.0,"key":"Dream Catcher"},{"floor":14.0,"key":"Orichalcum"},{"floor":17.0,"key":"Vajra"},{"floor":17.0,"key":"Question Card"},{"floor":17.0,"key":"Prayer Wheel"},{"floor":23.0,"key":"Shovel"},{"floor":26.0,"key":"Singing Bowl"},{"floor":27.0,"key":"Bag of Preparation"},{"floor":29.0,"key":"Happy Flower"},{"floor":30.0,"key":"Paper Frog"},{"floor":40,"key":"Letter Opener"},{"floor":41,"key":"Lantern"},{"floor":42,"key":"Mango"},{"floor":43,"key":"Regal Pillow"},{"floor":46,"key":"StoneCalendar"},{"floor":48,"key":"InkBottle"},{"floor":49,"key":"Toy Ornithopter"}],"event_choices":[{"damage_healed":0.0,"max_hp_gain":0.0,"max_hp_loss":0.0,"gold_gain":75.0,"event_name":"World of Goop","player_choice":"Gather Gold","floor":2.0,"gold_loss":0.0,"damage_taken":11.0},{"damage_healed":0.0,"max_hp_gain":0.0,"max_hp_loss":0.0,"gold_gain":0.0,"event_name":"Scrap Ooze","player_choice":"Success","floor":5.0,"gold_loss":0.0,"damage_taken":12.0,"relics_obtained":["Red Skull"]},{"damage_healed":0.0,"max_hp_gain":0.0,"max_hp_loss":0.0,"gold_gain":0.0,"cards_transformed":["Burning Pact"],"event_name":"Transmorgrifier","player_choice":"Transformed","floor":20.0,"gold_loss":0.0,"damage_taken":0.0,"cards_obtained":["True Grit"]},{"damage_healed":0,"gold_gain":0,"player_choice":"Memory 1","damage_taken":0,"max_hp_gain":0,"max_hp_loss":0,"event_name":"SensoryStone","floor":45,"gold_loss":0}],"is_beta":false,"boss_relics":[{"not_picked":["Pandora\u0027s Box","SacredBark"],"picked":"Calling Bell"},{"not_picked":["Runic Cube","Snecko Eye"],"picked":"Cursed Key"}],"items_purged_floors":[12,24,38],"is_endless":false,"potions_floor_spawned":[6,13,14,21,22,23,31,35,36,44],"ascension_level":4}}