{"host":"r5cycnjhcbwgkpkf","time":1611457275,"event":{"mods":["2.2 Compatiblity","AchievementEnabler","BaseMod","Bestiary","Better Match","Better Note","Better Skull","Better Third Choice","BetterRewards","Colored Map","Colored Powertips","Downfall","Infinite Spire","Minty Spire (QoL Compilation)","Spicy Shops","StSLib"],"gold_per_floor":[109,109,120,45,56,56,82,82,82,107,120,120,15,33,33,106,106,120,136,136,0,12,12,41,54,54,54,66,66,66,66,66,143,143,156,156,156,175,194,194,194,224,224,224,243,256,256,275,275,275,275],"floor_reached":50,"language":"ENG","playtime":2527,"items_purged":["Strike_B","Strike_B"],"score":1183,"play_id":"ff41f830-4fd7-491f-9013-de23b823e2d3","local_time":"20210123190115","is_ascension_mode":true,"campfire_choices":[{"data":"Genetic Algorithm","floor":6,"key":"SMITH"},{"data":"Consume","floor":8,"key":"SMITH"},{"data":"Zap","floor":12,"key":"SMITH"},{"floor":15,"key":"REST"},{"data":"Dualcast","floor":23,"key":"SMITH"},{"floor":30,"key":"REST"},{"data":"Storm","floor":32,"key":"SMITH"},{"floor":40,"key":"REST"},{"floor":44,"key":"REST"},{"data":"Buffer","floor":47,"key":"SMITH"},{"data":"Defend_B","floor":49,"key":"SMITH"}],"circlet_count":0,"master_deck":["AscendersBane","Defend_B","Defend_B","Defend_B+1","Zap+1","Dualcast+1","Storm+1","Consume+1","Rebound+1","Melter+1","Genetic Algorithm+1","Rip and Tear+1","Cold Snap+1","Steam+1","Beam Cell+1","Cold Snap+1","Rebound+1","Fusion+1","Doom and Gloom+1","Seek+1","Hyperbeam+1","Stack+1","Skim+1","Ball Lightning+1","Rip and Tear+1","Conserve Battery+1","Buffer+1","Gash+1","Parasite"],"relics":["Cracked Core","Lee\u0027s Waffle","HornCleat","Molten Egg 2","Toxic Egg 2","Bird Faced Urn","FossilizedHelix","Astrolabe","Eternal Feather","Pear","hexamod:BolsterEngine","DataDisk","Snecko Eye","TungstenRod","Darkstone Periapt","infinitespire:Beetle Shell"],"acts_visited":["Exordium","TheCity","TheBeyond"],"potions_floor_usage":[50,50],"damage_taken":[{"damage":1,"enemies":"Small Slimes","floor":1,"turns":3},{"damage":0,"enemies":"Cultist","floor":3,"turns":2},{"damage":0,"enemies":"Jaw Worm","floor":5,"turns":3},{"damage":20,"enemies":"Gremlin Nob","floor":7,"turns":4},{"damage":8,"enemies":"3 Sentries","floor":10,"turns":6},{"damage":0,"enemies":"Exordium Wildlife","floor":11,"turns":3},{"damage":0,"enemies":"Blue Slaver","floor":14,"turns":2},{"damage":0,"enemies":"Slime Boss","floor":16,"turns":7},{"damage":0,"enemies":"Shell Parasite","floor":18,"turns":3},{"damage":0,"enemies":"3 Byrds","floor":19,"turns":3},{"damage":5,"enemies":"Centurion and Healer","floor":22,"turns":5},{"damage":36,"enemies":"Gremlin Leader","floor":24,"turns":7},{"damage":0,"enemies":"Cultist and Chosen","floor":25,"turns":3},{"damage":17,"enemies":"Chosen and Byrds","floor":28,"turns":5},{"damage":83,"enemies":"Champ","floor":33,"turns":12},{"damage":20,"enemies":"3 Darklings","floor":35,"turns":4},{"damage":0,"enemies":"Orb Walker","floor":38,"turns":3},{"damage":21,"enemies":"Transient","floor":39,"turns":5},{"damage":31,"enemies":"Nemesis","floor":42,"turns":7},{"damage":0,"enemies":"Writhing Mass","floor":45,"turns":4},{"damage":16,"enemies":"Maw","floor":46,"turns":7},{"damage":0,"enemies":"Sphere and 2 Shapes","floor":48,"turns":3},{"damage":109,"enemies":"Awakened One","floor":50,"turns":14}],"seed_played":"-6866772320115179086","potions_obtained":[{"floor":1,"key":"Block Potion"},{"floor":2,"key":"ColorlessPotion"},{"floor":28,"key":"PowerPotion"}],"is_trial":false,"path_per_floor":["M","?","M","$","M","R","E","R","T","E","M","R","$","M","R","B",null,"M","M","?","?","M","R","E","M","T","?","M","AVR","R","T","R","B",null,"M","AVR","?","M","M","R","?","E","T","R","M","M","R","M","R","B"],"character_chosen":"DEFECT","items_purchased":["Lee\u0027s Waffle","HornCleat","Storm","Molten Egg 2","Consume","Rebound+1","Melter+1","Genetic Algorithm","Rebound+1","Fusion+1"],"campfire_rested":4,"item_purchase_floors":[0,0,0,0,0,0,0,0,13,13],"current_hp_per_floor":[81,81,81,81,81,81,61,61,61,55,55,55,55,55,79,81,82,82,82,82,82,77,77,43,43,53,53,38,38,80,80,92,11,72,54,54,54,56,39,81,81,54,54,92,98,82,97,98,98,0,0],"gold":275,"neow_bonus":"","is_daily":false,"chose_seed":false,"campfire_upgraded":7,"win_rate":0.0,"timestamp":1611457275,"path_taken":["M","?","M","$","?","R","E","R","T","E","M","R","$","M","R","BOSS","M","M","?","?","M","R","E","M","T","?","M","AVR","R","?","R","BOSS","M","AVR","?","M","M","R","?","E","T","R","M","M","R","M","R","BOSS"],"items_purchased_type":["Relic","Relic","Card","Relic","Card","Card","Card","Card","Card","Card"],"build_version":"2020-12-22","purchased_purges":2,"victory":false,"max_hp_per_floor":[82,82,82,82,82,82,82,82,82,82,82,82,82,82,82,82,82,82,82,82,82,82,82,82,82,92,92,92,92,92,92,92,92,92,92,92,92,92,92,92,92,92,92,92,98,98,98,98,98,98,98],"card_choices":[{"not_picked":["Hello World","Glacier"],"picked":"Rip and Tear+1","floor":1},{"not_picked":["Genetic Algorithm","Hello World"],"picked":"Cold Snap+1","floor":3},{"not_picked":["Steam Power","Capacitor","Steam"],"picked":"SKIP","floor":5},{"not_picked":["Barrage+1","Hello World"],"picked":"Steam+1","floor":7},{"not_picked":["Barrage+1","Reprogram+1"],"picked":"Beam Cell+1","floor":10},{"not_picked":["Go for the Eyes+1","Steam Power+1"],"picked":"Cold Snap+1","floor":11},{"not_picked":["Recycle+1","Coolheaded+1"],"picked":"Doom and Gloom+1","floor":14},{"not_picked":["Rainbow+1","Meteor Strike+1"],"picked":"Seek+1","floor":16},{"not_picked":["Defragment","Turbo+1"],"picked":"Ball Lightning+1","floor":18},{"not_picked":["Hologram+1","Turbo+1","Heatsinks"],"picked":"SKIP","floor":19},{"not_picked":["Hyperbeam+1","Compile Driver+1"],"picked":"Rip and Tear+1","floor":22},{"not_picked":["Hologram+1","Compile Driver+1"],"picked":"Conserve Battery+1","floor":24},{"not_picked":["Fission+1","Sweeping Beam+1","Double Energy+1"],"picked":"SKIP","floor":25},{"not_picked":["Reprogram+1","Conserve Battery+1","Compile Driver+1"],"picked":"SKIP","floor":28},{"not_picked":["Amplify+1","Thunder Strike+1"],"picked":"Buffer","floor":33},{"not_picked":["Redo+1","Sweeping Beam+1"],"picked":"Gash+1","floor":35},{"not_picked":["Beam Cell+1","Barrage+1","Stack+1"],"picked":"SKIP","floor":38},{"not_picked":["Turbo+1","Genetic Algorithm+1","Beam Cell+1"],"picked":"SKIP","floor":39},{"not_picked":["Hologram+1","Multi-Cast+1","Reprogram+1"],"picked":"SKIP","floor":42},{"not_picked":["Hologram+1","Stack+1","Storm+1"],"picked":"SKIP","floor":45},{"not_picked":["Ball Lightning+1","Reprogram+1","Doom and Gloom+1"],"picked":"SKIP","floor":46},{"not_picked":["Sweeping Beam+1","Hologram+1","Steam+1"],"picked":"SKIP","floor":48}],"player_experience":447603,"relics_obtained":[{"floor":7,"key":"Toxic Egg 2"},{"floor":9,"key":"Bird Faced Urn"},{"floor":10,"key":"FossilizedHelix"},{"floor":24,"key":"Eternal Feather"},{"floor":26,"key":"Pear"},{"floor":31,"key":"DataDisk"},{"floor":42,"key":"Darkstone Periapt"},{"floor":43,"key":"infinitespire:Beetle Shell"}],"event_choices":[{"damage_healed":0,"gold_gain":0,"player_choice":"Got Potions","damage_taken":0,"max_hp_gain":0,"max_hp_loss":0,"event_name":"Lab","floor":2,"gold_loss":0},{"damage_healed":0,"gold_gain":0,"player_choice":"Paid Fearfully","damage_taken":0,"max_hp_gain":0,"max_hp_loss":0,"event_name":"Masked Bandits","floor":21,"gold_loss":136},{"damage_healed":0,"gold_gain":0,"player_choice":"Ignored","damage_taken":0,"max_hp_gain":0,"max_hp_loss":0,"event_name":"Ghosts","floor":27,"gold_loss":0},{"damage_healed":0,"gold_gain":0,"player_choice":"Ignored","damage_taken":0,"max_hp_gain":0,"max_hp_loss":0,"event_name":"Mysterious Sphere","floor":41,"gold_loss":0}],"is_beta":false,"boss_relics":[{"not_picked":["Inserter","Busted Crown"],"picked":"Astrolabe"},{"not_picked":["Runic Pyramid","infinitespire:Cupcake"],"picked":"Snecko Eye"}],"items_purged_floors":[4,29],"is_endless":false,"potions_floor_spawned":[1,5,10,16,18,19,25,28,33,38,39,42,46],"killed_by":"Awakened One","ascension_level":13}}