{"host":"jqa9y4qkalbx8qgz","time":1611497279,"event":{"mods":["Act Like it!","BaseMod","BetterRewards","CCEM","Downfall","Gensokyo","Marisa????????","Minty Spire (QoL Compilation)","Permanent Neow","Relic Stats","Replay The Spire","StSLib","Wandering Minibosses"],"gold_per_floor":[10,10,8,113,13,54,54,91,91,91,117,159,59,83,94,202,202,202,227,251,272,296,246,246,66,99,122,15,45,45,78,78,78,78],"floor_reached":32,"language":"ENG","playtime":4047,"items_purged":["hexamod:Strike","hexamod:Strike"],"score":617,"play_id":"7745eb15-96f3-4ba5-a4fb-6ad37afbf8e7","local_time":"20210124170759","is_ascension_mode":true,"campfire_choices":[{"data":"hexamod:Float","floor":1,"key":"SMITH"},{"data":"hexamod:TimeWarp","floor":10,"key":"SMITH"},{"data":"hexamod:RainOfEmbers","floor":13,"key":"SMITH"},{"floor":18,"key":"RECALL"},{"data":"Enlightenment","floor":30,"key":"SMITH"}],"circlet_count":0,"master_deck":["hexamod:Strike","hexamod:Strike","hexamod:Defend","hexamod:Defend","hexamod:Defend","hexamod:Defend","hexamod:Sear","hexamod:Float+1","hexamod:SecondSeal","hexamod:TimeWarp+1","hexamod:TimeWarp","hexamod:ShieldOfDarkness","expansioncontent:QuickStudy","hexamod:RainOfEmbers+1","hexamod:GhostShield","hexamod:FastForward","hexamod:GhostShield","hexamod:Incineration","hexamod:HauntingEcho","hexamod:FourthSeal","hexamod:AdvancingGuard","hexamod:ShieldOfDarkness","hexamod:EmpoweredFlame","hexamod:RecurringNightmare","hexamod:TimeWarp","hexamod:NightmareGuise+1","hexamod:RetreatToShadows","hexamod:GhostShield+1","hexamod:FastForward+1","hexamod:HeatShield","hexamod:FastForward+1","hexamod:BurningTouch+1","Enlightenment+1","hexamod:ExtraCrispy","hexamod:FifthSeal","hexamod:EtherealExpedition+1","hexamod:Hexaguard","hexamod:SixthSeal","hexamod:Hexaguard"],"relics":["hexamod:SpiritBrand","CCEMRelics:DissonantTune","FossilizedHelix","Pantograph","Letter Opener","Darkstone Periapt","Orichalcum","Prayer Wheel","Happy Flower","Replay:WaspNest","downfall:HeartBlessingGreen","Runic Pyramid","Shuriken","wanderingMiniBosses:Inkheart","CCEMRelics:Barrel","Nunchaku"],"acts_visited":["Exordium","Gensokyo:Gensokyo"],"potions_floor_usage":[14,31,32],"damage_taken":[{"damage":0,"enemies":"downfall:FleeingMerchant","floor":3,"turns":4},{"damage":0,"enemies":"Gensokyo:Python","floor":4,"turns":2},{"damage":0,"enemies":"Gensokyo:Aya","floor":6,"turns":6},{"damage":0,"enemies":"Gensokyo:Mamizou","floor":8,"turns":6},{"damage":0,"enemies":"Gensokyo:2_Kodama","floor":11,"turns":3},{"damage":11,"enemies":"Gensokyo:Cirno","floor":12,"turns":8},{"damage":0,"enemies":"Gensokyo:3_Fairies","floor":14,"turns":4},{"damage":0,"enemies":"Gensokyo:Kitsune","floor":15,"turns":3},{"damage":0,"enemies":"SI_SHIV_ARCHETYPE","floor":16,"turns":6},{"damage":10,"enemies":"Gensokyo:CosmicMonolith","floor":19,"turns":7},{"damage":12,"enemies":"Gensokyo:3_Dogs","floor":20,"turns":5},{"damage":18,"enemies":"Gensokyo:3_Gloops","floor":21,"turns":6},{"damage":6,"enemies":"Gensokyo:Monolith_and_Dog","floor":22,"turns":6},{"damage":4,"enemies":"downfall:FleeingMerchant","floor":25,"turns":5},{"damage":6,"enemies":"Gensokyo:Tenshi","floor":26,"turns":4},{"damage":0,"enemies":"Gensokyo:Swordslinger","floor":27,"turns":5},{"damage":9,"enemies":"downfall:FleeingMerchant","floor":28,"turns":4},{"damage":0,"enemies":"Gensokyo:Koishi","floor":29,"turns":6},{"damage":12,"enemies":"Gensokyo:Tenshi","floor":31,"turns":5},{"damage":36,"enemies":"Gensokyo:3_Gloops","floor":32,"turns":4}],"seed_played":"-8158842785896758355","potions_obtained":[{"floor":6,"key":"Venom Potion"},{"floor":11,"key":"bronze:BurnAndBuffPotion"},{"floor":12,"key":"Fruit Juice"},{"floor":15,"key":"hexamod:EctoCoolerPotion"},{"floor":20,"key":"GamblersBrew"},{"floor":22,"key":"CultistPotion"},{"floor":29,"key":"ColorlessPotion"},{"floor":31,"key":"Regen Potion"}],"is_trial":false,"path_per_floor":["R","?","$","M","?","E","T","E","?","R","M","E","R","M","M","B",null,"R","M","M","M","M","?","T","$","E","M","$","E","R","E","M"],"character_chosen":"THE_SPIRIT","items_purchased":["CCEMRelics:DissonantTune","hexamod:SecondSeal","hexamod:TimeWarp","hexamod:ShieldOfDarkness","expansioncontent:QuickStudy","Pantograph","hexamod:RainOfEmbers","hexamod:GhostShield","Enlightenment"],"campfire_rested":0,"item_purchase_floors":[0,0,0,0,0,0,0,0,25],"current_hp_per_floor":[29,50,50,50,50,50,50,50,50,50,50,39,39,44,44,69,75,75,65,53,35,29,36,36,32,26,26,17,17,17,13,0,0,0],"gold":78,"neow_bonus":"","is_daily":false,"chose_seed":false,"campfire_upgraded":4,"win_rate":0.0,"timestamp":1611497279,"path_taken":["R","?","$","M","?","E","T","E","?","R","?","E","R","M","M","BOSS","R","M","M","?","M","?","T","?","E","M","$","E","R","E","M"],"items_purchased_type":["Relic","Card","Card","Card","Card","Relic","Card","Card","Card"],"build_version":"2020-12-22","purchased_purges":2,"victory":false,"max_hp_per_floor":[70,70,70,70,70,70,70,70,70,70,70,70,70,75,75,75,75,75,75,75,75,75,82,82,82,82,82,82,82,82,82,82,82,82],"relic_stats":{"Darkstone Periapt":0,"Nunchaku":[10],"Happy Flower":[27],"counters":[56,288],"Shuriken":[11],"Pantograph":50,"Prayer Wheel":11,"Letter Opener":[210],"Orichalcum":[12],"obtain_stats":[{"Darkstone Periapt":6,"Lantern":7,"Singing Bowl":24,"Vajra":23,"CCEMRelics:Pendulum":49,"downfall:HeartBlessingGreen":18,"Replay:Multitool":45,"Empty Cage":36,"Frozen Eye":29,"Nunchaku":42,"Shovel":10,"TheAbacus":41,"Mummified Hand":19,"downfall:HeartBlessingBlue":45,"Pantograph":56,"CCEMRelics:DissonantTune":0,"Prayer Wheel":8,"hexamod:SpiritBrand":0,"Runic Pyramid":17,"CCEMRelics:Barrel":29,"BargainBundle":19,"downfall:HeartBlessingRed":30,"Ring of Hypnosis":33,"Happy Flower":9,"ReplayTheSpireMod:CursedCoin":4,"Replay:Grab Bag":36,"hexamod:TheBrokenSeal":23,"wanderingMiniBosses:MasterThiefsPresence":11,"Replay:WaspNest":12,"Letter Opener":5,"War Paint":32,"Orichalcum":7,"Shuriken":26,"Coffee Dripper":17,"ReplayTheSpireMod:TigerMarble":37,"Bottled Lightning":14,"Toy Ornithopter":19,"Abe\u0027s Treasure":36,"FossilizedHelix":0,"wanderingMiniBosses:Inkheart":27},{"Darkstone Periapt":39,"Lantern":4,"Singing Bowl":17,"Vajra":17,"CCEMRelics:Pendulum":31,"downfall:HeartBlessingGreen":12,"Replay:Multitool":28,"Empty Cage":23,"Frozen Eye":53,"Nunchaku":27,"Shovel":7,"TheAbacus":27,"Mummified Hand":13,"downfall:HeartBlessingBlue":28,"Pantograph":35,"CCEMRelics:DissonantTune":36,"Prayer Wheel":40,"hexamod:SpiritBrand":0,"Runic Pyramid":45,"CCEMRelics:Barrel":54,"BargainBundle":13,"downfall:HeartBlessingRed":20,"Ring of Hypnosis":21,"Happy Flower":40,"ReplayTheSpireMod:CursedCoin":3,"Replay:Grab Bag":23,"hexamod:TheBrokenSeal":17,"wanderingMiniBosses:MasterThiefsPresence":8,"Replay:WaspNest":42,"Letter Opener":38,"War Paint":21,"Orichalcum":39,"Shuriken":51,"Coffee Dripper":12,"ReplayTheSpireMod:TigerMarble":23,"Bottled Lightning":10,"Toy Ornithopter":13,"Abe\u0027s Treasure":23,"FossilizedHelix":36,"wanderingMiniBosses:Inkheart":52},{"Darkstone Periapt":201,"Lantern":13,"Singing Bowl":82,"Vajra":82,"CCEMRelics:Pendulum":141,"downfall:HeartBlessingGreen":57,"Replay:Multitool":131,"Empty Cage":115,"Frozen Eye":273,"Nunchaku":130,"Shovel":31,"TheAbacus":130,"Mummified Hand":61,"downfall:HeartBlessingBlue":131,"Pantograph":163,"CCEMRelics:DissonantTune":189,"Prayer Wheel":207,"hexamod:SpiritBrand":0,"Runic Pyramid":231,"CCEMRelics:Barrel":279,"BargainBundle":61,"downfall:HeartBlessingRed":93,"Ring of Hypnosis":99,"Happy Flower":207,"ReplayTheSpireMod:CursedCoin":9,"Replay:Grab Bag":115,"hexamod:TheBrokenSeal":82,"wanderingMiniBosses:MasterThiefsPresence":35,"Replay:WaspNest":218,"Letter Opener":195,"War Paint":99,"Orichalcum":201,"Shuriken":264,"Coffee Dripper":57,"ReplayTheSpireMod:TigerMarble":115,"Bottled Lightning":42,"Toy Ornithopter":61,"Abe\u0027s Treasure":115,"FossilizedHelix":189,"wanderingMiniBosses:Inkheart":269}]},"card_choices":[{"not_picked":["hexamod:FourthSeal","hexamod:RadiantFlame"],"picked":"hexamod:HauntingEcho","floor":3},{"not_picked":["hexamod:SwordOfDarkness","hexamod:EmpoweredFlame"],"picked":"hexamod:FastForward","floor":4},{"not_picked":["hexamod:InspiringFlames","hexamod:UnlimitedPower"],"picked":"hexamod:GhostShield","floor":6},{"not_picked":["hexamod:SpectralAdrenaline","hexamod:ShieldOfDarkness"],"picked":"hexamod:Incineration","floor":8},{"not_picked":["hexamod:SpectralAdrenaline","hexamod:NightmareGuise"],"picked":"hexamod:HauntingEcho","floor":11},{"not_picked":["hexamod:Rewind","hexamod:FlamesFromBeyond","hexamod:GhostLash"],"picked":"SKIP","floor":11},{"not_picked":["hexamod:Firestarter","hexamod:NightmareGuise"],"picked":"hexamod:FourthSeal","floor":12},{"not_picked":["hexamod:GhostflameInferno","hexamod:GhostflameBarrier"],"picked":"hexamod:AdvancingGuard","floor":14},{"not_picked":["hexamod:ThermalTransfer","hexamod:HeatMetal"],"picked":"hexamod:ShieldOfDarkness","floor":14},{"not_picked":["hexamod:AdvancingGuard","hexamod:ShieldOfDarkness"],"picked":"hexamod:EmpoweredFlame","floor":15},{"not_picked":["hexamod:BurningTouch","hexamod:SecondSeal"],"picked":"hexamod:RecurringNightmare","floor":15},{"not_picked":["hexamod:UnleashSpirits","hexamod:UnlimitedPower"],"picked":"hexamod:TimeWarp","floor":16},{"not_picked":["hexamod:Rewind","hexamod:GhostShield"],"picked":"hexamod:NightmareGuise+1","floor":19},{"not_picked":["hexamod:NightmareGuise+1","hexamod:ShieldOfDarkness"],"picked":"hexamod:RetreatToShadows","floor":19},{"not_picked":["hexamod:HauntingEcho","hexamod:InspiringFlames"],"picked":"hexamod:GhostShield+1","floor":20},{"not_picked":["hexamod:SpectersWail","hexamod:GhostOfSpirePast"],"picked":"hexamod:FastForward+1","floor":20},{"not_picked":["hexamod:EtherealExpedition","hexamod:NightmareStrike","hexamod:UnleashSpirits"],"picked":"SKIP","floor":21},{"not_picked":["hexamod:ShieldOfDarkness","hexamod:GhostShield+1","hexamod:HeatCrush"],"picked":"SKIP","floor":21},{"not_picked":["hexamod:ThermalTransfer","hexamod:PhantomCloak"],"picked":"hexamod:HeatShield","floor":22},{"not_picked":["hexamod:NightmareStrike","hexamod:HeatMetal+1"],"picked":"hexamod:FastForward+1","floor":22},{"not_picked":["hexamod:ThirdSeal","hexamod:GhostLash"],"picked":"hexamod:BurningTouch+1","floor":25},{"not_picked":["hexamod:PhantomFireball","hexamod:HeatCrush"],"picked":"hexamod:ExtraCrispy","floor":26},{"not_picked":["hexamod:GhostShield","hexamod:RainOfEmbers"],"picked":"hexamod:FifthSeal","floor":27},{"not_picked":["hexamod:SpectersWail","hexamod:RadiantFlame"],"picked":"hexamod:EtherealExpedition+1","floor":27},{"not_picked":["hexamod:PowerFromBeyond","hexamod:SecondSeal"],"picked":"hexamod:Hexaguard","floor":28},{"not_picked":["hexamod:FifthSeal","hexamod:HeatShield","hexamod:SwordOfDarkness"],"picked":"SKIP","floor":29},{"not_picked":["hexamod:FourthSeal","hexamod:ThirdSeal"],"picked":"hexamod:SixthSeal","floor":31},{"not_picked":["hexamod:GhostShield","hexamod:RainOfEmbers+1"],"picked":"hexamod:Hexaguard","floor":31}],"player_experience":301092,"relics_obtained":[{"floor":6,"key":"Darkstone Periapt"},{"floor":7,"key":"Orichalcum"},{"floor":8,"key":"Prayer Wheel"},{"floor":12,"key":"Replay:WaspNest"},{"floor":26,"key":"Shuriken"},{"floor":27,"key":"wanderingMiniBosses:Inkheart"},{"floor":29,"key":"CCEMRelics:Barrel"},{"floor":31,"key":"Nunchaku"}],"event_choices":[],"is_beta":false,"boss_relics":[{"not_picked":["Snecko Heart","Astrolabe"],"picked":"Runic Pyramid"}],"items_purged_floors":[25,28],"is_endless":false,"potions_floor_spawned":[6,11,12,14,15,21,22,27,29,31],"killed_by":"Gensokyo:3_Gloops","ascension_level":1}}