{"host":"njb27ds59h4j3ikk","time":1611452575,"event":{"mods":["AchievementEnabler","BaseMod","Better Altar","Better Match","Better Note","Better Sensory Stone","Better Skull","Better Third Choice","BetterRewards","Downfall","Hermit","Hubris","Minty Spire (QoL Compilation)","Permanent Neow","Quarter Circle Forward PUNCH!","Quick Restart","Rare Cards Sparkle","Shop Mod","StSLib","Trackpad","Transform Curses"],"gold_per_floor":[117,128,142,155,155,183,183,208,208,223,223,235,269,288,288,387,387,400,400,348,348,358,358,374,409,436,470,470,498,511,541,541,638,638,656,656,656,719,734,763,763,763],"floor_reached":41,"language":"ENG","playtime":1537,"items_purged":[],"score":957,"play_id":"207b0095-0c0b-4fc6-89b6-89b24335acaf","local_time":"20210123204255","is_ascension_mode":true,"campfire_choices":[{"data":"Fire Breathing","floor":7.0,"key":"SMITH"},{"data":"hermit:Ricochet","floor":15.0,"key":"SMITH"},{"data":"hermit:Grudge","floor":23.0,"key":"SMITH"},{"floor":28.0,"key":"REST"},{"floor":32,"key":"REST"}],"circlet_count":0,"master_deck":["hermit:Strike_Hermit","hermit:Strike_Hermit","hermit:Strike_Hermit","hermit:Defend_Hermit","hermit:Defend_Hermit","hermit:Defend_Hermit","hermit:Defend_Hermit","hermit:Snapshot","hermit:Covet","hermit:Quickdraw","hermit:Ricochet+1","Sadistic Nature","hermit:Grudge+1","hermit:Dive","hermit:HighCaliber","hermit:Glare","hermit:Vantage","hermit:Cheat","Fire Breathing+1","hermit:Roughhouse","hermit:Coalescence","hermit:SprayPray","hermit:FatalDesire","hermit:PistolWhip","hermit:Grudge","hermit:RoundhouseKick","hermit:LowProfile+1","hermit:SprayPray","hermit:Maintenance+1","hermit:Ricochet+1","hermit:Malice+1","hermit:SprayPray","hermit:PistolWhip","hermit:ShadowCloak","hermit:Dive+1","hermit:FromBeyond","hermit:PistolWhip+1","hermit:Desperado","hermit:EyeOfTheStorm+1","hermit:Cheat"],"relics":["hermit:Momento","Lizard Tail","qcfpunch:Unceasing_Flame","trackpad:ZombieHeart","Sling","Ice Cream","trackpad:BiPhaseBiplane","Oddly Smooth Stone","hubris:MedicalManual","Regal Pillow","trackpad:Compendium","hubris:OldNail","SlaversCollar","trackpad:RapidFire","hubris:MysteriousPyramids","Mummified Hand","hubris:Backtick","Membership Card","hubris:Towel","hubris:GlazedTorus","HornCleat"],"acts_visited":["Exordium","TheCity","TheBeyond"],"potions_floor_usage":[29],"damage_taken":[{"damage":1.0,"enemies":"Cultist","floor":1.0,"turns":3.0},{"damage":8.0,"enemies":"Small Slimes","floor":2.0,"turns":2.0},{"damage":2.0,"enemies":"2 Louse","floor":3.0,"turns":2.0},{"damage":2.0,"enemies":"Large Slime","floor":4.0,"turns":2.0},{"damage":7.0,"enemies":"3 Sentries","floor":6.0,"turns":4.0},{"damage":1.0,"enemies":"Gremlin Nob","floor":8.0,"turns":2.0},{"damage":0.0,"enemies":"Looter","floor":10.0,"turns":3.0},{"damage":2.0,"enemies":"Red Slaver","floor":12.0,"turns":2.0},{"damage":4.0,"enemies":"3 Sentries","floor":13.0,"turns":4.0},{"damage":1.0,"enemies":"2 Fungi Beasts","floor":14.0,"turns":2.0},{"damage":6.0,"enemies":"Hexaghost","floor":16.0,"turns":4.0},{"damage":9.0,"enemies":"Chosen","floor":18.0,"turns":3.0},{"damage":21.0,"enemies":"3 Byrds","floor":22.0,"turns":5.0},{"damage":35.0,"enemies":"Sentry and Sphere","floor":24.0,"turns":6.0},{"damage":10.0,"enemies":"Book of Stabbing","floor":25.0,"turns":4.0},{"damage":19.0,"enemies":"Snake Plant","floor":27.0,"turns":2.0},{"damage":11,"enemies":"Gremlin Leader","floor":29,"turns":5},{"damage":15,"enemies":"Centurion and Healer","floor":30,"turns":4},{"damage":16,"enemies":"Book of Stabbing","floor":31,"turns":3},{"damage":15,"enemies":"Collector","floor":33,"turns":7},{"damage":36,"enemies":"3 Darklings","floor":35,"turns":3},{"damage":28,"enemies":"2 Orb Walkers","floor":38,"turns":3},{"damage":19,"enemies":"3 Shapes","floor":39,"turns":4},{"damage":29,"enemies":"Reptomancer","floor":40,"turns":6},{"damage":10,"enemies":"Spire Growth","floor":41,"turns":3}],"seed_played":"8327692684766533371","potions_obtained":[{"floor":6.0,"key":"Explosive Potion"},{"floor":8.0,"key":"Guardian:BlockOnCardUsePotion"},{"floor":12.0,"key":"ColorlessPotion"},{"floor":16.0,"key":"hermit:BlackBile"},{"floor":22.0,"key":"sneckomod:MuddlingPotion"},{"floor":25.0,"key":"ColorlessPotion"},{"floor":27.0,"key":"Swift Potion"},{"floor":29,"key":"CultistPotion"},{"floor":40,"key":"SteroidPotion"}],"is_trial":false,"path_per_floor":["M","M","M","M","?","E","R","E","T","M","?","M","E","M","R","B",null,"M","?","$","?","M","R","M","E","T","M","R","E","M","E","R","B",null,"M","?","?","?","M","E","M"],"character_chosen":"HERMIT","items_purchased":["qcfpunch:Unceasing_Flame","hermit:Quickdraw","hermit:Ricochet","trackpad:ZombieHeart","Sling","Sadistic Nature","hermit:Grudge","trackpad:BiPhaseBiplane","hermit:Dive","EssenceOfSteel","hermit:SprayPray"],"campfire_rested":2,"item_purchase_floors":[0,0,0,0,0,0,0,0,0,0,20],"current_hp_per_floor":[68,62,62,62,54,50,50,50,50,51,54,53,52,53,53,48,85,77,77,77,77,59,59,26,17,17,52,98,88,75,60,107,93,106,76,76,76,50,34,6,0,0],"gold":763,"neow_bonus":"","is_daily":false,"chose_seed":false,"campfire_upgraded":3,"win_rate":0.0,"timestamp":1611452575,"path_taken":["M","?","M","M","?","E","R","E","T","M","?","M","E","M","R","BOSS","M","?","$","?","M","R","M","E","T","M","R","E","M","E","R","BOSS","M","?","?","?","M","E","M"],"items_purchased_type":["Relic","Card","Card","Relic","Relic","Card","Card","Relic","Card","Potion","Card"],"build_version":"2020-12-22","purchased_purges":0,"victory":false,"max_hp_per_floor":[76,78,80,82,82,85,85,86,86,87,90,91,94,96,96,97,97,98,98,98,98,101,101,103,104,104,105,105,106,108,109,109,110,110,116,116,116,118,121,122,122,122],"card_choices":[{"not_picked":["hermit:Manifest","hermit:Feint"],"picked":"hermit:HighCaliber","floor":1.0},{"not_picked":["hermit:WideOpen","hermit:LoneWolf"],"picked":"hermit:Glare","floor":2.0},{"not_picked":["hermit:Quickdraw","hermit:Dive"],"picked":"hermit:Vantage","floor":3.0},{"not_picked":["hermit:Quickdraw","hermit:Grudge"],"picked":"hermit:Cheat","floor":4.0},{"not_picked":["hermit:Dive","hermit:LowProfile"],"picked":"hermit:Roughhouse","floor":6.0},{"not_picked":["hermit:Feint","hermit:Quickdraw"],"picked":"hermit:Coalescence","floor":8.0},{"not_picked":["hermit:Snipe","hermit:LuckOfTheDraw"],"picked":"hermit:SprayPray","floor":10.0},{"not_picked":["hermit:LoneWolf","hermit:SprayPray"],"picked":"hermit:FatalDesire","floor":12.0},{"not_picked":["hermit:Ricochet","hermit:Headshot"],"picked":"hermit:PistolWhip","floor":13.0},{"not_picked":["hermit:Ricochet","hermit:TakeCover"],"picked":"hermit:Grudge","floor":14.0},{"not_picked":["hermit:Magnum","hermit:BlackWind"],"picked":"hermit:RoundhouseKick","floor":16.0},{"not_picked":["hermit:HoleUp","hermit:ItchyTrigger"],"picked":"hermit:LowProfile+1","floor":18.0},{"not_picked":["hermit:Manifest","hermit:CalledShot"],"picked":"hermit:Ricochet+1","floor":22.0},{"not_picked":["hermit:DeadMansHand","hermit:LoneWolf"],"picked":"hermit:Malice+1","floor":24.0},{"not_picked":["hermit:Roulette","hermit:Brawl"],"picked":"hermit:SprayPray","floor":25.0},{"not_picked":["hermit:Headshot","hermit:CalledShot"],"picked":"hermit:PistolWhip","floor":27.0},{"not_picked":["hermit:Glare","hermit:CursedWeapon"],"picked":"hermit:ShadowCloak","floor":29},{"not_picked":["hermit:Desperado","hermit:PistolWhip","hermit:Spite"],"picked":"SKIP","floor":30},{"not_picked":["hermit:Scavenge","hermit:ItchyTrigger"],"picked":"hermit:Dive+1","floor":31},{"not_picked":["hermit:FatalDesire","hermit:FinalCanter"],"picked":"hermit:FromBeyond","floor":33},{"not_picked":["hermit:Manifest","hermit:Coalescence+1"],"picked":"hermit:PistolWhip+1","floor":35},{"not_picked":["hermit:HoleUp","hermit:Quickdraw+1"],"picked":"hermit:Desperado","floor":38},{"not_picked":["hermit:BodyArmor","hermit:Vantage+1"],"picked":"hermit:EyeOfTheStorm+1","floor":39},{"not_picked":["hermit:Dive","hermit:Deadeye"],"picked":"hermit:Cheat","floor":40}],"player_experience":1301045,"relics_obtained":[{"floor":6.0,"key":"hubris:MedicalManual"},{"floor":8.0,"key":"Regal Pillow"},{"floor":9.0,"key":"trackpad:Compendium"},{"floor":13.0,"key":"hubris:OldNail"},{"floor":25.0,"key":"trackpad:RapidFire"},{"floor":29,"key":"hubris:MysteriousPyramids"},{"floor":31,"key":"Mummified Hand"},{"floor":38,"key":"hubris:GlazedTorus"},{"floor":40,"key":"HornCleat"}],"event_choices":[{"damage_healed":0.0,"max_hp_gain":0.0,"max_hp_loss":0.0,"gold_gain":0.0,"event_name":"The Woman in Blue","player_choice":"Bought 0 Potions","floor":19.0,"gold_loss":0.0,"damage_taken":0.0},{"cards_removed":["Fire Breathing"],"damage_healed":0.0,"max_hp_gain":0.0,"max_hp_loss":0.0,"gold_gain":0.0,"event_name":"betterNote:BetterNote","player_choice":"Take \u0026 Give","floor":21.0,"gold_loss":0.0,"damage_taken":0.0,"cards_obtained":["hermit:Maintenance"]},{"cards_removed":["hermit:Strike_Hermit"],"damage_healed":0,"gold_gain":0,"player_choice":"Removed Attack","damage_taken":0,"max_hp_gain":0,"max_hp_loss":0,"event_name":"Falling","floor":37,"gold_loss":0},{"damage_healed":0,"gold_gain":0,"player_choice":"Fight","damage_taken":0,"max_hp_gain":0,"max_hp_loss":0,"event_name":"Mysterious Sphere","floor":38,"gold_loss":0}],"is_beta":false,"boss_relics":[{"not_picked":["trackpad:StolenKidneys","hubris:GrandSneckoEye"],"picked":"SlaversCollar"},{"not_picked":["Coffee Dripper","Tiny House"],"picked":"hubris:Backtick"}],"items_purged_floors":[],"is_endless":false,"potions_floor_spawned":[6,8,12,13,14,16,22,24,25,27,29,40],"killed_by":"Spire Growth","ascension_level":7}}