{"host":"u7lm8z2rvb4dg2oo","time":1611467020,"event":{"mods":["AchievementEnabler","BaseMod","Bestiary","Block Reminder","Colored Map","Colored Powertips","Curses Come First","DeckTracker","Googly Eyes","Highlight Path","Minty Spire (QoL Compilation)","Quick Restart","StSLib"],"gold_per_floor":[113,123,15,31,43,43,59,85,85,98,125,300,270,285,285,380,380,391,375,102,102,115,115,115],"floor_reached":23,"language":"ENG","playtime":2458,"items_purged":["Doubt"],"score":308,"play_id":"5b079a10-7026-4d84-8115-6bbb8a88b4da","local_time":"20210124004340","is_ascension_mode":true,"campfire_choices":[{"data":"Footwork","floor":6.0,"key":"SMITH"},{"floor":15.0,"key":"REST"}],"circlet_count":0,"master_deck":["AscendersBane","Strike_G","Strike_G","Strike_G","Strike_G","Strike_G","Defend_G","Defend_G","Defend_G","Defend_G","Defend_G","Survivor","Neutralize","Burst","Poisoned Stab","Slice","Footwork+1","Finisher","Choke","Backflip","Noxious Fumes","Terror","Blade Dance","Flying Knee+1","Footwork","After Image","Well Laid Plans","PiercingWail","Blade Dance"],"relics":["Ring of the Snake","Molten Egg 2","Mercury Hourglass","Juzu Bracelet","Cursed Key","Sling"],"acts_visited":["Exordium","TheCity"],"potions_floor_usage":[22],"damage_taken":[{"damage":1.0,"enemies":"Cultist","floor":1.0,"turns":5.0},{"damage":0.0,"enemies":"Small Slimes","floor":2.0,"turns":5.0},{"damage":5.0,"enemies":"Jaw Worm","floor":4.0,"turns":5.0},{"damage":0.0,"enemies":"Large Slime","floor":5.0,"turns":2.0},{"damage":21.0,"enemies":"Exordium Wildlife","floor":7.0,"turns":8.0},{"damage":27.0,"enemies":"Lagavulin","floor":8.0,"turns":6.0},{"damage":6.0,"enemies":"Gremlin Gang","floor":10.0,"turns":4.0},{"damage":2.0,"enemies":"Gremlin Nob","floor":11.0,"turns":4.0},{"damage":0.0,"enemies":"Exordium Thugs","floor":14.0,"turns":2.0},{"damage":19.0,"enemies":"Slime Boss","floor":16.0,"turns":12.0},{"damage":31.0,"enemies":"Chosen","floor":18.0,"turns":7.0},{"damage":9.0,"enemies":"2 Thieves","floor":19.0,"turns":4.0},{"damage":11,"enemies":"3 Cultists","floor":22,"turns":6},{"damage":36,"enemies":"Slavers","floor":23,"turns":3}],"seed_played":"6189762856543927558","potions_obtained":[{"floor":2.0,"key":"SneckoOil"},{"floor":4.0,"key":"CunningPotion"},{"floor":10.0,"key":"ColorlessPotion"},{"floor":11.0,"key":"BlessingOfTheForge"},{"floor":13.0,"key":"Dexterity Potion"},{"floor":13.0,"key":"GhostInAJar"},{"floor":19.0,"key":"ColorlessPotion"}],"is_trial":false,"path_per_floor":["M","M","$","M","M","R","M","E","T","M","E","?","?","M","R","B",null,"M","M","$","?","M","E"],"character_chosen":"THE_SILENT","items_purchased":["Footwork","Finisher","PiercingWail","Sling"],"campfire_rested":1,"item_purchase_floors":[3,3,20,20],"current_hp_per_floor":[62,62,62,57,57,57,36,9,9,3,1,1,1,1,22,3,53,22,13,13,36,25,0,0],"gold":115,"neow_bonus":"ONE_RANDOM_RARE_CARD","is_daily":false,"chose_seed":false,"campfire_upgraded":1,"win_rate":0.0,"timestamp":1611467020,"path_taken":["M","M","$","M","M","R","M","E","T","M","E","?","?","M","R","BOSS","M","M","$","?","M","E"],"items_purchased_type":["Card","Card","Card","Relic"],"build_version":"2020-12-22","purchased_purges":1,"victory":false,"max_hp_per_floor":[70,70,70,70,70,70,70,70,70,70,70,70,70,70,70,70,70,70,70,70,70,70,70,70],"card_choices":[{"not_picked":["Sucker Punch","Calculated Gamble"],"picked":"Poisoned Stab","floor":1.0},{"not_picked":["Deflect","Prepared"],"picked":"Slice","floor":2.0},{"not_picked":["Dagger Spray","Poisoned Stab"],"picked":"Choke","floor":4.0},{"not_picked":["Finisher","Quick Slash"],"picked":"Backflip","floor":5.0},{"not_picked":["Reflex","Acrobatics"],"picked":"Noxious Fumes","floor":7.0},{"not_picked":["Concentrate","Leg Sweep"],"picked":"Terror","floor":8.0},{"not_picked":["Bane+1","Heel Hook+1"],"picked":"Blade Dance","floor":10.0},{"not_picked":["Grand Finale+1","Outmaneuver"],"picked":"Flying Knee+1","floor":11.0},{"not_picked":["Dagger Spray+1","PiercingWail"],"picked":"Footwork","floor":14.0},{"not_picked":["A Thousand Cuts","Doppelganger"],"picked":"After Image","floor":16.0},{"not_picked":["Eviscerate+1","Bouncing Flask+1"],"picked":"Well Laid Plans","floor":18.0},{"not_picked":["Deflect","Expertise","Acrobatics"],"picked":"SKIP","floor":19.0},{"not_picked":["Flying Knee+1","Sucker Punch+1"],"picked":"Blade Dance","floor":22}],"player_experience":1029896,"relics_obtained":[{"floor":8.0,"key":"Molten Egg 2"},{"floor":9.0,"key":"Mercury Hourglass"},{"floor":11.0,"key":"Juzu Bracelet"}],"event_choices":[{"damage_healed":0.0,"max_hp_gain":0.0,"max_hp_loss":0.0,"gold_gain":175.0,"event_name":"Liars Game","player_choice":"AGREE","floor":12.0,"gold_loss":0.0,"damage_taken":0.0,"cards_obtained":["Doubt"]},{"damage_healed":0.0,"max_hp_gain":0.0,"max_hp_loss":0.0,"gold_gain":0.0,"event_name":"The Woman in Blue","player_choice":"Bought 2 Potions","floor":13.0,"gold_loss":0.0,"damage_taken":0.0},{"damage_healed":23.0,"max_hp_gain":0.0,"max_hp_loss":0.0,"gold_gain":0.0,"event_name":"The Library","player_choice":"Heal","floor":21.0,"gold_loss":0.0,"damage_taken":0.0}],"is_beta":false,"boss_relics":[{"not_picked":["Sozu","Runic Dome"],"picked":"Cursed Key"}],"items_purged_floors":[20],"is_endless":false,"potions_floor_spawned":[2,4,10,11,19],"killed_by":"Slavers","ascension_level":10}}