{"host":"lsq35p0sdkx2xifo","time":1611494579,"event":{"mods":["AchievementEnabler","BaseMod","Highlight Path","Minty Spire (QoL Compilation)","StSLib"],"gold_per_floor":[110,122,122,135,135,170,170,20,20,38,88,58,77,111,111,200,200,194,209,35,56,56,56,91,91,91],"floor_reached":25,"language":"ENG","playtime":1644,"items_purged":["Injury"],"score":404,"play_id":"433e3040-da17-429c-93fa-45ef7cceea05","local_time":"20210124052259","is_ascension_mode":true,"campfire_choices":[{"floor":7,"key":"REST"},{"floor":15,"key":"REST"},{"floor":23,"key":"REST"}],"circlet_count":0,"master_deck":["AscendersBane","Strike_G","Strike_G","Strike_G","Strike_G","Strike_G","Defend_G","Defend_G","Defend_G","Defend_G","Defend_G","Survivor","Neutralize","Corpse Explosion","Flying Knee","Noxious Fumes","Injury","Malaise","Heel Hook","Catalyst","Backflip","Crippling Poison","Caltrops","Noxious Fumes","After Image","Poisoned Stab","Backflip","Apotheosis+1","Prepared","Poisoned Stab"],"relics":["Ring of the Snake","Golden Idol","Bottled Flame","Letter Opener","WingedGreaves","SlaversCollar","Toy Ornithopter"],"acts_visited":["Exordium","TheCity"],"potions_floor_usage":[6,10,14,18,21,25],"damage_taken":[{"damage":8,"enemies":"Small Slimes","floor":1,"turns":3},{"damage":3,"enemies":"Jaw Worm","floor":2,"turns":5},{"damage":3,"enemies":"2 Louse","floor":4,"turns":3},{"damage":44,"enemies":"Lagavulin","floor":6,"turns":8},{"damage":13,"enemies":"Exordium Thugs","floor":10,"turns":4},{"damage":0,"enemies":"Looter","floor":12,"turns":4},{"damage":6,"enemies":"Lots of Slimes","floor":13,"turns":2},{"damage":6,"enemies":"3 Sentries","floor":14,"turns":4},{"damage":24,"enemies":"Hexaghost","floor":16,"turns":9},{"damage":26,"enemies":"2 Thieves","floor":18,"turns":4},{"damage":0,"enemies":"3 Byrds","floor":19,"turns":3},{"damage":20,"enemies":"3 Cultists","floor":21,"turns":4},{"damage":31,"enemies":"Slavers","floor":24,"turns":4},{"damage":6,"enemies":"Centurion and Healer","floor":25,"turns":3}],"seed_played":"3487610014974821504","potions_obtained":[{"floor":2,"key":"Regen Potion"},{"floor":6,"key":"Ancient Potion"},{"floor":13,"key":"Dexterity Potion"},{"floor":14,"key":"Fire Potion"},{"floor":19,"key":"SkillPotion"},{"floor":24,"key":"BlessingOfTheForge"}],"is_trial":false,"path_per_floor":["M","M","?","M","?","E","R","$","T","M","?","M","M","E","R","B",null,"M","M","$","M","?","R","E","M"],"character_chosen":"THE_SILENT","items_purchased":["Catalyst","Apotheosis"],"campfire_rested":3,"item_purchase_floors":[8,20],"current_hp_per_floor":[51,48,48,45,50,21,42,42,42,29,29,29,23,17,38,14,57,31,31,31,11,11,32,1,0,0],"gold":91,"neow_bonus":"THREE_RARE_CARDS","is_daily":false,"chose_seed":false,"campfire_upgraded":0,"win_rate":0.0,"timestamp":1611494579,"path_taken":["M","M","?","M","?","E","R","$","T","M","?","?","M","E","R","BOSS","M","M","$","M","?","R","E","?"],"items_purchased_type":["Card","Card"],"build_version":"2020-12-22","purchased_purges":1,"victory":false,"max_hp_per_floor":[66,66,66,66,71,71,71,71,71,71,71,71,71,71,71,71,71,71,71,71,71,71,71,71,71,71],"card_choices":[{"not_picked":["Grand Finale","Storm of Steel"],"picked":"Corpse Explosion","floor":0},{"not_picked":["Blur","Cloak And Dagger"],"picked":"Flying Knee","floor":1},{"not_picked":["Prepared","Flying Knee"],"picked":"Noxious Fumes","floor":2},{"not_picked":["Dagger Spray","Masterful Stab"],"picked":"Malaise","floor":4},{"not_picked":["Sucker Punch","Escape Plan"],"picked":"Heel Hook","floor":6},{"not_picked":["Outmaneuver","Blade Dance"],"picked":"Backflip","floor":10},{"not_picked":["Deflect","Quick Slash"],"picked":"Crippling Poison","floor":12},{"not_picked":["Quick Slash","Blade Dance"],"picked":"Caltrops","floor":13},{"not_picked":["Night Terror","Slice"],"picked":"Noxious Fumes","floor":14},{"not_picked":["Night Terror","Storm of Steel"],"picked":"After Image","floor":16},{"not_picked":["Dagger Throw","Cloak And Dagger"],"picked":"Poisoned Stab","floor":18},{"not_picked":["Dagger Spray","Accuracy+1"],"picked":"Backflip","floor":19},{"not_picked":["Finisher","Backflip"],"picked":"Prepared","floor":21},{"not_picked":["Infinite Blades","Dagger Throw"],"picked":"Poisoned Stab","floor":24}],"player_experience":1254112,"relics_obtained":[{"floor":6,"key":"Bottled Flame"},{"floor":9,"key":"Letter Opener"},{"floor":14,"key":"WingedGreaves"},{"floor":24,"key":"Toy Ornithopter"}],"event_choices":[{"damage_healed":0,"gold_gain":0,"player_choice":"Take Wound","damage_taken":0,"relics_obtained":["Golden Idol"],"max_hp_gain":0,"max_hp_loss":0,"event_name":"Golden Idol","floor":3,"gold_loss":0,"cards_obtained":["Injury"]},{"damage_healed":0,"gold_gain":0,"player_choice":"Donut","damage_taken":0,"max_hp_gain":5,"max_hp_loss":0,"event_name":"Big Fish","floor":5,"gold_loss":0},{"damage_healed":0,"gold_gain":50,"player_choice":"Pray","damage_taken":0,"max_hp_gain":0,"max_hp_loss":0,"event_name":"Golden Shrine","floor":11,"gold_loss":0},{"damage_healed":0,"gold_gain":0,"player_choice":"Upgraded","damage_taken":0,"max_hp_gain":0,"max_hp_loss":0,"event_name":"Upgrade Shrine","floor":22,"gold_loss":0,"cards_upgraded":["Apotheosis"]}],"is_beta":false,"boss_relics":[{"not_picked":["HoveringKite","Black Star"],"picked":"SlaversCollar"}],"items_purged_floors":[8],"is_endless":false,"potions_floor_spawned":[2,6,13,14,19,24],"killed_by":"Centurion and Healer","ascension_level":15}}