{"host":"09dggplywn8v9u5y","time":1611501901,"event":{"mods":["2.2 Compatiblity","AchievementEnabler","BaseMod","Better Altar","Better Match","Better Note","Better Sensory Stone","Better Skull","Better Third Choice","BetterRewards","Block Reminder","Colored Map","Colored Powertips","DeckTracker","Friendly Minions","Highlight Path","Jorbs\u0027s Wanderer Trilogy","Minty Spire (QoL Compilation)","Quick Restart","Random Character Button","Rare Cards Sparkle","Relic Sorter","Relic Stats","Shop Mod","StSLib","The Bug Knight","The Cursed","The Disciple","The Necromancer","The Runesmith","The Servant 0.9.4","Unceasing Turn Reminder"],"gold_per_floor":[118,133,144,144,155,155,174,174,201,201,218,233,261,271,271,372,372,387,406,425,439,439,439,639,639,639,651,44,60,60,73,73,175,225,244,255,28,0,0,0,16,16,16,16,35,47,61,73,73,73,73],"floor_reached":50,"language":"ENG","playtime":3184,"items_purged":["Strike_B","Rainbow"],"score":479,"play_id":"01612aca-ab1d-433c-b05c-b9dd768af2b9","local_time":"20210124122501","is_ascension_mode":false,"campfire_choices":[{"data":"Zap","floor":6,"key":"SMITH"},{"data":"Dualcast","floor":10,"key":"SMITH"},{"floor":15,"key":"REST"},{"floor":23,"key":"REST"},{"floor":25,"key":"REST"},{"floor":32,"key":"REST"},{"data":"Hologram","floor":40,"key":"SMITH"},{"floor":42,"key":"REST"},{"floor":44,"key":"REST"},{"floor":49,"key":"REST"}],"circlet_count":0,"master_deck":["Strike_B","Strike_B","Defend_B","Defend_B","Defend_B","Defend_B","Zap+1","Dualcast+1","Beam Cell","Hologram+1","FTL","Streamline","Beam Cell+1","Rebound","Reboot","Go for the Eyes","Go for the Eyes+1","Rebound","Scrape","Steam+1","Echo Form","Auto Shields","Compile Driver","Gash","FTL","BootSequence","FTL","Hologram","Beam Cell","Machine Learning"],"relics":["Cracked Core","Omamori","PreservedInsect","Vajra","Cursed Key","FaceOfCleric","StoneCalendar","MerchantsRug","Lizard Tail","Tiny House","Red Mask","Calipers"],"acts_visited":["Exordium","TheCity","TheBeyond"],"potions_floor_usage":[13,16,21,21,27,50],"damage_taken":[{"damage":4,"enemies":"Jaw Worm","floor":1,"turns":4},{"damage":4,"enemies":"Small Slimes","floor":2,"turns":3},{"damage":1,"enemies":"Cultist","floor":3,"turns":3},{"damage":7,"enemies":"Blue Slaver","floor":5,"turns":3},{"damage":0,"enemies":"3 Louse","floor":7,"turns":3},{"damage":2,"enemies":"Looter","floor":11,"turns":3},{"damage":4,"enemies":"2 Fungi Beasts","floor":12,"turns":2},{"damage":14,"enemies":"3 Sentries","floor":13,"turns":4},{"damage":0,"enemies":"Large Slime","floor":14,"turns":3},{"damage":23,"enemies":"Slime Boss","floor":16,"turns":9},{"damage":27,"enemies":"2 Thieves","floor":18,"turns":3},{"damage":8,"enemies":"3 Byrds","floor":19,"turns":5},{"damage":22,"enemies":"Snake Plant","floor":20,"turns":4},{"damage":16,"enemies":"Centurion and Healer","floor":21,"turns":4},{"damage":12,"enemies":"Chosen and Byrds","floor":27,"turns":4},{"damage":16,"enemies":"Shelled Parasite and Fungi","floor":29,"turns":4},{"damage":6,"enemies":"Centurion and Healer","floor":31,"turns":5},{"damage":89,"enemies":"Collector","floor":33,"turns":9},{"damage":18,"enemies":"3 Shapes","floor":35,"turns":4},{"damage":16,"enemies":"Orb Walker","floor":36,"turns":4},{"damage":36,"enemies":"Maw","floor":41,"turns":6},{"damage":4,"enemies":"Transient","floor":45,"turns":5},{"damage":15,"enemies":"Jaw Worm Horde","floor":46,"turns":4},{"damage":16,"enemies":"3 Darklings","floor":47,"turns":5},{"damage":32,"enemies":"4 Shapes","floor":48,"turns":5},{"damage":47,"enemies":"Awakened One","floor":50,"turns":6}],"seed_played":"5756902155262452108","potions_obtained":[{"floor":1,"key":"Strength Potion"},{"floor":3,"key":"DuplicationPotion"},{"floor":11,"key":"EssenceOfSteel"},{"floor":13,"key":"Dexterity Potion"},{"floor":18,"key":"SpeedPotion"},{"floor":27,"key":"Fruit Juice"},{"floor":31,"key":"SmokeBomb"},{"floor":34,"key":"PowerPotion"}],"is_trial":false,"path_per_floor":["M","M","M","$","M","R","M","?","T","R","M","M","E","M","R","B",null,"M","M","M","M","?","R","?","R","T","M","$","M","?","M","R","B",null,"M","M","$","?","?","R","M","R","T","R","M","M","M","M","R","B"],"character_chosen":"DEFECT","items_purchased":["MerchantsRug","Scrape","Lizard Tail","Gash","FTL"],"campfire_rested":7,"item_purchase_floors":[28,28,28,37,37],"current_hp_per_floor":[71,67,66,66,59,59,59,59,59,59,57,53,39,39,61,38,75,48,40,18,2,2,24,24,46,46,40,40,25,25,20,44,10,89,72,57,57,57,57,57,22,49,49,76,73,59,44,13,41,0,0],"gold":73,"neow_bonus":"RANDOM_COMMON_RELIC","is_daily":false,"chose_seed":false,"campfire_upgraded":3,"win_rate":0.0,"timestamp":1611501901,"path_taken":["M","M","M","$","M","R","M","?","T","R","?","M","E","M","R","BOSS","M","M","M","M","?","R","?","R","T","M","$","M","?","?","R","BOSS","M","M","$","?","?","R","M","R","T","R","M","M","M","M","R","BOSS"],"items_purchased_type":["Relic","Card","Relic","Card","Card"],"build_version":"2020-12-22","purchased_purges":2,"victory":false,"max_hp_per_floor":[75,75,75,75,75,75,75,75,75,75,75,75,75,75,75,75,75,75,75,75,75,75,75,75,75,75,81,81,82,82,83,83,84,89,90,91,91,91,91,91,92,92,92,92,93,94,95,96,96,96,96],"relic_stats":{"Lizard Tail":41,"FaceOfCleric":11,"counters":[26,114],"StoneCalendar":[52],"PreservedInsect":31,"Cursed Key":2,"obtain_stats":[{"MerchantsRug":28,"Lizard Tail":28,"Tiny House":34,"Calipers":43,"FaceOfCleric":22,"Vajra":13,"StoneCalendar":26,"PreservedInsect":9,"Omamori":0,"Red Mask":38,"Cracked Core":0,"Cursed Key":17},{"MerchantsRug":15,"Lizard Tail":15,"Tiny House":18,"Calipers":21,"FaceOfCleric":14,"Vajra":8,"StoneCalendar":14,"PreservedInsect":5,"Omamori":0,"Red Mask":20,"Cracked Core":0,"Cursed Key":10},{"MerchantsRug":57,"Lizard Tail":57,"Tiny House":75,"Calipers":89,"FaceOfCleric":53,"Vajra":25,"StoneCalendar":53,"PreservedInsect":16,"Omamori":0,"Red Mask":83,"Cracked Core":0,"Cursed Key":37}]},"card_choices":[{"not_picked":["Reprogram","Undo","Static Discharge"],"picked":"SKIP","floor":1},{"not_picked":["Genetic Algorithm","Cold Snap"],"picked":"Beam Cell","floor":2},{"not_picked":["Sweeping Beam","Rip and Tear"],"picked":"Hologram","floor":3},{"not_picked":["Hello World","Loop"],"picked":"FTL","floor":5},{"not_picked":["Conserve Battery","Static Discharge"],"picked":"Streamline","floor":7},{"not_picked":["Darkness","Redo","Ball Lightning"],"picked":"SKIP","floor":11},{"not_picked":["Leap","Aggregate"],"picked":"Beam Cell","floor":12},{"not_picked":["Genetic Algorithm","Redo","Compile Driver"],"picked":"SKIP","floor":13},{"not_picked":["Thunder Strike","Reinforced Body"],"picked":"Rebound","floor":14},{"not_picked":["Biased Cognition","Fission"],"picked":"Reboot","floor":16},{"not_picked":["Ball Lightning","Melter+1"],"picked":"Go for the Eyes","floor":18},{"not_picked":["Heatsinks","Leap+1"],"picked":"Go for the Eyes+1","floor":19},{"not_picked":["Chaos","Redo"],"picked":"Rebound","floor":20},{"not_picked":["Sweeping Beam","Streamline","Blizzard"],"picked":"SKIP","floor":21},{"not_picked":["Redo+1","Rip and Tear","Cold Snap+1"],"picked":"SKIP","floor":27},{"not_picked":["Stack","Thunder Strike"],"picked":"Steam+1","floor":29},{"not_picked":["Coolheaded","Conserve Battery","Chaos+1"],"picked":"SKIP","floor":31},{"not_picked":["Amplify","Creative AI"],"picked":"Echo Form","floor":33},{"not_picked":["Stack+1","Chill+1"],"picked":"Auto Shields","floor":34},{"not_picked":["Redo+1","Hello World"],"picked":"Compile Driver","floor":35},{"not_picked":["Ball Lightning+1","Coolheaded+1","White Noise"],"picked":"SKIP","floor":36},{"not_picked":["Tempest","Streamline+1"],"picked":"BootSequence","floor":41},{"not_picked":["Sweeping Beam","Chill"],"picked":"FTL","floor":45},{"not_picked":["Rebound+1","Conserve Battery+1"],"picked":"Hologram","floor":46},{"not_picked":["Compile Driver+1","Streamline+1"],"picked":"Beam Cell","floor":47},{"not_picked":["Steam+1","Hologram"],"picked":"Machine Learning","floor":48}],"player_experience":60248,"relics_obtained":[{"floor":9,"key":"PreservedInsect"},{"floor":13,"key":"Vajra"},{"floor":26,"key":"StoneCalendar"},{"floor":43,"key":"Calipers"}],"event_choices":[{"damage_healed":0,"gold_gain":1,"player_choice":"4","damage_taken":0,"max_hp_gain":0,"max_hp_loss":0,"event_name":"betterStone:BetterStone","floor":8,"gold_loss":0,"cards_obtained":["Enlightenment"]},{"damage_healed":0,"gold_gain":0,"player_choice":"Trade","damage_taken":0,"relics_obtained":["FaceOfCleric"],"max_hp_gain":0,"max_hp_loss":0,"event_name":"FaceTrader","floor":22,"gold_loss":0},{"damage_healed":0,"gold_gain":200,"player_choice":"Gold","damage_taken":0,"max_hp_gain":0,"max_hp_loss":0,"event_name":"Wheel of Change","floor":24,"gold_loss":0},{"damage_healed":0,"gold_gain":0,"cards_transformed":["Strike_B"],"player_choice":"Transformed","damage_taken":0,"max_hp_gain":0,"max_hp_loss":0,"event_name":"Transmorgrifier","floor":30,"gold_loss":0,"cards_obtained":["Rainbow"]},{"damage_healed":0,"gold_gain":0,"player_choice":"Paid","damage_taken":0,"relics_obtained":["Red Mask"],"max_hp_gain":0,"max_hp_loss":0,"event_name":"Tomb of Lord Red Mask","floor":38,"gold_loss":28},{"cards_removed":["Enlightenment"],"damage_healed":0,"gold_gain":0,"player_choice":"Removed Skill","damage_taken":0,"max_hp_gain":0,"max_hp_loss":0,"event_name":"Falling","floor":39,"gold_loss":0}],"is_beta":false,"boss_relics":[{"not_picked":["Runic Dome","Busted Crown"],"picked":"Cursed Key"},{"not_picked":["Runesmith:UraniumAnvil","Velvet Choker"],"picked":"Tiny House"}],"items_purged_floors":[28,37],"is_endless":false,"potions_floor_spawned":[1,3,11,13,14,18,27,31,35,41,46],"killed_by":"Awakened One","ascension_level":0}}