{"host":"pcbz64t4k17ey4z1","time":1611499878,"event":{"mods":["2.2 Compatiblity","AchievementEnabler","Act Like it!","Aspiration","BaseMod","Beaked The Cultist","Better Match","Better Third Choice","BetterRewards","Card Forge","Colored Map","Colored Powertips","Conspire","Disable Question Mark Monsters","Fireblade Mod","Friendly Minions","Gensokyo","GifTheSpireLib","Glutton Mod","Googly Eyes","Gremlin Mod","Hermit","Hubris","Infinite Spire","Koishi","Marisa????????","Minty Spire (QoL Compilation)","Permanent Neow","Potionbrewer","Quick Restart","Random Character Button","Rare Cards Sparkle","Relic Filter","Replay The Spire","Robot Space Explorer","Shade Mod","Shop Mod","Spicy Shops","StSLib","Stuff the Spire","SuperFastMode","The Cursed","The Druid","The Gatherer","The Hierophant","The IronCluck","The Jungle","The Marked","The Runesmith","Virulent Crown","Waifu the Spire","Wandering Minibosses","vexMod"],"gold_per_floor":[112,112,126,143,161,187,187,187,187,214,23,41,74,74,74,178,178,194,214,2,17,32,61,61,73,73,101,101,120,155,174,174,278,278,297,310,329,343,343,343,375,375,375,402,422,434,461,475,475,475,475,475,71,99,99],"floor_reached":56,"language":"ENG","playtime":2849,"items_purged":[],"score":2323,"play_id":"617f5fb0-3780-475e-8a0b-2642151021dc","local_time":"20210124145118","is_ascension_mode":true,"campfire_choices":[{"floor":7,"key":"REST"},{"data":"Runesmith:LithiumIon","floor":15,"key":"SMITH"},{"floor":32,"key":"RECALL"},{"data":"infinitespire:Execution","floor":40,"key":"SMITH"},{"data":"Runesmith:CraftMagma","floor":49,"key":"SMITH"},{"data":"Runesmith:CraftVitae","floor":52,"key":"SMITH"}],"circlet_count":0,"master_deck":["conspire:GhostlyDefend+1","Runesmith:CraftFirestone+1","Runesmith:Fortify+1","Madness+1","Runesmith:Firestorm+1","Runesmith:Grindstone+1","Runesmith:Electrocute+1","Runesmith:ChiselStab+1","Runesmith:Permafrost+1","Runesmith:LithiumIon+1","hubris:DuctTapeCard+2","Finesse+1","Runesmith:OneForEveryone+1","Runesmith:CraftMagma+1","Runesmith:UnlimitedPower+1","Runesmith:StaticCage+1","Runesmith:LithiumIon+1","Runesmith:ChiselStab+1","Runesmith:CraftMagma+1","Runesmith:UnstableHammer","Pot Of Greed+1","Pot Of Greed+1","Runesmith:RuneHurl","infinitespire:Execution+1","Runesmith:CraftMagma+1","Pot Of Greed+1","Runesmith:GoWithTheFlow","Runesmith:CraftMedicinae+1","Runesmith:CraftMedicinae+1","Runesmith:OneForEveryone+1","Runesmith:CraftVitae+1","Runesmith:PoweredAnvil+1","Runesmith:Empowerment+1","Runesmith:CraftVitae+1","Runesmith:LithiumIon+1","Panache+1","Runesmith:Firestorm+1"],"relics":["Runesmith:BrokenRuby","Hammer of Thor","Seething Fire","Anvil of the Gods","StuffTheSpire:ForceGauntlet","Counterbalance","Ice Cream","ClockworkSouvenir","infinitespire:CheckeredPen","Happy Flower","vexMod:ScavengeHelm","ReplayTheSpireMod:CursedCoin","hubris:DuctTape","Onion Ring","hubris:Metronome","Black Star","potionbrewer:Torch","Gremlin Food","MealTicket","wanderingMiniBosses:Inkheart","Frozen Egg 2","Grinning Jar","Lantern","StuffTheSpire:HeavyRock","infinitespire:Bottled Soul","Runesmith:UraniumAnvil","ReplayTheSpireMod:Shallot","Bronze Scales","hubris:Potato","Meat on the Bone","infinitespire:Magic Flask","Replay:Bottled Flurry","Potion Belt","PreservedInsect","hubris:SlimyHat","Strawberry","Mango","War Paint"],"acts_visited":["Exordium","TheCity","TheBeyond","TheEnding"],"potions_floor_usage":[13,13,21,25,55],"damage_taken":[{"damage":2,"enemies":"Small Slimes","floor":1,"turns":5},{"damage":2,"enemies":"Jaw Worm","floor":3,"turns":3},{"damage":3,"enemies":"Cultist","floor":4,"turns":3},{"damage":0,"enemies":"Red Slaver","floor":5,"turns":2},{"damage":19,"enemies":"3 Sentries","floor":6,"turns":7},{"damage":8,"enemies":"Lagavulin","floor":10,"turns":5},{"damage":0,"enemies":"Looter","floor":12,"turns":3},{"damage":0,"enemies":"3 Sentries","floor":13,"turns":6},{"damage":5,"enemies":"Hexaghost","floor":16,"turns":7},{"damage":20,"enemies":"Chosen","floor":18,"turns":5},{"damage":0,"enemies":"Shell Parasite","floor":19,"turns":4},{"damage":0,"enemies":"Centurion and Healer","floor":21,"turns":6},{"damage":23,"enemies":"Snake Plant","floor":22,"turns":4},{"damage":17,"enemies":"Book of Stabbing","floor":23,"turns":5},{"damage":0,"enemies":"3 Cultists","floor":25,"turns":6},{"damage":1,"enemies":"Nightmare","floor":27,"turns":5},{"damage":0,"enemies":"Snecko","floor":29,"turns":1},{"damage":2,"enemies":"Book of Stabbing","floor":30,"turns":2},{"damage":0,"enemies":"Cultist and Chosen","floor":31,"turns":1},{"damage":0,"enemies":"Champ","floor":33,"turns":2},{"damage":0,"enemies":"3 Shapes","floor":35,"turns":2},{"damage":0,"enemies":"3 Darklings","floor":36,"turns":1},{"damage":4,"enemies":"Writhing Mass","floor":37,"turns":2},{"damage":5,"enemies":"Maw","floor":38,"turns":3},{"damage":0,"enemies":"Nemesis","floor":41,"turns":3},{"damage":0,"enemies":"Giant Head","floor":44,"turns":2},{"damage":0,"enemies":"Sphere and 2 Shapes","floor":45,"turns":2},{"damage":0,"enemies":"3 Darklings","floor":46,"turns":2},{"damage":0,"enemies":"Reptomancer","floor":47,"turns":3},{"damage":0,"enemies":"4 Shapes","floor":48,"turns":2},{"damage":0,"enemies":"Awakened One","floor":50,"turns":5},{"damage":0,"enemies":"Shield and Spear","floor":54,"turns":2},{"damage":0,"enemies":"The Heart","floor":55,"turns":4}],"seed_played":"8973579767474785426","potions_obtained":[{"floor":1,"key":"Strength Potion"},{"floor":10,"key":"Adrenaline Potion"},{"floor":12,"key":"potionbrewer:DiscountPotion"},{"floor":19,"key":"Block Potion"},{"floor":22,"key":"SteroidPotion"},{"floor":23,"key":"DistilledChaos"},{"floor":29,"key":"Elixir"},{"floor":30,"key":"LifebloodPotion"},{"floor":35,"key":"Block Potion"}],"is_trial":false,"path_per_floor":["M","?","M","M","M","E","R","?","T","E","$","M","E","?","R","B",null,"M","M","$","M","M","E","?","M","T","NM","?","M","E","M","R_BF","B",null,"M","M","M","M","T","R","E","?","T","E","M","M","E","M","R","B",null,"R","$","E","B",null],"character_chosen":"RUNESMITH_CLASS","items_purchased":["StuffTheSpire:ForceGauntlet","Madness","Runesmith:Firestorm","Runesmith:Grindstone","Ice Cream","ClockworkSouvenir","ReplayTheSpireMod:CursedCoin","hubris:DuctTape","Finesse","Runesmith:LithiumIon","potionbrewer:Torch","hubris:SlimyHat","Strawberry","Panache+1"],"campfire_rested":1,"item_purchase_floors":[0,0,0,0,0,0,11,11,11,20,20,53,53,53],"current_hp_per_floor":[68,68,66,63,63,44,65,65,65,57,57,57,57,57,57,52,70,50,50,50,50,27,10,10,10,10,9,9,9,7,7,7,7,70,70,70,66,68,68,68,68,68,68,70,70,70,70,70,70,70,70,70,77,91,91],"gold":99,"neow_bonus":"","is_daily":false,"chose_seed":false,"campfire_upgraded":4,"win_rate":0.0,"timestamp":1611499878,"path_taken":["M","?","M","M","M","E","R","?","T","E","$","M","E","?","R","BOSS","M","M","$","M","M","E","?","M","T","NM","?","?","E","M","R_BF","BOSS","M","?","M","M","?","R","E","?","T","E","M","M","E","M","R","BOSS","R","$","E","BOSS"],"items_purchased_type":["Relic","Card","Card","Card","Relic","Relic","Relic","Relic","Card","Card","Relic","Relic","Relic","Card"],"build_version":"2020-12-22","purchased_purges":0,"victory":true,"max_hp_per_floor":[70,70,70,70,70,70,70,70,70,70,70,70,70,70,70,70,70,70,70,70,70,70,70,70,70,70,70,70,70,70,70,70,70,70,70,70,70,70,70,70,70,70,70,70,70,70,70,70,70,70,70,70,77,91,91],"card_choices":[{"not_picked":["Runesmith:BackupBattery","Runesmith:CraftIncendium"],"picked":"Runesmith:Electrocute","floor":1},{"not_picked":["Runesmith:CraftMagma","Runesmith:UnstableHammer"],"picked":"Runesmith:ChiselStab","floor":3},{"not_picked":["Runesmith:DoubleUp","Runesmith:HeatedChisel"],"picked":"Runesmith:RuneHurl","floor":4},{"not_picked":["Runesmith:HeatedChisel","Runesmith:HammerThrow"],"picked":"Runesmith:Permafrost","floor":5},{"not_picked":["Runesmith:Firestorm","Runesmith:Duplicate"],"picked":"Runesmith:LithiumIon","floor":6},{"not_picked":["Runesmith:MakeshiftArmor","Runesmith:BackupBattery"],"picked":"Runesmith:RuneHurl","floor":10},{"not_picked":["Runesmith:StaticCage","Runesmith:BackupBattery"],"picked":"Runesmith:OneForEveryone","floor":12},{"not_picked":["Runesmith:GenerateForcefield","Runesmith:EarthShield"],"picked":"Runesmith:CraftMagma","floor":13},{"not_picked":["Runesmith:CraftIndustria","Runesmith:LastStand"],"picked":"Runesmith:UnlimitedPower","floor":16},{"not_picked":["Runesmith:HammerAndChisel","Runesmith:HammerThrow"],"picked":"Runesmith:StaticCage+1","floor":18},{"not_picked":["Runesmith:OneForEveryone+1","Runesmith:Repurpose","Runesmith:StaticCage+1"],"picked":"SKIP","floor":19},{"not_picked":["Runesmith:RuneHurl","Runesmith:HeatExchange","Runesmith:Grindstone"],"picked":"SKIP","floor":21},{"not_picked":["Runesmith:HeatedChisel","Runesmith:HeatExchange"],"picked":"Runesmith:ChiselStab","floor":22},{"not_picked":["Runesmith:LastStand","Runesmith:HeatedChisel"],"picked":"Runesmith:CraftMagma","floor":23},{"not_picked":["Runesmith:Repurpose","Runesmith:Prism"],"picked":"Runesmith:UnstableHammer","floor":25},{"not_picked":["Runesmith:PerfectChisel","Runesmith:BackupBattery"],"picked":"Runesmith:RuneHurl","floor":27},{"not_picked":["infinitespire:Punishment","infinitespire:NeuralNetwork"],"picked":"infinitespire:Execution","floor":27},{"not_picked":["Runesmith:HeatExchange","Runesmith:Grindstone"],"picked":"Runesmith:CraftMagma","floor":29},{"not_picked":["Runesmith:StaticCage","Runesmith:EnergizedChisel"],"picked":"Runesmith:GoWithTheFlow","floor":30},{"not_picked":["Runesmith:CraftReservo+1","Runesmith:Grindstone"],"picked":"Runesmith:CraftMedicinae","floor":31},{"not_picked":["Runesmith:CreatorForm+1","Runesmith:CraftPrismatica"],"picked":"Runesmith:CraftMedicinae","floor":33},{"not_picked":["Runesmith:Retool+1","Runesmith:CraftReservo+1","Runesmith:Superposition"],"picked":"SKIP","floor":35},{"not_picked":["Runesmith:NanitesCloud+1","Runesmith:Grindstone"],"picked":"Runesmith:OneForEveryone","floor":36},{"not_picked":["Runesmith:EarthShield+1","Runesmith:EnergizedChisel"],"picked":"Runesmith:CraftVitae+1","floor":37},{"not_picked":["Runesmith:Grindstone+1","Runesmith:CraftMagma+1","Runesmith:CraftReservo"],"picked":"SKIP","floor":38},{"not_picked":["Runesmith:HeatedChisel+1","Runesmith:ChiselStab+1"],"picked":"Runesmith:PoweredAnvil+1","floor":41},{"not_picked":["Runesmith:NegativeSpace","Runesmith:GenerateForcefield","Runesmith:Overpower"],"picked":"SKIP","floor":44},{"not_picked":["Runesmith:HammerAndChisel","Runesmith:EarthShield+1"],"picked":"Runesmith:Empowerment+1","floor":45},{"not_picked":["Runesmith:Repurpose+1","Runesmith:EarthShield"],"picked":"Runesmith:CraftVitae","floor":46},{"not_picked":["Runesmith:ChargedHammer+1","Runesmith:Reinforce"],"picked":"Runesmith:LithiumIon+1","floor":47},{"not_picked":["Runesmith:Overpower+1","Runesmith:HeatedChisel+1","Runesmith:CraftProtectio"],"picked":"SKIP","floor":48},{"not_picked":["Runesmith:ChiselStab","Runesmith:Prism+1"],"picked":"Runesmith:Firestorm+1","floor":54}],"player_experience":3353446,"relics_obtained":[{"floor":6,"key":"Happy Flower"},{"floor":10,"key":"vexMod:ScavengeHelm"},{"floor":13,"key":"Onion Ring"},{"floor":14,"key":"hubris:Metronome"},{"floor":23,"key":"Gremlin Food"},{"floor":23,"key":"MealTicket"},{"floor":25,"key":"wanderingMiniBosses:Inkheart"},{"floor":26,"key":"Frozen Egg 2"},{"floor":27,"key":"Grinning Jar"},{"floor":27,"key":"Lantern"},{"floor":30,"key":"StuffTheSpire:HeavyRock"},{"floor":30,"key":"infinitespire:Bottled Soul"},{"floor":39,"key":"ReplayTheSpireMod:Shallot"},{"floor":41,"key":"Bronze Scales"},{"floor":41,"key":"hubris:Potato"},{"floor":43,"key":"Meat on the Bone"},{"floor":44,"key":"infinitespire:Magic Flask"},{"floor":44,"key":"Replay:Bottled Flurry"},{"floor":47,"key":"Potion Belt"},{"floor":47,"key":"PreservedInsect"},{"floor":54,"key":"Mango"},{"floor":54,"key":"War Paint"}],"event_choices":[{"damage_healed":0,"gold_gain":0,"player_choice":"Box","damage_taken":0,"relics_obtained":["infinitespire:CheckeredPen"],"max_hp_gain":0,"max_hp_loss":0,"event_name":"Big Fish","floor":2,"gold_loss":0,"cards_obtained":["Regret"]},{"damage_healed":0,"gold_gain":0,"player_choice":"Agree","damage_taken":0,"max_hp_gain":0,"max_hp_loss":0,"event_name":"conspire:LoneGhost","floor":8,"gold_loss":0},{"damage_healed":0,"gold_gain":0,"player_choice":"Ignored","damage_taken":0,"max_hp_gain":0,"max_hp_loss":0,"event_name":"Cursed Tome","floor":24,"gold_loss":0},{"cards_removed":["conspire:GhostlyDefend"],"damage_healed":0,"gold_gain":0,"player_choice":"Elegance","damage_taken":0,"max_hp_gain":0,"max_hp_loss":0,"event_name":"betterThird:BetterWriting","floor":28,"gold_loss":0},{"damage_healed":0,"gold_gain":0,"player_choice":"Ignored","damage_taken":0,"max_hp_gain":0,"max_hp_loss":0,"event_name":"Tomb of Lord Red Mask","floor":42,"gold_loss":0}],"is_beta":false,"boss_relics":[{"not_picked":["hubris:ScarierMask","conspire:SpecialSausage"],"picked":"Black Star"},{"not_picked":["aspiration:RunicSpoon","conspire:SeveredTorchhead"],"picked":"Runesmith:UraniumAnvil"}],"items_purged_floors":[],"is_endless":false,"potions_floor_spawned":[1,10,12,19,22,23,29,30,35,41,45,46],"ascension_level":4}}