{"host":"urvvf8749ekcxo1a","time":1611529238,"event":{"mods":["AchievementEnabler","Bartender","BaseMod","BetterRewards","Colored Powertips","Displayed Cursed Tome","Evolution","Gold Saver","KinomotoSakuraMod(????)","Minty Spire (QoL Compilation)","Quick Restart","Relic Filter","StSLib","SuperFastMode","The Animator","The Cursed","The Hierophant","The Marked","The Servant 0.9.4","TheHero"],"gold_per_floor":[717,892,907,857,872,722,722,737,812,827,827,358,358,373,373,473,523,538,553,568,568,568],"floor_reached":21,"language":"ENG","playtime":770,"items_purged":[],"score":173,"play_id":"f5f37c86-ce2d-494a-8135-775ba7e0c91a","local_time":"20210124180038","daily_mods":["Draft","Purple Cards","Terminal"],"is_ascension_mode":false,"campfire_choices":[{"data":"theMarked:ComboAttacks","floor":7,"key":"SMITH"},{"floor":11,"key":"REST"},{"data":"theMarked:Opportunist","floor":15,"key":"SMITH"}],"circlet_count":0,"master_deck":["theMarked:Static","theMarked:Indomitable","theMarked:Reabsorb","theMarked:StartUp","theMarked:RogueSparks","theMarked:RepellingDischarge","theMarked:BanishingStrike","theMarked:Parkour","theMarked:CreepingChasm","theMarked:Opportunist+1","theMarked:Improvise+1","theMarked:ChainLightning","theMarked:Generate","theMarked:ShockingTouch","theMarked:EmpowerWeapon","theMarked:EmpowerWeapon","theMarked:ComboAttacks+1","theMarked:Aftermath","theMarked:Electrocute","Bandage Up","theMarked:Levitate","theMarked:EmpowerWeapon","theMarked:GodGivenPower+1","theMarked:Generate+1"],"relics":["theMarked:ArtifactOfAir","EVO:Axolotl","theMarked:Winder","Pear","Membership Card","Calipers","Eternal Feather","Tiny House"],"acts_visited":["Exordium","TheCity"],"potions_floor_usage":[16,16,20],"damage_taken":[{"damage":0,"enemies":"Small Slimes","floor":1,"turns":2},{"damage":1,"enemies":"2 Louse","floor":3,"turns":2},{"damage":14,"enemies":"Jaw Worm","floor":5,"turns":3},{"damage":13,"enemies":"Lots of Slimes","floor":8,"turns":2},{"damage":14,"enemies":"Gremlin Gang","floor":10,"turns":3},{"damage":4,"enemies":"2 Fungi Beasts","floor":14,"turns":3},{"damage":61,"enemies":"The Guardian","floor":16,"turns":7},{"damage":25,"enemies":"3 Byrds","floor":18,"turns":4},{"damage":21,"enemies":"Spheric Guardian","floor":19,"turns":4},{"damage":19,"enemies":"Centurion and Healer","floor":20,"turns":5},{"damage":6,"enemies":"Snake Plant","floor":21,"turns":4}],"seed_played":"-992185634128019100","potions_obtained":[{"floor":3,"key":"EssenceOfSteel"},{"floor":5,"key":"ColorlessPotion"},{"floor":16,"key":"FearPotion"},{"floor":17,"key":"CultistPotion"},{"floor":19,"key":"Block Potion"}],"is_trial":false,"path_per_floor":["M","?","M","?","M","$","R","M","T","M","R","$","$","M","R","B",null,"M","M","M","M"],"character_chosen":"THE_DEFAULT","items_purchased":["theMarked:Winder","Membership Card","Calipers","Eternal Feather","Bandage Up"],"campfire_rested":1,"item_purchase_floors":[6,12,12,12,12],"current_hp_per_floor":[70,69,68,67,53,53,53,40,50,36,57,57,57,57,66,5,69,44,27,12,10,10],"gold":568,"neow_bonus":"","is_daily":true,"chose_seed":false,"campfire_upgraded":2,"win_rate":0.0,"timestamp":1611529238,"path_taken":["M","?","M","?","M","$","R","M","T","M","R","?","$","M","R","BOSS","M","?","M","M"],"items_purchased_type":["Relic","Relic","Relic","Relic","Card"],"build_version":"2020-12-22","purchased_purges":0,"victory":false,"max_hp_per_floor":[70,69,68,67,66,65,64,63,72,71,70,69,68,67,66,65,69,68,67,66,66,66],"card_choices":[{"not_picked":["theMarked:EmpowerWeapon","theMarked:Memento"],"picked":"theMarked:Static","floor":0},{"not_picked":["theMarked:TakeCover","theMarked:ResourceFulStrike"],"picked":"theMarked:Indomitable","floor":0},{"not_picked":["theMarked:ElectricStrings","theMarked:RepellingDischarge"],"picked":"theMarked:Reabsorb","floor":0},{"not_picked":["theMarked:Polarize","theMarked:ParalyzingBlade"],"picked":"theMarked:StartUp","floor":0},{"not_picked":["theMarked:Pokerface","theMarked:Maelstrom"],"picked":"theMarked:RogueSparks","floor":0},{"not_picked":["theMarked:TakeCover","theMarked:Memento"],"picked":"theMarked:RepellingDischarge","floor":0},{"not_picked":["theMarked:Frustration","theMarked:ElectricStrings"],"picked":"theMarked:BanishingStrike","floor":0},{"not_picked":["theMarked:Memento","theMarked:WardOff"],"picked":"theMarked:Parkour","floor":0},{"not_picked":["theMarked:ResourceFulStrike","theMarked:WastefulAttack"],"picked":"theMarked:CreepingChasm","floor":0},{"not_picked":["theMarked:ResourceFulStrike","theMarked:TakeCover"],"picked":"theMarked:Opportunist","floor":0},{"not_picked":["theMarked:Frustration","theMarked:SwordAndMagic"],"picked":"theMarked:Improvise","floor":0},{"not_picked":["theMarked:TakeCover","theMarked:Parkour"],"picked":"theMarked:ChainLightning","floor":0},{"not_picked":["theMarked:EmpowerWeapon","theMarked:Convert"],"picked":"theMarked:Generate","floor":0},{"not_picked":["theMarked:TunnelVision","theMarked:Memento"],"picked":"theMarked:ShockingTouch","floor":0},{"not_picked":["theMarked:Parkour","theMarked:ResourceFulStrike"],"picked":"theMarked:EmpowerWeapon","floor":0},{"not_picked":["theMarked:KeepCalmAndFight","theMarked:ResourceFulStrike"],"picked":"theMarked:EmpowerWeapon","floor":1},{"not_picked":["theMarked:Aftermath","theMarked:RepellingDischarge"],"picked":"theMarked:ComboAttacks","floor":3},{"not_picked":["theMarked:EmpowerWeapon","theMarked:ResourceFulStrike"],"picked":"theMarked:Aftermath","floor":5},{"not_picked":["theMarked:Improvise","theMarked:WardOff","theMarked:Maelstrom"],"picked":"SKIP","floor":8},{"not_picked":["theMarked:Seal","theMarked:Pokerface"],"picked":"theMarked:Electrocute","floor":10},{"not_picked":["theMarked:TwofoldDefense","theMarked:HeightenedSenses","theMarked:RogueSparks"],"picked":"SKIP","floor":14},{"not_picked":["theMarked:Abjuration","theMarked:BindingBlade"],"picked":"theMarked:Levitate","floor":16},{"not_picked":["theMarked:Indomitable","theMarked:RepellingDischarge"],"picked":"theMarked:EmpowerWeapon","floor":17},{"not_picked":["theMarked:Seal","theMarked:WastefulAttack","theMarked:SelfDefenseTraining+1"],"picked":"SKIP","floor":18},{"not_picked":["theMarked:WastefulAttack","theMarked:UnarmedFury"],"picked":"theMarked:GodGivenPower+1","floor":19},{"not_picked":["theMarked:BanishingStrike","theMarked:ElectricStrings"],"picked":"theMarked:Generate+1","floor":20}],"player_experience":165215,"relics_obtained":[{"floor":9,"key":"Pear"}],"event_choices":[{"damage_healed":0,"gold_gain":175,"player_choice":"AGREE","damage_taken":0,"max_hp_gain":0,"max_hp_loss":0,"event_name":"Liars Game","floor":2,"gold_loss":0,"cards_obtained":["Doubt"]},{"cards_removed":["Doubt"],"damage_healed":0,"gold_gain":0,"player_choice":"Card Removal","damage_taken":0,"max_hp_gain":0,"max_hp_loss":0,"event_name":"The Cleric","floor":4,"gold_loss":50}],"is_beta":false,"boss_relics":[{"not_picked":["Sozu","Empty Cage"],"picked":"Tiny House"}],"items_purged_floors":[],"is_endless":false,"potions_floor_spawned":[3,5,16,19],"killed_by":"Snake Plant","ascension_level":0}}