{"host":"07hijahnzjd8voao","time":1611529139,"event":{"mods":["BaseMod","Better Third Choice","Colored Map","Colored Powertips","Hermit","Mimic Mod","Minty Spire (QoL Compilation)","StSLib","The Cursed","The Runesmith","slay the spire mod where everything is the same but ironclad has a cowboy hat"],"gold_per_floor":[111,111,111,111,61,96,121,121,147,52,52,95,169,192,192,192,192],"floor_reached":16,"language":"ENG","playtime":1258,"items_purged":[],"score":131,"play_id":"6d076326-c7cf-4f13-9b8a-0ee2fdcb4506","local_time":"20210124175859","is_ascension_mode":false,"campfire_choices":[{"data":"TheCursedMod:SurpriseAttack","floor":8,"key":"SMITH"},{"data":"Trip","floor":11,"key":"SMITH"},{"floor":15,"key":"REST"}],"circlet_count":0,"master_deck":["TheCursedMod:Strike_TheCursed","TheCursedMod:Strike_TheCursed","TheCursedMod:Strike_TheCursed","TheCursedMod:Defend_TheCursed","TheCursedMod:Defend_TheCursed","TheCursedMod:Defend_TheCursed","TheCursedMod:Defend_TheCursed","TheCursedMod:CursedWand+1","TheCursedMod:CleanUpWorkshop","TheCursedMod:Dregs","TheCursedMod:CursedAmulet","Injury","Burn","TheCursedMod:ReleasedKnowledge","TheCursedMod:SurpriseAttack+1","Trip+1","TheCursedMod:Evocation","TheCursedMod:FleshFromBone","TheCursedMod:CircleOfFlame"],"relics":["TheCursedMod:BlackMagic101","NeowsBlessing","Golden Idol","Orichalcum","Happy Flower","Shovel","Blood Vial"],"acts_visited":["Exordium"],"potions_floor_usage":[13,16],"damage_taken":[{"damage":0,"enemies":"Jaw Worm","floor":1,"turns":1},{"damage":0,"enemies":"Gremlin Nob","floor":6,"turns":1},{"damage":0,"enemies":"2 Louse","floor":7,"turns":2},{"damage":27,"enemies":"Lagavulin","floor":12,"turns":7},{"damage":15,"enemies":"3 Sentries","floor":13,"turns":14},{"damage":0,"enemies":"Small Slimes","floor":14,"turns":4},{"damage":66,"enemies":"The Guardian","floor":16,"turns":17}],"seed_played":"-6318269003767337960","potions_obtained":[{"floor":6,"key":"DistilledChaos"},{"floor":12,"key":"Swift Potion"}],"is_trial":false,"path_per_floor":["M","?","?","?","?","E","M","R","T","$","R","E","?","M","R","B"],"character_chosen":"THE_CURSED","items_purchased":["Trip"],"campfire_rested":1,"item_purchase_floors":[10],"current_hp_per_floor":[75,75,75,75,75,75,75,75,75,75,75,48,35,37,59,0,0],"gold":192,"neow_bonus":"THREE_ENEMY_KILL","is_daily":false,"chose_seed":false,"campfire_upgraded":2,"win_rate":0.0,"timestamp":1611529139,"path_taken":["M","?","?","?","?","E","?","R","T","$","R","E","?","M","R","BOSS"],"items_purchased_type":["Card"],"build_version":"2020-12-22","purchased_purges":0,"victory":false,"max_hp_per_floor":[75,75,75,75,75,75,75,75,75,75,75,75,75,75,75,75,75],"card_choices":[{"not_picked":["TheCursedMod:Stretching","TheCursedMod:ManaBullet"],"picked":"TheCursedMod:CursedAmulet","floor":1},{"not_picked":["TheCursedMod:SaltUponWound","TheCursedMod:SoulCrush"],"picked":"TheCursedMod:ReleasedKnowledge","floor":6},{"not_picked":["TheCursedMod:Mangle","TheCursedMod:CircleOfCorruption"],"picked":"TheCursedMod:SurpriseAttack","floor":7},{"not_picked":["TheCursedMod:ManaBullet","TheCursedMod:LuckyCharm"],"picked":"TheCursedMod:Evocation","floor":12},{"not_picked":["TheCursedMod:RapidMovement","TheCursedMod:CursedAmulet"],"picked":"TheCursedMod:FleshFromBone","floor":13},{"not_picked":["TheCursedMod:CircleOfWindfury","TheCursedMod:CursedBlade"],"picked":"TheCursedMod:CircleOfFlame","floor":14}],"player_experience":805084,"relics_obtained":[{"floor":6,"key":"Orichalcum"},{"floor":9,"key":"Happy Flower"},{"floor":12,"key":"Shovel"}],"event_choices":[{"damage_healed":0,"gold_gain":0,"player_choice":"Grow","damage_taken":0,"max_hp_gain":0,"max_hp_loss":0,"event_name":"Living Wall","floor":2,"gold_loss":0,"cards_upgraded":["TheCursedMod:CursedWand"]},{"damage_healed":0,"gold_gain":0,"player_choice":"Take Wound","damage_taken":0,"relics_obtained":["Golden Idol"],"max_hp_gain":0,"max_hp_loss":0,"event_name":"Golden Idol","floor":3,"gold_loss":0,"cards_obtained":["Injury"]},{"damage_healed":75,"gold_gain":0,"player_choice":"Embrace Burn","damage_taken":0,"max_hp_gain":0,"max_hp_loss":75,"event_name":"betterThird:BetterShining","floor":4,"gold_loss":0},{"cards_removed":["TheCursedMod:Strike_TheCursed"],"damage_healed":0,"gold_gain":0,"player_choice":"Card Removal","damage_taken":0,"max_hp_gain":0,"max_hp_loss":0,"event_name":"The Cleric","floor":5,"gold_loss":50},{"damage_healed":0,"gold_gain":0,"player_choice":"Searched \u00273\u0027 times","damage_taken":0,"relics_obtained":["Blood Vial"],"max_hp_gain":0,"max_hp_loss":0,"event_name":"Dead Adventurer","floor":13,"gold_loss":0}],"is_beta":false,"boss_relics":[],"items_purged_floors":[],"is_endless":false,"potions_floor_spawned":[6,12],"killed_by":"The Guardian","ascension_level":0}}