{"host":"vyjryxuuuxkt43k4","time":1611500428,"event":{"mods":["AchievementEnabler","BaseMod","Colored Map","DeckTracker","Keyboard Shortcuts","Minty Spire (QoL Compilation)","Permanent Neow","Quick Restart","Rare Cards Sparkle","StSLib","SuperFastMode","everything is the same but u backflip on backflip"],"gold_per_floor":[110,122,7,282,207,207,233,246,270,288,288,317,317,333,333,333,333],"floor_reached":16,"language":"KOR","playtime":583,"items_purged":["Regret"],"score":220,"play_id":"65294ed3-18c4-4227-8aa3-18d50fcdc7bf","local_time":"20210125000028","is_ascension_mode":true,"campfire_choices":[{"data":"Whirlwind","floor":6,"key":"SMITH"},{"data":"Pommel Strike","floor":11,"key":"SMITH"},{"data":"Barricade","floor":13,"key":"SMITH"},{"floor":15,"key":"REST"}],"circlet_count":0,"master_deck":["AscendersBane","Strike_R","Strike_R","Strike_R","Strike_R","Strike_R","Defend_R","Defend_R","Defend_R","Defend_R","Bash","Feed","Disarm","Whirlwind+1","Shrug It Off","Headbutt","Pommel Strike+1","Barricade+1","Body Slam"],"relics":["Burning Blood","Bronze Scales","Oddly Smooth Stone","Akabeko"],"acts_visited":["Exordium"],"potions_floor_usage":[7,12,12],"damage_taken":[{"damage":0,"enemies":"2 Louse","floor":1,"turns":2},{"damage":4,"enemies":"Cultist","floor":2,"turns":3},{"damage":42,"enemies":"3 Sentries","floor":7,"turns":5},{"damage":4,"enemies":"Small Slimes","floor":8,"turns":4},{"damage":11,"enemies":"Looter","floor":10,"turns":4},{"damage":19,"enemies":"Lagavulin","floor":12,"turns":5},{"damage":17,"enemies":"Exordium Thugs","floor":14,"turns":5},{"damage":44,"enemies":"Hexaghost","floor":16,"turns":11}],"seed_played":"5030337618106019151","potions_obtained":[{"floor":1,"key":"ElixirPotion"},{"floor":7,"key":"DistilledChaos"},{"floor":10,"key":"ColorlessPotion"}],"is_trial":false,"path_per_floor":["M","M","$","?","$","R","E","M","T","M","R","E","R","M","R","B"],"character_chosen":"IRONCLAD","items_purchased":["Shrug It Off","ColorlessPotion"],"campfire_rested":1,"item_purchase_floors":[3,3],"current_hp_per_floor":[59,64,64,64,64,64,28,33,33,31,31,22,22,14,42,0,0],"gold":333,"neow_bonus":"THREE_RARE_CARDS","is_daily":false,"chose_seed":false,"campfire_upgraded":3,"win_rate":0.0,"timestamp":1611500428,"path_taken":["M","M","$","?","?","R","E","M","T","M","R","E","R","M","R","BOSS"],"items_purchased_type":["Card","Potion"],"build_version":"2020-12-22","purchased_purges":1,"victory":false,"max_hp_per_floor":[78,81,81,81,81,81,81,84,84,87,87,91,91,94,94,94,94],"card_choices":[{"not_picked":["Reaper","Limit Break"],"picked":"Feed","floor":0},{"not_picked":["Rampage","Thunderclap"],"picked":"Disarm","floor":1},{"not_picked":["Seeing Red","Ghostly Armor"],"picked":"Whirlwind","floor":2},{"not_picked":["Flex","Clash"],"picked":"Headbutt","floor":7},{"not_picked":["Sword Boomerang","Heavy Blade"],"picked":"Pommel Strike","floor":8},{"not_picked":["Combust","Heavy Blade","Thunderclap"],"picked":"SKIP","floor":10},{"not_picked":["Perfected Strike","Cleave"],"picked":"Barricade","floor":12},{"not_picked":["Inflame","Flame Barrier"],"picked":"Body Slam","floor":14}],"player_experience":295236,"relics_obtained":[{"floor":7,"key":"Bronze Scales"},{"floor":9,"key":"Oddly Smooth Stone"},{"floor":12,"key":"Akabeko"}],"event_choices":[{"damage_healed":0,"gold_gain":275,"player_choice":"Desecrate","damage_taken":0,"max_hp_gain":0,"max_hp_loss":0,"event_name":"Golden Shrine","floor":4,"gold_loss":0,"cards_obtained":["Regret"]}],"is_beta":false,"boss_relics":[],"items_purged_floors":[5],"is_endless":false,"potions_floor_spawned":[1,7,10],"killed_by":"Hexaghost","ascension_level":20}}