{"host":"avq773cl9g5msfol","time":1611486882,"event":{"mods":["100% Spire Juice","AchievementEnabler","Act Like it!","Ascension Unlocker","Aspiration","Astrologer","Bard","Bartender","BaseMod","Better Altar","Better Third Choice","BetterRewards","CapriCore","ChefMod","Colored Map","Colored Powertips","Conspire","Dio Mod","Downfall","Elementarium","Energized Spire","Gensokyo","GifTheSpireLib","GungeonMod","Hallownest","Hermit","Highlight Path","Hubris","Humility","Infinite Spire","Jorbs\u0027s Wanderer Trilogy","Koishi","Magitek Elite","Marisa????????","Marked Mod","Menagerie","Minty Spire (QoL Compilation)","Pale of the Ancients","Potionbrewer","Quarter Circle Forward PUNCH!","Rare Cards Sparkle","Reimu??????","Relic Stats","Remilia??????","Replay The Spire","SacredBarkPlus","Shade Mod","Somnambulant","Spicy Shops","Spire Arcade","StSLib","The Administrix","The Blue Laboratory","The Bug Knight","The Construct","The Cursed","The Disciple","The Dragon Tamer","The Exalted","The Hayseed","The Hierophant","The Immortal","The Marked","The Mystic","The Problem Sleuth","The Runesmith","The Senshi","The Vixen","The Wild Card","TheFirefly","Wandering Minibosses","vexMod"],"gold_per_floor":[116,116,136,153,172,172,199,213,236,261,261,276,301,318,318,394,344,358,358,375,648,675,709,724,753,800,800,814,814,845,861,861,940,940,950,950,963,975,986,1016,1016,1041,1119,1129,540,540,553,553,553,553,553],"floor_reached":52,"language":"ENG","playtime":5122,"items_purged":["bronze:CutThrough+1","bronze:CloningBeam+1","bronze:Strike"],"score":2888,"play_id":"09d7cdae-c0b5-418e-a5c5-895559d06b2c","local_time":"20210124181442","is_ascension_mode":true,"campfire_choices":[{"data":"bronze:Goto","floor":6.0,"key":"SMITH"},{"floor":15.0,"key":"REST"},{"data":"ReplayTheSpireMod:Black Plague","floor":27.0,"key":"SMITH"},{"data":"bronze:Terminator","floor":32.0,"key":"SMITH"},{"floor":41.0,"key":"REST"},{"data":"Gensokyo:SlitMouthedWoman","floor":46,"key":"SMITH"},{"data":"Gensokyo:GapWoman","floor":49,"key":"SMITH"}],"circlet_count":0,"master_deck":["AscendersBane","bronze:Replicate+1","bronze:Goto+1","bronze:ShipIt+1","bronze:Constructor+1","bronze:Shield+1","bronze:ChosenStrike+1","bronze:Deprecate+1","bronze:Virus+1","bronze:CloningBeam+1","bronze:BuggyMess+1","bronze:SpaghettiCode+1","bronze:Iterate+1","bronze:Turbo+1","bronze:BronzeOrb+1","bronze:Constructor+1","bronze:MaxOutput+1","bronze:CutThrough+1","bronze:Allocate+1","bronze:BronzeArmor+1","bronze:Repulsor+1","bronze:InfiniteLoop+1","bronze:OilSpill+1","bronze:TinkerersToolbox+1","bronze:AlphaBuild+1","bronze:Shell+1","bronze:ItsAFeature+1","bronze:ThunderWave+1","bronze:Terminator+1","ReplayTheSpireMod:Black Plague+1","bronze:HyperBeam+1","bronze:Verify+1","bronze:BurnOut+1","Gensokyo:SlitMouthedWoman+1","Gensokyo:GapWoman+1","Gensokyo:MedicineKit"],"relics":["bronze:BronzeCore","Golden Egg","Quantum Egg","bronze:ProtectiveGoggles","Membership Card","ReplayTheSpireMod:TigerMarble","DemoMod:ClearGuonStone","bronze:DonusWashers","Happy Flower","DemoMod:Orange","sneckomod:BlankCard","PureWhite:ReiMu","bronze:DecasWashers","conspire:GlowingRock","DemoMod:WeirdEgg","Angel_Ring","Slimebound:StickyStick","energizedSpire:HugeHouse","expansioncontent:StudyCardRelic","infinitespire:CursedDice","bronze:BronzeIdol","infinitespire:Midas Blood","Golden_Hairpin","qcfpunch:Green_Leotard","DemoMod:GlassGuonStoneRelic","Bromod:ArcaneVictory","DemoMod:PinkGuonStone","OrangePellets"],"acts_visited":["Menagerie:Menagerie","Hallownest:CityofTears","Gensokyo:Gensokyoest"],"potions_floor_usage":[],"damage_taken":[{"damage":2.0,"enemies":"Menagerie:MonstrousExperiment","floor":1.0,"turns":1.0},{"damage":0.0,"enemies":"Menagerie:StygianBoar","floor":3.0,"turns":1.0},{"damage":0.0,"enemies":"Menagerie:2_RABBITS","floor":4.0,"turns":1.0},{"damage":0.0,"enemies":"Menagerie:KEEPER_AND_YOUNG_SUNEATER","floor":5.0,"turns":2.0},{"damage":0.0,"enemies":"Menagerie:MaskedSummoner","floor":7.0,"turns":1.0},{"damage":0.0,"enemies":"Menagerie:MENAGERIE_WILDLIFE","floor":8.0,"turns":1.0},{"damage":0.0,"enemies":"Menagerie:VoidReaper","floor":10.0,"turns":1.0},{"damage":0.0,"enemies":"Menagerie:Hydra","floor":13.0,"turns":1.0},{"damage":0.0,"enemies":"Menagerie:EntropyWarlock","floor":14.0,"turns":1.0},{"damage":52.0,"enemies":"Menagerie:AVATARS","floor":16.0,"turns":5.0},{"damage":0.0,"enemies":"Hallownest:3_Youths","floor":18.0,"turns":2.0},{"damage":0.0,"enemies":"Hallownest:Flukemon_and_Top","floor":20.0,"turns":2.0},{"damage":0.0,"enemies":"Nightmare","floor":23.0,"turns":5.0},{"damage":0.0,"enemies":"Hallownest:Warrior_and_Youth","floor":24.0,"turns":3.0},{"damage":13.0,"enemies":"Hallownest:eliteSoulWarrior","floor":25.0,"turns":4.0},{"damage":0.0,"enemies":"Hallownest:Master_and_Novice","floor":28.0,"turns":2.0},{"damage":0.0,"enemies":"Hallownest:Nosk","floor":30.0,"turns":2.0},{"damage":0.0,"enemies":"Hallownest:2_Husk_Sentries","floor":31.0,"turns":6.0},{"damage":1.0,"enemies":"Hallownest:BossSoulMaster","floor":33.0,"turns":5.0},{"damage":0.0,"enemies":"Gensokyo:3_Bats","floor":35.0,"turns":3.0},{"damage":0.0,"enemies":"Gensokyo:3_Boulders","floor":37.0,"turns":1.0},{"damage":0.0,"enemies":"Gensokyo:Sharpion","floor":38.0,"turns":3.0},{"damage":0.0,"enemies":"Gensokyo:Rafflesia","floor":39.0,"turns":2.0},{"damage":14.0,"enemies":"Gensokyo:Kasen","floor":40.0,"turns":4.0},{"damage":0,"enemies":"Gensokyo:Doremy","floor":42,"turns":1},{"damage":0,"enemies":"Gensokyo:4_Bats","floor":44,"turns":1},{"damage":0,"enemies":"Gensokyo:Dusk_and_Dawn","floor":47,"turns":2},{"damage":0,"enemies":"Gensokyo:Scarlet_Devils","floor":50,"turns":5},{"damage":0,"enemies":"Gensokyo:Yuyuko","floor":51,"turns":4}],"seed_played":"3144353935918671665","potions_obtained":[{"floor":18.0,"key":"blueLaboratory:ArtificerPotion"},{"floor":24.0,"key":"Milkshake"}],"is_trial":false,"path_per_floor":["M","?","M","M","M","R","E","M","T","E","?","?","E","M","R","B",null,"M","AVR","M","?","T","NM","M","E","T","R","M","?","E","M","R","B",null,"M","?","M","M","M","E","R","E","T","M","COS","R","M","?","R","B","B",null],"character_chosen":"THE_AUTOMATON","items_purchased":["bronze:ProtectiveGoggles","bronze:SpaghettiCode","bronze:Iterate","bronze:Turbo","bronze:BronzeOrb","bronze:Constructor+1","bronze:MaxOutput","Membership Card","ReplayTheSpireMod:TigerMarble","bronze:CutThrough","bronze:Allocate","bronze:BronzeArmor","DemoMod:ClearGuonStone","bronze:DonusWashers","Happy Flower","DemoMod:Orange","bronze:Repulsor","bronze:GetLatest","sneckomod:BlankCard","PureWhite:ReiMu","bronze:InfiniteLoop","bronze:OilSpill","bronze:TinkerersToolbox","bronze:DecasWashers","bronze:CutThrough","ColorlessPotion","FairyPotion","bronze:AlphaBuild","bronze:CloningBeam","conspire:GlowingRock","bronze:Shell","DemoMod:WeirdEgg","bronze:ItsAFeature"],"campfire_rested":2,"item_purchase_floors":[0,0,0,0,0,0,0,0,0,0,0,0,0,0,0,0,0,0,0,0,0,0,0,0,0,0,0,0,0,0,0,0,0],"current_hp_per_floor":[67,71,71,71,71,71,71,71,71,71,71,71,71,71,75,23,58,58,58,58,58,58,60,60,47,47,47,47,51,51,51,51,50,65,65,69,69,69,71,57,72,72,79,79,79,79,79,79,79,79,79],"gold":553,"neow_bonus":"","is_daily":false,"chose_seed":false,"campfire_upgraded":5,"win_rate":0.0,"timestamp":1611486882,"path_taken":["M","?","M","?","M","R","E","M","T","E","?","?","E","M","R","BOSS","M","AVR","M","?","?","NM","?","E","T","R","M","?","E","?","R","BOSS","M","?","?","M","?","E","R","E","T","M","COS","R","M","?","R","BOSS","BOSS"],"items_purchased_type":["Relic","Card","Card","Card","Card","Card","Card","Relic","Relic","Card","Card","Card","Relic","Relic","Relic","Relic","Card","Card","Relic","Relic","Card","Card","Card","Relic","Card","Potion","Potion","Card","Card","Relic","Card","Relic","Card"],"build_version":"2020-12-22","purchased_purges":3,"victory":true,"max_hp_per_floor":[75,75,75,75,75,75,75,75,75,75,75,75,75,75,75,75,70,70,70,70,70,70,70,70,70,70,70,70,70,70,70,70,70,70,70,70,70,70,72,72,72,72,79,79,79,79,79,79,79,79,79],"relic_stats":{"OrangePellets":[39],"Happy Flower":[56],"counters":[93,256],"obtain_stats":[{"Golden Egg":0,"hubris:CrystalStatue":0,"Tiny House":34,"Gremlin Horn":0,"downfall:HeartBlessingGreen":43,"DemoMod:GlassGuonStoneRelic":2,"Bottled Tornado":13,"vexMod:InvisibilityCloak":6,"potionbrewer:RamsHorn":41,"conspire:GlowingRock":0,"vexMod:CardConverter":22,"Toxic Egg 2":0,"champ:FightingForDummies":42,"DemoMod:ClearGuonStone":0,"construct:RocketBooster":0,"Happy Flower":7,"DemoMod:Orange":0,"Hallownest:SoulVesselRelic":46,"TentaclePot:ReiMu":0,"Oddly Smooth Stone":12,"HollowMod:JonisBlessing":37,"Guardian:PocketSentry":3,"OrangePellets":0,"wanderingMiniBosses:Blackblade":9,"PaintedHorse:ReiMu":3,"Molten Egg 2":0,"Pandora\u0027s Box":0,"infinitespire:EmpoweringShard":14,"ReplayTheSpireMod:TigerMarble":0,"bronze:SilverBullet":0,"bronze:MakeshiftBattery":44,"Bromod:ArcaneFury":28,"vexMod:PlasmaPancake":39,"bronze:PlatinumCore":17,"aspiration:Lifesprig":10,"bronze:BronzeCore":0,"sneckomod:BlankCard":0,"Angel_Ring":7,"Bromod:ArcaneVictory":42,"champ:ChampionCrown":0,"hubris:SlimyHat":0,"expansioncontent:StudyCardRelic":19,"hubris:EmptyBottle":53,"Hallownest:GodTamersBeastRelic":45,"hubris:Backtick":22,"qcfpunch:Green_Leotard":40,"downfall:HeartBlessingBlue":11,"Mummified Hand":27,"Slimebound:StickyStick":13,"hubris:CuriousFeather":22,"qcfpunch:Wrestler\u0027s_Cloak":0,"energizedSpire:HugeHouse":17,"aspiration:FutureDiary":34,"wanderingMiniBosses:LockLocket":23,"TheSimpletonMod:PicklingJar":48,"energizedSpire:RedRose":46,"qcfpunch:Army_Boots":10,"bronze:DonusWashers":0,"downfall:HeartBlessingRed":18,"hubris:64BitClover":1,"infinitespire:CursedDice":25,"Quantum Egg":0,"qcfpunch:Black_Training_Shirt":53,"bronze:DecasWashers":0,"DemoMod:WeirdEgg":0,"champ:ChampionCrownUpgraded":17,"Replay:WaspNest":25,"DemoMod:PinkGuonStone":43,"Omamori":40,"Protect_Vest":11,"Orichalcum":41,"Bromod:ArcaneMomentum":39,"bronze:BronzeIdol":26,"Anchor":25,"PureWhite:ReiMu":0,"Golden_Hairpin":34,"bronze:ProtectiveGoggles":0,"Membership Card":0,"potionbrewer:Keyblade":46,"ReplayTheSpireMod:Lightbulb":31,"RuthlessExorcism:ReiMu":24,"ReplayTheSpireMod:ShopPack":44,"infinitespire:Midas Blood":30},{"Golden Egg":34,"hubris:CrystalStatue":34,"Tiny House":53,"Gremlin Horn":34,"downfall:HeartBlessingGreen":56,"DemoMod:GlassGuonStoneRelic":1,"Bottled Tornado":8,"vexMod:InvisibilityCloak":37,"potionbrewer:RamsHorn":55,"conspire:GlowingRock":64,"vexMod:CardConverter":13,"Toxic Egg 2":0,"champ:FightingForDummies":26,"DemoMod:ClearGuonStone":64,"construct:RocketBooster":34,"Happy Flower":37,"DemoMod:Orange":64,"Hallownest:SoulVesselRelic":30,"TentaclePot:ReiMu":34,"Oddly Smooth Stone":8,"HollowMod:JonisBlessing":54,"Guardian:PocketSentry":35,"OrangePellets":34,"wanderingMiniBosses:Blackblade":6,"PaintedHorse:ReiMu":1,"Molten Egg 2":0,"Pandora\u0027s Box":0,"infinitespire:EmpoweringShard":9,"ReplayTheSpireMod:TigerMarble":64,"bronze:SilverBullet":34,"bronze:MakeshiftBattery":26,"Bromod:ArcaneFury":49,"vexMod:PlasmaPancake":24,"bronze:PlatinumCore":43,"aspiration:Lifesprig":7,"bronze:BronzeCore":34,"sneckomod:BlankCard":64,"Angel_Ring":69,"Bromod:ArcaneVictory":89,"champ:ChampionCrown":0,"hubris:SlimyHat":34,"expansioncontent:StudyCardRelic":75,"hubris:EmptyBottle":62,"Hallownest:GodTamersBeastRelic":30,"hubris:Backtick":13,"qcfpunch:Green_Leotard":88,"downfall:HeartBlessingBlue":7,"Mummified Hand":16,"Slimebound:StickyStick":72,"hubris:CuriousFeather":13,"qcfpunch:Wrestler\u0027s_Cloak":34,"energizedSpire:HugeHouse":74,"aspiration:FutureDiary":21,"wanderingMiniBosses:LockLocket":46,"TheSimpletonMod:PicklingJar":32,"energizedSpire:RedRose":58,"qcfpunch:Army_Boots":71,"bronze:DonusWashers":64,"downfall:HeartBlessingRed":43,"hubris:64BitClover":0,"infinitespire:CursedDice":79,"Quantum Egg":34,"qcfpunch:Black_Training_Shirt":62,"bronze:DecasWashers":64,"DemoMod:WeirdEgg":64,"champ:ChampionCrownUpgraded":11,"Replay:WaspNest":47,"DemoMod:PinkGuonStone":89,"Omamori":25,"Protect_Vest":39,"Orichalcum":25,"Bromod:ArcaneMomentum":54,"bronze:BronzeIdol":79,"Anchor":47,"PureWhite:ReiMu":64,"Golden_Hairpin":83,"bronze:ProtectiveGoggles":64,"Membership Card":64,"potionbrewer:Keyblade":58,"ReplayTheSpireMod:Lightbulb":19,"RuthlessExorcism:ReiMu":13,"ReplayTheSpireMod:ShopPack":26,"infinitespire:Midas Blood":81},{"Golden Egg":81,"hubris:CrystalStatue":81,"Tiny House":136,"Gremlin Horn":81,"downfall:HeartBlessingGreen":142,"DemoMod:GlassGuonStoneRelic":2,"Bottled Tornado":20,"vexMod:InvisibilityCloak":90,"potionbrewer:RamsHorn":140,"conspire:GlowingRock":184,"vexMod:CardConverter":31,"Toxic Egg 2":0,"champ:FightingForDummies":61,"DemoMod:ClearGuonStone":184,"construct:RocketBooster":81,"Happy Flower":90,"DemoMod:Orange":184,"Hallownest:SoulVesselRelic":70,"TentaclePot:ReiMu":81,"Oddly Smooth Stone":20,"HollowMod:JonisBlessing":138,"Guardian:PocketSentry":83,"OrangePellets":81,"wanderingMiniBosses:Blackblade":14,"PaintedHorse:ReiMu":2,"Molten Egg 2":0,"Pandora\u0027s Box":0,"infinitespire:EmpoweringShard":23,"ReplayTheSpireMod:TigerMarble":184,"bronze:SilverBullet":81,"bronze:MakeshiftBattery":61,"Bromod:ArcaneFury":123,"vexMod:PlasmaPancake":56,"bronze:PlatinumCore":105,"aspiration:Lifesprig":17,"bronze:BronzeCore":81,"sneckomod:BlankCard":184,"Angel_Ring":190,"Bromod:ArcaneVictory":244,"champ:ChampionCrown":0,"hubris:SlimyHat":81,"expansioncontent:StudyCardRelic":201,"hubris:EmptyBottle":167,"Hallownest:GodTamersBeastRelic":70,"hubris:Backtick":31,"qcfpunch:Green_Leotard":243,"downfall:HeartBlessingBlue":17,"Mummified Hand":37,"Slimebound:StickyStick":193,"hubris:CuriousFeather":31,"qcfpunch:Wrestler\u0027s_Cloak":81,"energizedSpire:HugeHouse":199,"aspiration:FutureDiary":50,"wanderingMiniBosses:LockLocket":113,"TheSimpletonMod:PicklingJar":76,"energizedSpire:RedRose":147,"qcfpunch:Army_Boots":192,"bronze:DonusWashers":184,"downfall:HeartBlessingRed":105,"hubris:64BitClover":0,"infinitespire:CursedDice":215,"Quantum Egg":81,"qcfpunch:Black_Training_Shirt":167,"bronze:DecasWashers":184,"DemoMod:WeirdEgg":184,"champ:ChampionCrownUpgraded":27,"Replay:WaspNest":116,"DemoMod:PinkGuonStone":244,"Omamori":59,"Protect_Vest":96,"Orichalcum":59,"Bromod:ArcaneMomentum":138,"bronze:BronzeIdol":215,"Anchor":116,"PureWhite:ReiMu":184,"Golden_Hairpin":230,"bronze:ProtectiveGoggles":184,"Membership Card":184,"potionbrewer:Keyblade":147,"ReplayTheSpireMod:Lightbulb":46,"RuthlessExorcism:ReiMu":31,"ReplayTheSpireMod:ShopPack":61,"infinitespire:Midas Blood":219}]},"card_choices":[{"not_picked":["bronze:Separator","bronze:WhirlingStrike","bronze:GetLatest"],"picked":"SKIP","floor":1.0},{"not_picked":["bronze:Iterate","bronze:BuggyMess","bronze:Boost"],"picked":"SKIP","floor":3.0},{"not_picked":["bronze:Invalidate","bronze:Branch","bronze:WhirlingStrike"],"picked":"SKIP","floor":4.0},{"not_picked":["bronze:DelayedSlice","bronze:GetLatest","bronze:Refactor"],"picked":"SKIP","floor":5.0},{"not_picked":["bronze:Turbo","bronze:WhirlingStrike","bronze:Constructor"],"picked":"SKIP","floor":7.0},{"not_picked":["bronze:Turbo","bronze:ItsAFeature","bronze:BuggyMess"],"picked":"SKIP","floor":8.0},{"not_picked":["bronze:Flail","bronze:Boost","bronze:Separator"],"picked":"SKIP","floor":10.0},{"not_picked":["bronze:CloningBeam","bronze:Safeguard","bronze:DelayedSlice"],"picked":"SKIP","floor":13.0},{"not_picked":["bronze:Shield","bronze:ChosenStrike","bronze:CloningBeam"],"picked":"SKIP","floor":14.0},{"not_picked":["bronze:RecursiveStrike","bronze:HyperBeam"],"picked":"bronze:ThunderWave","floor":16.0},{"not_picked":["bronze:BuggyMess+1","bronze:BitShift+1","bronze:MaxOutput"],"picked":"SKIP","floor":18.0},{"not_picked":["bronze:Frontload","bronze:Shield","bronze:Branch"],"picked":"SKIP","floor":20.0},{"not_picked":["bronze:DelayedGuard","bronze:Fortify","bronze:ShipIt"],"picked":"SKIP","floor":23.0},{"not_picked":["bronze:BitShift","bronze:GetLatest","bronze:ChosenStrike"],"picked":"SKIP","floor":24.0},{"not_picked":["bronze:Fortify","bronze:BitShift+1","bronze:Invalidate"],"picked":"SKIP","floor":25.0},{"not_picked":["bronze:ItsAFeature+1","bronze:Overheat","bronze:Repair"],"picked":"SKIP","floor":28.0},{"not_picked":["bronze:AlphaBuild","bronze:BronzeArmor","bronze:DelayedGuard+1"],"picked":"SKIP","floor":30.0},{"not_picked":["bronze:Deprecate","bronze:WildBeam","bronze:FineTuning"],"picked":"SKIP","floor":31.0},{"not_picked":["bronze:AlphaBuild","bronze:ThunderWave"],"picked":"bronze:HyperBeam","floor":33.0},{"not_picked":["bronze:Invalidate+1","bronze:Turbo","bronze:Overheat"],"picked":"SKIP","floor":35.0},{"not_picked":["bronze:Boost","bronze:Iterate"],"picked":"bronze:Verify","floor":37.0},{"not_picked":["bronze:DelayedSlice","bronze:Optimize","bronze:Separator"],"picked":"SKIP","floor":38.0},{"not_picked":["bronze:Frontload","bronze:Turbo+1"],"picked":"bronze:BurnOut","floor":39.0},{"not_picked":["bronze:Separator","bronze:DelayedSlice","bronze:WildBeam"],"picked":"SKIP","floor":40.0},{"not_picked":["bronze:Frontload","bronze:InfiniteBeams","bronze:OilSpill+1"],"picked":"SKIP","floor":42},{"not_picked":["bronze:Invalidate","bronze:Shield+1","bronze:Iterate"],"picked":"SKIP","floor":44},{"not_picked":["bronze:BuggyMess","bronze:NullPointer","bronze:Constructor"],"picked":"SKIP","floor":47}],"player_experience":1358416,"relics_obtained":[{"floor":7.0,"key":"Angel_Ring"},{"floor":10.0,"key":"qcfpunch:Army_Boots"},{"floor":13.0,"key":"Slimebound:StickyStick"},{"floor":25.0,"key":"infinitespire:CursedDice"},{"floor":26.0,"key":"bronze:BronzeIdol"},{"floor":30.0,"key":"infinitespire:Midas Blood"},{"floor":40.0,"key":"qcfpunch:Green_Leotard"},{"floor":42,"key":"Bromod:ArcaneVictory"},{"floor":43,"key":"DemoMod:PinkGuonStone"}],"event_choices":[{"damage_healed":0.0,"max_hp_gain":0.0,"max_hp_loss":0.0,"gold_gain":15.0,"event_name":"Menagerie:CloudVision","player_choice":"Cunning","floor":12.0,"gold_loss":0.0,"damage_taken":0.0,"cards_upgraded":["bronze:Replicate"]}],"is_beta":false,"boss_relics":[{"not_picked":["vexMod:NewClearReactor","ReplayTheSpireMod:SealedPack"],"picked":"energizedSpire:HugeHouse"},{"not_picked":["aspiration:PoetsPen","energizedSpire:DeadBattery"],"picked":"Golden_Hairpin"}],"items_purged_floors":[0,0,19],"is_endless":false,"potions_floor_spawned":[4,7,8,14,18,20,24,30,35,37,38,42],"ascension_level":20}}