{"host":"2l3i55whvwk76mom","time":1611514338,"event":{"mods":["BaseMod","Googly Eyes","Hermit","Hubris","Minty Spire (QoL Compilation)","Replay The Spire","StSLib","The Cursed","The Disciple","The Hierophant","The Jungle","The Necromancer"],"gold_per_floor":[109,125,142,154,166,196,196,231,231,87,87,87,105,105,105,105,105],"floor_reached":16,"language":"ENG","playtime":679,"items_purged":[],"score":146,"play_id":"1acd5a75-7b03-4827-b6ad-d2874f381ff9","local_time":"20210124105218","is_ascension_mode":true,"campfire_choices":[{"floor":7,"key":"REST"},{"floor":11,"key":"REST"},{"data":"Apotheosis","floor":15,"key":"SMITH"}],"circlet_count":0,"master_deck":["Strike_R","Strike_R","Strike_R","Strike_R","Strike_R","Defend_R","Defend_R","Defend_R","Defend_R","Bash","Apotheosis+1","Twin Strike","Run Through","Sword Boomerang","Thunderclap","Carnage","Brutality","Flex","Pot Of Greed","Pot Of Greed","ReplayTheSpireMod:Limb From Limb","Parasite"],"relics":["Burning Blood","Boot","Potion Belt","hubris:DeckOfHolding","Grinning Jar"],"acts_visited":["Exordium"],"potions_floor_usage":[6,8,16],"damage_taken":[{"damage":10,"enemies":"Cultist","floor":1,"turns":4},{"damage":4,"enemies":"Small Slimes","floor":2,"turns":4},{"damage":9,"enemies":"Jaw Worm","floor":3,"turns":4},{"damage":8,"enemies":"2 Fungi Beasts","floor":4,"turns":3},{"damage":29,"enemies":"Exordium Wildlife","floor":5,"turns":5},{"damage":16,"enemies":"Lagavulin","floor":6,"turns":6},{"damage":55,"enemies":"3 Sentries","floor":8,"turns":10},{"damage":1,"enemies":"Exordium Thugs","floor":13,"turns":3},{"damage":64,"enemies":"Hexaghost","floor":16,"turns":7}],"seed_played":"4798620422180415882","potions_obtained":[{"floor":1,"key":"BloodPotion"},{"floor":4,"key":"Swift Potion"},{"floor":6,"key":"BlessingOfTheForge"}],"is_trial":false,"path_per_floor":["M","M","M","M","M","E","R","E","T","$","R","?","M","?","R","B"],"character_chosen":"IRONCLAD","items_purchased":["Grinning Jar"],"campfire_rested":2,"item_purchase_floors":[10],"current_hp_per_floor":[68,70,67,65,42,46,67,18,18,18,39,39,44,62,62,0,0],"gold":105,"neow_bonus":"RANDOM_COLORLESS_2","is_daily":false,"chose_seed":false,"campfire_upgraded":1,"win_rate":0.0,"timestamp":1611514338,"path_taken":["M","M","?","M","M","E","R","E","T","$","R","?","M","?","R","BOSS"],"items_purchased_type":["Relic"],"build_version":"2020-12-22","purchased_purges":0,"victory":false,"max_hp_per_floor":[72,72,72,72,72,72,72,72,72,72,72,72,72,72,72,72,72],"card_choices":[{"not_picked":["Mayhem","Metamorphosis"],"picked":"Apotheosis","floor":0},{"not_picked":["Heavy Blade","Sentinel"],"picked":"Twin Strike","floor":1},{"not_picked":["Anger","Havoc"],"picked":"Run Through","floor":2},{"not_picked":["Dark Embrace","Warcry"],"picked":"Sword Boomerang","floor":3},{"not_picked":["Clash","ReplayTheSpireMod:Strike From Hell"],"picked":"Thunderclap","floor":4},{"not_picked":["Warcry","Shockwave"],"picked":"Carnage","floor":5},{"not_picked":["Sever Soul","Burning Pact"],"picked":"Brutality","floor":6},{"not_picked":["Heavy Blade","ReplayTheSpireMod:Strike From Hell"],"picked":"Flex","floor":8},{"not_picked":["Rampage","ReplayTheSpireMod:Muscle Training"],"picked":"ReplayTheSpireMod:Limb From Limb","floor":13}],"player_experience":320527,"relics_obtained":[{"floor":6,"key":"Boot"},{"floor":8,"key":"Potion Belt"},{"floor":9,"key":"hubris:DeckOfHolding"}],"event_choices":[{"damage_healed":0,"gold_gain":0,"player_choice":"Ignored","damage_taken":0,"max_hp_gain":0,"max_hp_loss":0,"event_name":"Liars Game","floor":12,"gold_loss":0},{"damage_healed":18,"gold_gain":0,"player_choice":"Healed and dodged fight","damage_taken":0,"max_hp_gain":0,"max_hp_loss":0,"event_name":"Mushrooms","floor":14,"gold_loss":0,"cards_obtained":["Parasite"]}],"is_beta":false,"boss_relics":[],"items_purged_floors":[],"is_endless":false,"potions_floor_spawned":[1,4,6],"killed_by":"Hexaghost","ascension_level":6}}