{"host":"h1qktzcccqnez8tx","time":1611450576,"event":{"mods":["BaseMod","Block Reminder","Colored Map","Colored Powertips","Curses Come First","Highlight Path","Infinite Spire","Minty Spire (QoL Compilation)","Permanent Neow","Quick Restart","Replay The Spire","StSLib","The Jungle"],"gold_per_floor":[112,112,132,132,13,13,13,28,28,59,59,72,87,18,18,115,115,130,146,146,78,92,126,126,126],"floor_reached":24,"language":"ENG","playtime":1010,"items_purged":[],"score":248,"play_id":"798a9aab-9610-460b-ba4a-4a28d9386a49","local_time":"20210124020936","is_ascension_mode":true,"campfire_choices":[{"data":"Entrench","floor":6,"key":"SMITH"},{"data":"Bash","floor":11,"key":"SMITH"},{"floor":15,"key":"REST"}],"circlet_count":0,"master_deck":["Strike_R","Strike_R","Strike_R","Strike_R","Defend_R","Defend_R","Defend_R","Defend_R","Bash+1","Replay:Undeath\u0027s Touch","Run Through","Burning Pact","Shrug It Off","Entrench+1","Whirlwind+1","Run Through","Disarm","Inflame","Metallicize","Feed","Battle Trance","Flex+1","Disarm","Shockwave","Rupture"],"relics":["Burning Blood","Turnip","Oddly Smooth Stone","Replay:Bottled Eggs","Ooze Armor","theJungle:BirthdayCakeSlice","Smiling Mask"],"acts_visited":["Exordium","theJungle:Jungle"],"potions_floor_usage":[10,12,16,24],"damage_taken":[{"damage":5,"enemies":"Small Slimes","floor":1,"turns":4},{"damage":14,"enemies":"2 Louse","floor":3,"turns":3},{"damage":0,"enemies":"Cultist","floor":8,"turns":3},{"damage":36,"enemies":"Gremlin Nob","floor":10,"turns":5},{"damage":30,"enemies":"Exordium Thugs","floor":12,"turns":4},{"damage":12,"enemies":"Gremlin Gang","floor":13,"turns":4},{"damage":41,"enemies":"Hexaghost","floor":16,"turns":13},{"damage":18,"enemies":"theJungle:Flameango_and_Byrd","floor":18,"turns":6},{"damage":12,"enemies":"theJungle:GiantWrat","floor":19,"turns":7},{"damage":10,"enemies":"theJungle:JungleHuntersEncounter","floor":22,"turns":7},{"damage":33,"enemies":"theJungle:Cassacara","floor":23,"turns":8},{"damage":44,"enemies":"theJungle:2_Snecko_Cultists","floor":24,"turns":4}],"seed_played":"-4226457637200828308","potions_obtained":[{"floor":7,"key":"Regen Potion"},{"floor":7,"key":"Block Potion"},{"floor":7,"key":"HeartOfIron"},{"floor":10,"key":"Flashbang"},{"floor":13,"key":"SkillPotion"},{"floor":16,"key":"Toxic Potion"}],"is_trial":false,"path_per_floor":["M","?","M","?","$","R","?","M","T","E","R","M","M","$","R","B",null,"M","M","?","$","M","E","M"],"character_chosen":"IRONCLAD","items_purchased":["Shrug It Off","Entrench","Metallicize","Disarm"],"campfire_rested":1,"item_purchase_floors":[5,5,14,21],"current_hp_per_floor":[72,77,69,69,69,69,69,75,75,45,45,21,15,15,38,18,77,68,62,67,67,66,39,0,0],"gold":126,"neow_bonus":"ONE_RARE_RELIC","is_daily":false,"chose_seed":false,"campfire_upgraded":2,"win_rate":0.0,"timestamp":1611450576,"path_taken":["M","?","M","?","$","R","?","M","T","E","R","M","?","?","R","BOSS","M","?","?","$","M","E","M"],"items_purchased_type":["Card","Card","Card","Card"],"build_version":"2020-12-22","purchased_purges":0,"victory":false,"max_hp_per_floor":[72,77,77,77,77,77,77,77,77,77,77,77,77,77,77,77,77,80,80,85,85,88,88,88,88],"card_choices":[{"not_picked":["Havoc","Feel No Pain"],"picked":"Replay:Undeath\u0027s Touch","floor":1},{"not_picked":["Anger","Armaments"],"picked":"Run Through","floor":3},{"not_picked":["Shrug It Off","Thunderclap"],"picked":"Whirlwind","floor":8},{"not_picked":["Searing Blow","Burning Pact"],"picked":"Run Through","floor":10},{"not_picked":["ReplayTheSpireMod:Corrosion Curse","Sever Soul"],"picked":"Disarm","floor":12},{"not_picked":["ReplayTheSpireMod:Strike From Hell","Bloodletting"],"picked":"Inflame","floor":13},{"not_picked":["Impervious","Double Tap"],"picked":"Feed","floor":16},{"not_picked":["True Grit","Fire Breathing+1"],"picked":"Battle Trance","floor":18},{"not_picked":["Havoc","Replay:Undeath\u0027s Touch"],"picked":"Flex+1","floor":19},{"not_picked":["Bloodletting","ReplayTheSpireMod:Strike From Hell+1"],"picked":"Shockwave","floor":22},{"not_picked":["Flame Barrier+1","Seeing Red"],"picked":"Rupture","floor":23}],"player_experience":114093,"relics_obtained":[{"floor":9,"key":"Oddly Smooth Stone"},{"floor":10,"key":"Replay:Bottled Eggs"},{"floor":23,"key":"Smiling Mask"}],"event_choices":[{"damage_healed":0,"gold_gain":0,"player_choice":"Donut","damage_taken":0,"max_hp_gain":5,"max_hp_loss":0,"event_name":"Big Fish","floor":2,"gold_loss":0},{"damage_healed":0,"gold_gain":0,"cards_transformed":["Strike_R"],"player_choice":"Change","damage_taken":0,"max_hp_gain":0,"max_hp_loss":0,"event_name":"Living Wall","floor":4,"gold_loss":0,"cards_obtained":["Burning Pact"]},{"damage_healed":0,"gold_gain":0,"player_choice":"Got Potions","damage_taken":0,"max_hp_gain":0,"max_hp_loss":0,"event_name":"Lab","floor":7,"gold_loss":0}],"is_beta":false,"boss_relics":[{"not_picked":["SacredBark","SlaversCollar"],"picked":"Ooze Armor"}],"items_purged_floors":[],"is_endless":false,"potions_floor_spawned":[8,10,13,16,23],"killed_by":"theJungle:2_Snecko_Cultists","ascension_level":3}}