{"host":"rhmey7cqvf7gw8tt","time":1611469898,"event":{"mods":["AchievementEnabler","Arknights The Spire","BaseMod","Googly Eyes","Marisa£®ÏF”Í°°ƒß¿Ì…≥£©","Minty Spire (QoL Compilation)","Quick Restart","Reimu£®≤©¿ˆ¡È√Œ£©","Shop Mod","StSLib"],"gold_per_floor":[119,294,294,294,56,56,92,112,112,112,112,128,128,141,141,261,261,285,335,360,376,376,376],"floor_reached":22,"language":"ZHS","playtime":4221,"items_purged":[],"score":209,"play_id":"3681c107-31a7-467e-a97a-d032cccb9979","local_time":"20210124143138","is_ascension_mode":false,"campfire_choices":[{"data":"ats:Emotion Absorption","floor":6.0,"key":"SMITH"},{"data":"ats:Very Hot Blade","floor":10.0,"key":"SMITH"},{"data":"ats:Apocalypse","floor":13.0,"key":"SMITH"},{"data":"ats:Curse Doll","floor":15.0,"key":"SMITH"}],"circlet_count":0,"master_deck":["ats:Strike C","ats:Strike G","ats:Strike S","ats:Strike V","ats:Armor Crushing Shot","ats:Defend","ats:Defend","ats:Defend","ats:Defend","ats:Emotion Absorption+1","ats:Assault Order","ats:Very Hot Blade+1","ats:Curse Doll+1","ats:Apocalypse+1","ats:Wolf Pack","ats:Hammer On+1","ats:Charging Defense","ats:Healing Drone"],"relics":["ats:Sanity","NeowsBlessing","Golden Idol","ats:Military Tradition","ats:Originium","Toy Ornithopter","StoneCalendar","Eternal Feather","SacredBark"],"acts_visited":["Exordium","TheCity"],"potions_floor_usage":[],"damage_taken":[{"damage":0.0,"enemies":"Jaw Worm","floor":1.0,"turns":1.0},{"damage":0.0,"enemies":"Gremlin Nob","floor":7.0,"turns":1.0},{"damage":0.0,"enemies":"2 Louse","floor":8.0,"turns":1.0},{"damage":2.0,"enemies":"Small Slimes","floor":12.0,"turns":3.0},{"damage":21.0,"enemies":"Gremlin Gang","floor":14.0,"turns":7.0},{"damage":75.0,"enemies":"The Guardian","floor":16.0,"turns":10.0},{"damage":16.0,"enemies":"Shell Parasite","floor":18.0,"turns":7.0},{"damage":37.0,"enemies":"2 Thieves","floor":20.0,"turns":5.0},{"damage":51.0,"enemies":"Sentry and Sphere","floor":21.0,"turns":7.0},{"damage":12,"enemies":"Shelled Parasite and Fungi","floor":22,"turns":1}],"seed_played":"-3155117064755099400","potions_obtained":[{"floor":8.0,"key":"FearPotion"},{"floor":12.0,"key":"FearPotion"},{"floor":14.0,"key":"SteroidPotion"},{"floor":16.0,"key":"Block Potion"},{"floor":21.0,"key":"ColorlessPotion"}],"is_trial":false,"path_per_floor":["M","?","?","?","$","R","E","M","T","R","T","M","R","M","R","B",null,"M","?","M","M","M"],"character_chosen":"DOCTOR_CLASS","items_purchased":["ats:Military Tradition"],"campfire_rested":0,"item_purchase_floors":[5],"current_hp_per_floor":[72,72,54,47,47,47,47,47,47,47,47,45,51,51,57,20,72,68,68,49,12,0,0],"gold":376,"neow_bonus":"THREE_ENEMY_KILL","is_daily":false,"chose_seed":false,"campfire_upgraded":4,"win_rate":0.0,"timestamp":1611469898,"path_taken":["M","?","?","?","$","R","E","M","T","R","?","M","R","?","R","BOSS","M","?","M","?","M"],"items_purchased_type":["Relic"],"build_version":"2020-12-22","purchased_purges":0,"victory":false,"max_hp_per_floor":[72,72,72,72,72,72,72,72,72,72,72,72,72,72,72,72,72,72,72,72,72,72,72],"card_choices":[{"not_picked":["ats:Poison Spread","ats:Ignite"],"picked":"ats:Assault Order","floor":1.0},{"not_picked":["ats:LN2 Cannon","ats:Beaten Up"],"picked":"ats:Very Hot Blade","floor":7.0},{"not_picked":["ats:Poison Spread","ats:Cat Scratch"],"picked":"ats:Curse Doll","floor":8.0},{"not_picked":["ats:Closed Bolt Burst Fire","ats:Blood Oath"],"picked":"ats:Apocalypse","floor":12.0},{"not_picked":["ats:Apocalypse","ats:Powerful Strike","ats:Thorns"],"picked":"SKIP","floor":14.0},{"not_picked":["ats:Roar Of Ursus","ats:Durian"],"picked":"ats:Wolf Pack","floor":16.0},{"not_picked":["ats:Powerful Strike","ats:Curse Doll"],"picked":"ats:Hammer On+1","floor":18.0},{"not_picked":["ats:Counter Healing Mode","ats:Apocalypse"],"picked":"ats:Charging Defense","floor":20.0},{"not_picked":["ats:Childhood Dance","ats:Explosion Area Strengthen+1"],"picked":"ats:Healing Drone","floor":21.0}],"player_experience":387907,"relics_obtained":[{"floor":7.0,"key":"ats:Originium"},{"floor":7.0,"key":"Toy Ornithopter"},{"floor":9.0,"key":"StoneCalendar"},{"floor":11.0,"key":"Eternal Feather"}],"event_choices":[{"damage_healed":0.0,"max_hp_gain":0.0,"max_hp_loss":0.0,"gold_gain":175.0,"event_name":"Liars Game","player_choice":"AGREE","floor":2.0,"gold_loss":0.0,"damage_taken":0.0,"cards_obtained":["Doubt"]},{"damage_healed":0.0,"max_hp_gain":0.0,"max_hp_loss":0.0,"gold_gain":0.0,"event_name":"Golden Idol","player_choice":"Take Damage","floor":3.0,"gold_loss":0.0,"damage_taken":18.0,"relics_obtained":["Golden Idol"]},{"cards_removed":["Doubt"],"damage_healed":0.0,"max_hp_gain":0.0,"max_hp_loss":0.0,"gold_gain":0.0,"event_name":"Golden Wing","player_choice":"Card Removal","floor":4.0,"gold_loss":0.0,"damage_taken":7.0},{"damage_healed":0.0,"max_hp_gain":0.0,"max_hp_loss":0.0,"gold_gain":100.0,"event_name":"The Joust","player_choice":"Bet on Murderer","floor":19.0,"gold_loss":50.0,"damage_taken":0.0}],"is_beta":false,"boss_relics":[{"not_picked":["Runic Pyramid","Calling Bell"],"picked":"SacredBark"}],"items_purged_floors":[],"is_endless":false,"potions_floor_spawned":[8,12,14,16,21],"killed_by":"Shelled Parasite and Fungi","ascension_level":0}}