{"host":"fryfo77ohj8mj5x2","time":1611517521,"event":{"mods":["BaseMod","Downfall","Minty Spire (QoL Compilation)","Rare Cards Sparkle","Replay The Spire","StSLib","The Jungle"],"gold_per_floor":[114,114,128,128,138,172,172,182,182,211,224,224,224,274,274,371,371,388,401,401,401,137,137,172,172,172],"floor_reached":25,"language":"ENG","playtime":1740,"items_purged":[],"score":229,"play_id":"085cd23a-8a04-4cec-adde-1b29bf83d4de","local_time":"20210124134521","is_ascension_mode":false,"campfire_choices":[{"floor":7.0,"key":"REST"},{"floor":13.0,"key":"RECALL"},{"floor":15.0,"key":"DIG"},{"floor":23.0,"key":"REST"}],"circlet_count":0,"master_deck":["Strike_R","Strike_R","Strike_R","Strike_R","Defend_R","Defend_R","Defend_R","Defend_R","Bash","Seeing Red","Pummel","Rupture","Self Repair+1","ReplayReversal","Flex","Rebound","Force Field","Sever Soul","Regret","Perfected Strike","Firewall","Run Through+1","Life Link+1","Life Link+1","Thinking Ahead","Rage+1"],"relics":["NeowsBlessing","Iron Core","Frozen Egg 2","Replay:Kaleidoscope","Torii","Juzu Bracelet","Happy Flower","Electric Blood","ReplayTheSpireMod:TigerMarble"],"acts_visited":["Exordium","Exordium"],"potions_floor_usage":[],"damage_taken":[{"damage":0.0,"enemies":"Jaw Worm","floor":1.0,"turns":1.0},{"damage":0.0,"enemies":"Small Slimes","floor":3.0,"turns":1.0},{"damage":0.0,"enemies":"2 Louse","floor":5.0,"turns":2.0},{"damage":51.0,"enemies":"Gremlin Nob","floor":6.0,"turns":6.0},{"damage":16.0,"enemies":"Blue Slaver","floor":8.0,"turns":4.0},{"damage":8.0,"enemies":"3 Sentries","floor":10.0,"turns":5.0},{"damage":9.0,"enemies":"Large Slime","floor":11.0,"turns":11.0},{"damage":22.0,"enemies":"The Guardian","floor":16.0,"turns":13.0},{"damage":36.0,"enemies":"theJungle:GiantWrat","floor":18.0,"turns":6.0},{"damage":13.0,"enemies":"Shell Parasite","floor":19.0,"turns":4.0},{"damage":62.0,"enemies":"theJungle:Cassacara","floor":24.0,"turns":5.0},{"damage":0,"enemies":"Snake Plant","floor":25,"turns":1}],"seed_played":"4435956447863508736","potions_obtained":[{"floor":3.0,"key":"Fire Potion"},{"floor":8.0,"key":"AttackPotion"},{"floor":11.0,"key":"Dexterity Potion"},{"floor":14.0,"key":"Block Potion"},{"floor":14.0,"key":"HeartOfIron"},{"floor":16.0,"key":"SkillPotion"}],"is_trial":false,"path_per_floor":["M","?","M","?","M","E","R","M","T","E","M","?","R","?","R","B",null,"M","M","?","?","$","R","E","M"],"character_chosen":"IRONCLAD","items_purchased":["Life Link+1","Thinking Ahead"],"campfire_rested":2,"item_purchase_floors":[22,22],"current_hp_per_floor":[80,80,80,80,80,39,63,57,57,59,60,60,60,60,60,48,80,54,41,41,41,41,65,13,13,13],"gold":172,"neow_bonus":"THREE_ENEMY_KILL","is_daily":false,"chose_seed":false,"campfire_upgraded":0,"win_rate":0.0,"timestamp":1611517521,"path_taken":["M","?","M","?","M","E","R","M","T","E","M","?","R","?","R","BOSS","M","M","?","?","$","R","E","M"],"items_purchased_type":["Card","Card"],"build_version":"2020-12-22","purchased_purges":0,"victory":false,"max_hp_per_floor":[80,80,80,80,80,80,80,80,80,80,80,80,80,80,80,80,80,80,80,80,80,80,80,80,80,80],"card_choices":[{"not_picked":["Clash","Twin Strike"],"picked":"Seeing Red","floor":1.0},{"not_picked":["Fire Breathing","Pommel Strike"],"picked":"Rupture","floor":3.0},{"not_picked":["Sword Boomerang","Dual Wield"],"picked":"ReplayReversal","floor":5.0},{"not_picked":["ReplayTheSpireMod:Strike From Hell","ReplayReversal"],"picked":"Flex","floor":6.0},{"not_picked":["Clash","Ghostly Armor"],"picked":"Rebound","floor":8.0},{"not_picked":["Offering","Seeing Red"],"picked":"Force Field","floor":10.0},{"not_picked":["Pommel Strike","Intimidate"],"picked":"Sever Soul","floor":11.0},{"not_picked":["Turbo","Wild Strike"],"picked":"Perfected Strike","floor":14.0},{"not_picked":["Feed","Bludgeon"],"picked":"Firewall","floor":16.0},{"not_picked":["Wild Strike","Burning Pact"],"picked":"Run Through+1","floor":18.0},{"not_picked":["Twin Strike+1","Cleave"],"picked":"Life Link+1","floor":19.0},{"not_picked":["Thunderclap","Dropkick"],"picked":"Rage+1","floor":24.0}],"player_experience":139853,"relics_obtained":[{"floor":6.0,"key":"Frozen Egg 2"},{"floor":9.0,"key":"Replay:Kaleidoscope"},{"floor":10.0,"key":"Torii"},{"floor":15.0,"key":"Happy Flower"},{"floor":24.0,"key":"ReplayTheSpireMod:TigerMarble"}],"event_choices":[{"damage_healed":0.0,"max_hp_gain":0.0,"max_hp_loss":0.0,"gold_gain":0.0,"cards_transformed":["Strike_R"],"event_name":"Living Wall","player_choice":"Change","floor":2.0,"gold_loss":0.0,"damage_taken":0.0,"cards_obtained":["Pummel"]},{"damage_healed":0.0,"max_hp_gain":0.0,"max_hp_loss":0.0,"gold_gain":0.0,"event_name":"Big Fish","player_choice":"Box","floor":12.0,"gold_loss":0.0,"damage_taken":0.0,"relics_obtained":["Juzu Bracelet"],"cards_obtained":["Regret"]}],"is_beta":false,"boss_relics":[{"not_picked":["Coffee Dripper","bronze:MakeshiftBattery"],"picked":"Electric Blood"}],"items_purged_floors":[],"is_endless":false,"potions_floor_spawned":[3,8,11,16],"killed_by":"Snake Plant","ascension_level":0}}