{"host":"2l3i55whvwk76mom","time":1611451212,"event":{"mods":["BaseMod","Googly Eyes","Hermit","Hubris","Minty Spire (QoL Compilation)","Replay The Spire","StSLib","The Cursed","The Disciple","The Hierophant","The Jungle","The Necromancer"],"gold_per_floor":[110,129,129,129,148,148,183,183,183,198,198,245,24,44,44,44,44],"floor_reached":16,"language":"ENG","playtime":539,"items_purged":["Decay"],"score":135,"play_id":"4a5bdd50-c27c-48bc-b838-dccc72d8e2b7","local_time":"20210123172012","is_ascension_mode":true,"campfire_choices":[{"data":"Carnage","floor":6,"key":"SMITH"},{"floor":8,"key":"REST"},{"floor":15,"key":"DIG"}],"circlet_count":0,"master_deck":["Strike_R","Strike_R","Strike_R","Strike_R","Strike_R","Defend_R","Defend_R","Defend_R","Defend_R","Bash","Shrug It Off","Iron Wave","Carnage+1","Run Through","True Grit","Brutality","Normality","Rampage","Demon Form"],"relics":["Black Star","Replay:Multitool","Singing Bowl","StoneCalendar","Ring of Fury","ReplayTheSpireMod:Ring of Challenge","FossilizedHelix","hubris:TenFootPole","Odd Mushroom","Nunchaku"],"acts_visited":["Exordium"],"potions_floor_usage":[7,14,16],"damage_taken":[{"damage":11,"enemies":"Jaw Worm","floor":1,"turns":5},{"damage":3,"enemies":"2 Louse","floor":2,"turns":3},{"damage":0,"enemies":"Cultist","floor":5,"turns":3},{"damage":22,"enemies":"3 Sentries","floor":7,"turns":7},{"damage":0,"enemies":"Large Slime","floor":10,"turns":4},{"damage":29,"enemies":"Replay:BlueRogue","floor":12,"turns":7},{"damage":0,"enemies":"The Mushroom Lair","floor":14,"turns":3},{"damage":44,"enemies":"The Guardian","floor":16,"turns":5}],"seed_played":"-9125942332652570229","potions_obtained":[{"floor":2,"key":"Cursed Concoction"},{"floor":12,"key":"Explosive Potion"},{"floor":14,"key":"Adrenaline Potion"}],"is_trial":false,"path_per_floor":["M","M","?","?","M","R","E","R","T","M","?","E","$","?","R","B"],"character_chosen":"IRONCLAD","items_purchased":["Demon Form"],"campfire_rested":1,"item_purchase_floors":[13],"current_hp_per_floor":[69,66,66,66,66,66,44,68,68,68,68,39,39,41,41,0,0],"gold":44,"neow_bonus":"BOSS_RELIC","is_daily":false,"chose_seed":false,"campfire_upgraded":1,"win_rate":0.0,"timestamp":1611451212,"path_taken":["M","M","?","?","M","R","E","R","T","?","?","E","$","?","R","BOSS"],"items_purchased_type":["Card"],"build_version":"2020-12-22","purchased_purges":1,"victory":false,"max_hp_per_floor":[80,80,80,80,80,80,80,80,80,80,80,80,80,82,82,82,82],"card_choices":[{"not_picked":["Thunderclap","True Grit"],"picked":"Shrug It Off","floor":1},{"not_picked":["Heavy Blade","Seeing Red"],"picked":"Iron Wave","floor":2},{"not_picked":["Wild Strike","Heavy Blade"],"picked":"Run Through","floor":5},{"not_picked":["Rampage","Fire Breathing"],"picked":"True Grit","floor":7},{"not_picked":["Entrench","Armaments"],"picked":"Brutality","floor":10},{"not_picked":["ReplayTheSpireMod:Strike From Hell","Anger"],"picked":"Rampage","floor":12},{"not_picked":["Flex","Replay:Undeath\u0027s Touch","Havoc"],"picked":"Singing Bowl","floor":14}],"player_experience":315206,"relics_obtained":[{"floor":7,"key":"Replay:Multitool"},{"floor":7,"key":"Singing Bowl"},{"floor":9,"key":"StoneCalendar"},{"floor":11,"key":"Ring of Fury"},{"floor":11,"key":"ReplayTheSpireMod:Ring of Challenge"},{"floor":12,"key":"FossilizedHelix"},{"floor":12,"key":"hubris:TenFootPole"},{"floor":14,"key":"Odd Mushroom"},{"floor":15,"key":"Nunchaku"}],"event_choices":[{"damage_healed":0,"gold_gain":0,"player_choice":"Cursed","damage_taken":0,"max_hp_gain":0,"max_hp_loss":0,"event_name":"Wheel of Change","floor":4,"gold_loss":0,"cards_obtained":["Decay"]},{"damage_healed":0,"gold_gain":0,"player_choice":"Fought Mushrooms","damage_taken":0,"max_hp_gain":0,"max_hp_loss":0,"event_name":"Mushrooms","floor":14,"gold_loss":0}],"is_beta":false,"boss_relics":[],"items_purged_floors":[13],"is_endless":false,"potions_floor_spawned":[2,12,14],"killed_by":"The Guardian","ascension_level":5}}