{"host":"jscggscbx0p7706o","time":1611461387,"event":{"mods":["AchievementEnabler","BaseMod","Block Reminder","Colored Powertips","Filter the Spire","Minty Spire (QoL Compilation)","Permanent Neow","Quick Restart","StSLib"],"gold_per_floor":[114,114,126,145,26,26,26,40,68,68,115,115,115,29,48,66,101,116,116,190,190,202,202,252,527,332,332,352,352,379,406,406,420,39,39,39,39,116,116,136,116,134,150,167,167,167,167,167,167,167,183,183,183,103,103,103],"floor_reached":57,"language":"ENG","playtime":2299,"items_purged":["Strike_G","Regret","Strike_G"],"score":1487,"play_id":"b18b753a-e9a2-47ba-ac55-211ceadbda0b","local_time":"20210124120947","is_ascension_mode":true,"campfire_choices":[{"data":"Noxious Fumes","floor":7.0,"key":"SMITH"},{"data":"Leg Sweep","floor":13.0,"key":"SMITH"},{"data":"Footwork","floor":19.0,"key":"SMITH"},{"data":"Catalyst","floor":27.0,"key":"SMITH"},{"data":"Burst","floor":29.0,"key":"SMITH"},{"data":"Noxious Fumes","floor":32.0,"key":"SMITH"},{"data":"Adrenaline","floor":35.0,"key":"SMITH"},{"data":"Bouncing Flask","floor":37.0,"key":"SMITH"},{"data":"Bullet Time","floor":45.0,"key":"SMITH"},{"data":"Bandage Up","floor":47.0,"key":"SMITH"},{"data":"Outmaneuver","floor":50.0,"key":"SMITH"},{"data":"Wraith Form v2","floor":55.0,"key":"SMITH"}],"circlet_count":0,"master_deck":["AscendersBane","Defend_G","Defend_G","Defend_G","Defend_G","Survivor","Slice","After Image+1","Leg Sweep+1","Flying Knee","Noxious Fumes+1","Backflip","Quick Slash","Footwork+1","Dagger Throw","Bouncing Flask+1","Deadly Poison","Burst+1","Catalyst+1","Deadly Poison","Noxious Fumes+1","Outmaneuver+1","Blur","Backflip","Adrenaline+1","Bullet Time+1","Bandage Up+1","Wraith Form v2+1","Footwork"],"relics":["Calling Bell","Art of War","HornCleat","Unceasing Top","Pocketwatch","Strawberry","Oddly Smooth Stone","WingedGreaves","Matryoshka","Coffee Dripper","Blue Candle","Snake Skull","Happy Flower","TwistedFunnel","Empty Cage","Toy Ornithopter","InkBottle","The Specimen"],"acts_visited":["Exordium","TheCity","TheBeyond"],"potions_floor_usage":[],"damage_taken":[{"damage":2.0,"enemies":"2 Louse","floor":1.0,"turns":4.0},{"damage":3.0,"enemies":"Cultist","floor":3.0,"turns":6.0},{"damage":1.0,"enemies":"Small Slimes","floor":4.0,"turns":6.0},{"damage":1.0,"enemies":"Exordium Thugs","floor":8.0,"turns":6.0},{"damage":4.0,"enemies":"3 Sentries","floor":9.0,"turns":9.0},{"damage":0.0,"enemies":"Large Slime","floor":15.0,"turns":6.0},{"damage":0.0,"enemies":"Looter","floor":16.0,"turns":4.0},{"damage":3.0,"enemies":"Lagavulin","floor":17.0,"turns":7.0},{"damage":0.0,"enemies":"Red Slaver","floor":18.0,"turns":4.0},{"damage":25.0,"enemies":"Slime Boss","floor":20.0,"turns":11.0},{"damage":7.0,"enemies":"2 Thieves","floor":22.0,"turns":5.0},{"damage":0.0,"enemies":"3 Byrds","floor":28.0,"turns":4.0},{"damage":31.0,"enemies":"Slavers","floor":30.0,"turns":7.0},{"damage":19.0,"enemies":"Snake Plant","floor":33.0,"turns":4.0},{"damage":0.0,"enemies":"Champ","floor":38.0,"turns":6.0},{"damage":1.0,"enemies":"3 Darklings","floor":40.0,"turns":4.0},{"damage":1.0,"enemies":"3 Shapes","floor":42.0,"turns":4.0},{"damage":1.0,"enemies":"Transient","floor":43.0,"turns":6.0},{"damage":1.0,"enemies":"Jaw Worm Horde","floor":44.0,"turns":4.0},{"damage":9.0,"enemies":"Sphere and 2 Shapes","floor":51.0,"turns":4.0},{"damage":16,"enemies":"Time Eater","floor":56,"turns":6}],"seed_played":"3566100405071323835","potions_obtained":[{"floor":3.0,"key":"Dexterity Potion"},{"floor":8.0,"key":"GamblersBrew"},{"floor":22.0,"key":"SteroidPotion"},{"floor":36.0,"key":"SpeedPotion"},{"floor":41.0,"key":"CunningPotion"},{"floor":51.0,"key":"SpeedPotion"}],"is_trial":false,"path_per_floor":["M","?","M","M","$","T","R","M","E","?","T","T","R","$","M","M","E","M","R","B",null,"M","?","?","?","$","R","M","R","E","T","R","M","$","R","?","R","B",null,"M","?","M","M","M","R","?","R","T","T","R","M","?","?","$","R","B",null],"character_chosen":"THE_SILENT","items_purchased":["Noxious Fumes","Footwork","Noxious Fumes","Outmaneuver","Adrenaline","TwistedFunnel","Footwork"],"campfire_rested":0,"item_purchase_floors":[5,14,26,26,34,34,54],"current_hp_per_floor":[57,57,54,53,53,53,53,52,55,55,55,55,55,55,55,55,52,52,52,27,62,55,55,55,55,55,55,55,55,24,24,24,5,5,5,5,5,5,56,55,55,54,53,52,52,52,52,52,52,52,49,49,49,49,49,39],"gold":103,"neow_bonus":"BOSS_RELIC","is_daily":false,"chose_seed":false,"campfire_upgraded":12,"win_rate":0.0,"timestamp":1611461387,"path_taken":["M","?","M","?","$","?","R","?","E","?","T","T","R","?","M","M","E","M","R","BOSS","M","?","?","?","$","R","M","R","E","T","R","?","?","R","?","R","BOSS","M","?","M","M","?","R","?","R","T","T","R","M","?","?","$","R","BOSS"],"items_purchased_type":["Card","Card","Card","Card","Card","Relic","Card"],"build_version":"2020-12-22","purchased_purges":3,"victory":true,"max_hp_per_floor":[66,66,66,66,66,66,66,66,73,73,73,73,73,73,73,73,73,73,73,73,73,73,73,73,73,73,73,73,73,73,73,73,73,73,73,73,73,73,73,73,73,73,73,73,73,73,73,73,73,73,73,69,69,69,69,69],"card_choices":[{"not_picked":["Acrobatics","Prepared"],"picked":"Slice","floor":1.0},{"not_picked":["Dodge and Roll","Eviscerate"],"picked":"Leg Sweep","floor":3.0},{"not_picked":["Deadly Poison","Cloak And Dagger"],"picked":"Flying Knee","floor":4.0},{"not_picked":["Quick Slash","Predator"],"picked":"Backflip","floor":8.0},{"not_picked":["Concentrate","Choke"],"picked":"Quick Slash","floor":9.0},{"not_picked":["PiercingWail","Flying Knee"],"picked":"Dagger Throw","floor":15.0},{"not_picked":["Acrobatics","Leg Sweep","Phantasmal Killer"],"picked":"SKIP","floor":16.0},{"not_picked":["Malaise","Terror"],"picked":"Bouncing Flask","floor":17.0},{"not_picked":["Reflex","Blade Dance"],"picked":"Deadly Poison","floor":18.0},{"not_picked":["Doppelganger","Night Terror"],"picked":"Burst","floor":20.0},{"not_picked":["PiercingWail","Crippling Poison+1"],"picked":"Catalyst","floor":22.0},{"not_picked":["Noxious Fumes","Tactician"],"picked":"Blur","floor":28.0},{"not_picked":["Deadly Poison","Bane","Outmaneuver"],"picked":"SKIP","floor":30.0},{"not_picked":["Dagger Spray","Outmaneuver"],"picked":"Backflip","floor":33.0},{"not_picked":["Burst","Die Die Die"],"picked":"Bullet Time","floor":38.0},{"not_picked":["Backflip","Bane","Backstab"],"picked":"SKIP","floor":40.0},{"not_picked":["Expertise","Sucker Punch","All Out Attack+1"],"picked":"SKIP","floor":42.0},{"not_picked":["Blade Dance+1","Concentrate","Skewer"],"picked":"SKIP","floor":43.0},{"not_picked":["Sucker Punch","Bane","Deadly Poison"],"picked":"SKIP","floor":44.0},{"not_picked":["Forethought","Jack Of All Trades"],"picked":"Bandage Up","floor":46.0},{"not_picked":["Flying Knee","Backflip"],"picked":"Wraith Form v2","floor":51.0}],"player_experience":346674,"relics_obtained":[{"floor":0.0,"key":"Art of War"},{"floor":0.0,"key":"HornCleat"},{"floor":0.0,"key":"Unceasing Top"},{"floor":6.0,"key":"Pocketwatch"},{"floor":9.0,"key":"Strawberry"},{"floor":11.0,"key":"Oddly Smooth Stone"},{"floor":12.0,"key":"WingedGreaves"},{"floor":17.0,"key":"Matryoshka"},{"floor":30.0,"key":"Blue Candle"},{"floor":31.0,"key":"Snake Skull"},{"floor":31.0,"key":"Happy Flower"},{"floor":48.0,"key":"Toy Ornithopter"},{"floor":48.0,"key":"InkBottle"},{"floor":49.0,"key":"The Specimen"}],"event_choices":[{"damage_healed":0.0,"max_hp_gain":0.0,"max_hp_loss":0.0,"gold_gain":0.0,"cards_transformed":["Strike_G"],"event_name":"Transmorgrifier","player_choice":"Transformed","floor":2.0,"gold_loss":0.0,"damage_taken":0.0,"cards_obtained":["After Image"]},{"damage_healed":0.0,"max_hp_gain":0.0,"max_hp_loss":0.0,"gold_gain":0.0,"event_name":"Accursed Blacksmith","player_choice":"Forge","floor":10.0,"gold_loss":0.0,"damage_taken":0.0,"cards_upgraded":["After Image"]},{"damage_healed":0.0,"max_hp_gain":0.0,"max_hp_loss":0.0,"gold_gain":0.0,"cards_transformed":["Strike_G","Strike_G"],"event_name":"Drug Dealer","player_choice":"Became Test Subject","floor":23.0,"gold_loss":0.0,"damage_taken":0.0,"cards_obtained":["Deadly Poison","Grand Finale"]},{"damage_healed":0.0,"max_hp_gain":0.0,"max_hp_loss":0.0,"gold_gain":50.0,"event_name":"Nest","player_choice":"Stole From Cult","floor":24.0,"gold_loss":0.0,"damage_taken":0.0},{"damage_healed":0.0,"max_hp_gain":0.0,"max_hp_loss":0.0,"gold_gain":275.0,"event_name":"Golden Shrine","player_choice":"Desecrate","floor":25.0,"gold_loss":0.0,"damage_taken":0.0,"cards_obtained":["Regret"]},{"damage_healed":0.0,"max_hp_gain":0.0,"max_hp_loss":0.0,"gold_gain":0.0,"event_name":"Lab","player_choice":"Got Potions","floor":36.0,"gold_loss":0.0,"damage_taken":0.0},{"damage_healed":0.0,"max_hp_gain":0.0,"max_hp_loss":0.0,"gold_gain":0.0,"event_name":"The Woman in Blue","player_choice":"Bought 1 Potion","floor":41.0,"gold_loss":0.0,"damage_taken":0.0},{"damage_healed":0.0,"max_hp_gain":0.0,"max_hp_loss":0.0,"gold_gain":0.0,"event_name":"SensoryStone","player_choice":"Memory 1","floor":46.0,"gold_loss":0.0,"damage_taken":0.0},{"damage_healed":0.0,"max_hp_gain":0.0,"max_hp_loss":4.0,"gold_gain":0.0,"event_name":"Winding Halls","player_choice":"Max HP","floor":52.0,"gold_loss":0.0,"damage_taken":0.0},{"cards_removed":["Neutralize"],"damage_healed":0.0,"max_hp_gain":0.0,"max_hp_loss":0.0,"gold_gain":0.0,"event_name":"Falling","player_choice":"Removed Attack","floor":53.0,"gold_loss":0.0,"damage_taken":0.0}],"is_beta":false,"boss_relics":[{"not_picked":["Pandora\u0027s Box","Velvet Choker"],"picked":"Coffee Dripper"},{"not_picked":["HoveringKite","Astrolabe"],"picked":"Empty Cage"}],"items_purged_floors":[5,26,34],"is_endless":false,"potions_floor_spawned":[3,8,15,18,20,22,28,33,51],"ascension_level":18}}