{"host":"minbhrtlkaoly5f0","time":1611506945,"event":{"mods":["Act Like it!","BaseMod","Colored Map","Lobotomy","LobotomyExtend","Minty Spire (QoL Compilation)","Quick Restart","StSLib"],"gold_per_floor":[115,125,135,154,79,79,79,79,79,90,108,108,119,139,139,242,242,253,264,264,164,164,164,177,188,239,60,74,74,74,93,93,195,195,214,228,78,0,11,41,41,57,82,82,96,96,128,141,141,141,141],"floor_reached":50,"language":"ZHS","playtime":2352,"items_purged":["SpecialBullet","Rudolta","Woodsman","SpecialBullet"],"score":550,"play_id":"0926f6e1-8894-476a-a182-a00f00097a95","local_time":"20210125004905","is_ascension_mode":false,"campfire_choices":[{"floor":15.0,"key":"REST"},{"floor":29.0,"key":"REST"}],"circlet_count":0,"master_deck":["SpecialBullet","InformationCode","SecurityCode","TrainingCode","Ecstasy+1","FourthMatchFlame+1","SwordSharpenedByTears+1","CentralCode","DisciplinaryCode","Pinks","GoldRush","SingingMachine","Reverberation+1","FourthMatchFlame+1","BearPaw+1","Decay","Harmony+1","ControlCode","TheSmile+1","BodiesMountain","RecordCode","CrumblingArmor","Pinks+1","BlackArmy","NothingThere","HappyTeddy","WelfareCode"],"relics":["CogitoBucket","LetterFromLob","Whetstone","AspirationHeart","Empty Cage","LuminousBracelet","Bronze Scales","Sozu","AtMidnight","Red Mask","Shuriken","Oddly Smooth Stone"],"acts_visited":["Exordium","TheCity","TheBeyond"],"potions_floor_usage":[],"damage_taken":[{"damage":11.0,"enemies":"Jaw Worm","floor":1.0,"turns":2.0},{"damage":5.0,"enemies":"2 Louse","floor":2.0,"turns":2.0},{"damage":6.0,"enemies":"Cultist","floor":3.0,"turns":3.0},{"damage":20.0,"enemies":"Blue Slaver","floor":4.0,"turns":3.0},{"damage":28.0,"enemies":"Exordium Wildlife","floor":10.0,"turns":5.0},{"damage":8.0,"enemies":"Looter","floor":11.0,"turns":4.0},{"damage":12.0,"enemies":"Gremlin Gang","floor":13.0,"turns":2.0},{"damage":15.0,"enemies":"3 Louse","floor":14.0,"turns":2.0},{"damage":43.0,"enemies":"Hexaghost","floor":16.0,"turns":10.0},{"damage":26.0,"enemies":"Chosen","floor":18.0,"turns":6.0},{"damage":48.0,"enemies":"Spheric Guardian","floor":19.0,"turns":5.0},{"damage":31.0,"enemies":"Shelled Parasite and Fungi","floor":24.0,"turns":3.0},{"damage":24.0,"enemies":"Snake Plant","floor":25.0,"turns":2.0},{"damage":10.0,"enemies":"Chosen and Byrds","floor":28.0,"turns":4.0},{"damage":18.0,"enemies":"Snecko","floor":31.0,"turns":4.0},{"damage":46.0,"enemies":"Collector","floor":33.0,"turns":7.0},{"damage":162.0,"enemies":"Orb Walker","floor":35.0,"turns":15.0},{"damage":28.0,"enemies":"3 Shapes","floor":36.0,"turns":4.0},{"damage":65.0,"enemies":"3 Darklings","floor":39.0,"turns":4.0},{"damage":12.0,"enemies":"Reptomancer","floor":40.0,"turns":2.0},{"damage":113.0,"enemies":"4 Shapes","floor":42.0,"turns":3.0},{"damage":17.0,"enemies":"Spire Growth","floor":45.0,"turns":3.0},{"damage":126.0,"enemies":"Giant Head","floor":47.0,"turns":7.0},{"damage":36.0,"enemies":"Maw","floor":48.0,"turns":5.0},{"damage":182,"enemies":"Donu and Deca","floor":50,"turns":4}],"seed_played":"5843246789178137624","potions_obtained":[{"floor":3.0,"key":"BlessingOfTheForge"},{"floor":10.0,"key":"Regen Potion"},{"floor":11.0,"key":"Ancient Potion"},{"floor":14.0,"key":"Strength Potion"},{"floor":18.0,"key":"Fire Potion"},{"floor":19.0,"key":"FairyPotion"},{"floor":24.0,"key":"DistilledChaos"},{"floor":31.0,"key":"FairyPotion"}],"is_trial":false,"path_per_floor":["M","M","M","M","$","R","?","R","T","M","M","R","M","M","R","B",null,"M","M","?","$","?","R","M","M","T","$","M","R","?","M","R","B",null,"M","M","$","?","M","E","R","M","T","?","M","M","E","M","R","B"],"character_chosen":"Angela","items_purchased":["FourthMatchFlame+1"],"campfire_rested":2,"item_purchase_floors":[27],"current_hp_per_floor":[67,70,70,58,58,58,44,44,44,24,46,46,42,35,59,24,80,62,37,34,34,58,58,36,27,27,27,32,60,60,59,59,31,95,95,95,95,95,54,62,62,43,43,43,52,52,65,103,103,0,0],"gold":141,"neow_bonus":"REMOVE_CARD","is_daily":false,"chose_seed":false,"campfire_upgraded":0,"win_rate":0.0,"timestamp":1611506945,"path_taken":["M","M","M","M","$","R","?","R","T","M","M","R","M","M","R","BOSS","M","M","?","?","?","R","M","?","T","$","M","R","?","M","R","BOSS","M","M","$","?","M","E","R","M","T","?","M","M","E","M","R","BOSS"],"items_purchased_type":["Card"],"build_version":"2020-12-22","purchased_purges":4,"victory":false,"max_hp_per_floor":[70,70,70,70,70,70,70,70,70,70,80,80,80,80,80,80,80,80,95,95,95,95,95,95,95,95,95,95,95,95,95,95,95,95,95,95,95,95,95,95,95,95,95,95,99,99,103,103,103,103,103],"card_choices":[{"not_picked":["CherryBlossoms","FieryBird"],"picked":"Rudolta","floor":1.0},{"not_picked":["Loneliness"],"picked":"Ecstasy","floor":1.0},{"not_picked":["SpiderBud","Murderer"],"picked":"UniverseFragment","floor":2.0},{"not_picked":["BlueScar","FourthMatchFlame"],"picked":"SKIP","floor":2.0},{"not_picked":["Pleasure"],"picked":"FourthMatchFlame","floor":3.0},{"not_picked":["MHz","Bloodbath"],"picked":"SpiderBud","floor":4.0},{"not_picked":["Hypocrisy"],"picked":"SwordSharpenedByTears","floor":4.0},{"not_picked":["Funeral","Yin"],"picked":"OldLady","floor":10.0},{"not_picked":["CrimsonScar"],"picked":"Penitence","floor":10.0},{"not_picked":["Discord","Beak"],"picked":"SKIP","floor":11.0},{"not_picked":["Murderer","Wellcheers"],"picked":"OSAHOGD","floor":13.0},{"not_picked":["RapturousDream","CherryBlossom"],"picked":"SKIP","floor":13.0},{"not_picked":["RapturousDream"],"picked":"SoundOfStar","floor":14.0},{"not_picked":["CENSORED_ego","DaCapo"],"picked":"Pinks","floor":16.0},{"not_picked":["TheSmile","Twilight"],"picked":"Pinks","floor":16.0},{"not_picked":["Scorched","VoidDream","WhitesApple"],"picked":"Singing Bowl","floor":18.0},{"not_picked":["FairyFestival","MeatLantern"],"picked":"WallGazer","floor":18.0},{"not_picked":["Noise","Loneliness"],"picked":"GoldRush","floor":18.0},{"not_picked":["SomewhereSpear+1","Beak","Noise"],"picked":"SKIP","floor":18.0},{"not_picked":["Laetitia","BigBird","Murderer"],"picked":"Singing Bowl","floor":19.0},{"not_picked":["LongBird","SnowQueen"],"picked":"SingingMachine","floor":19.0},{"not_picked":["Lantern","GrinderMk4","Loneliness"],"picked":"SKIP","floor":19.0},{"not_picked":["UniverseFragment","VoidDream","Bloodbath"],"picked":"Singing Bowl","floor":24.0},{"not_picked":["Scorched","NakedNest"],"picked":"Woodsman","floor":24.0},{"not_picked":["SwordSharpenedByTears+1","TodaysExpression+1","RedEyes+1"],"picked":"SKIP","floor":24.0},{"not_picked":["BearPaw+1","Diffraction+1"],"picked":"Reverberation+1","floor":25.0},{"not_picked":["SomewhereSpear+1","CENSORED_ego+1"],"picked":"BearPaw+1","floor":28.0},{"not_picked":["BlackSwan","Scarecrow","MHz"],"picked":"Singing Bowl","floor":28.0},{"not_picked":["SilentOrchestra","QueenBee","FairyFestival"],"picked":"Singing Bowl","floor":31.0},{"not_picked":["RapturousDream+1","Loneliness+1"],"picked":"Harmony+1","floor":31.0},{"not_picked":["GoldRush+1","ParadiseLost+1"],"picked":"TheSmile+1","floor":33.0},{"not_picked":["BlueStar","SilentOrchestra"],"picked":"BodiesMountain","floor":33.0},{"not_picked":["QueenOfHatred","BigBadWolf","Rudolta"],"picked":"Singing Bowl","floor":35.0},{"not_picked":["Penitence+1","Horn+1","Beak+1"],"picked":"SKIP","floor":35.0},{"not_picked":["FairyFestival","Rudolta"],"picked":"CrumblingArmor","floor":36.0},{"not_picked":["Ecstasy+1","MagicBullet+1"],"picked":"Pinks+1","floor":36.0},{"not_picked":["SpiderBud","BeautyBeast","QueenBee"],"picked":"Singing Bowl","floor":39.0},{"not_picked":["RedShoes","WhitesApple"],"picked":"BlackArmy","floor":39.0},{"not_picked":["Harvest+1","Loneliness+1","SomewhereSpear+1"],"picked":"SKIP","floor":39.0},{"not_picked":["BlackSwan","Freischutz","LittlePrince"],"picked":"Singing Bowl","floor":40.0},{"not_picked":["Pleasure+1","Wingbeat+1","GreenStem+1"],"picked":"SKIP","floor":40.0},{"not_picked":["Funeral","BigBird","LittlePrince"],"picked":"Singing Bowl","floor":42.0},{"not_picked":["Penitence+1","CUTE+1","Hornet+1"],"picked":"SKIP","floor":42.0},{"not_picked":["QueenOfHatred","MeatLantern","BlueStar"],"picked":"Singing Bowl","floor":45.0},{"not_picked":["Yin","OldLady"],"picked":"NothingThere","floor":45.0},{"not_picked":["RedEyes+1","Logging+1","BlueScar+1"],"picked":"SKIP","floor":45.0},{"not_picked":["RedEyes+1","Logging+1","BlueScar+1"],"picked":"SKIP","floor":45.0},{"not_picked":["OSAHOGD","Scorched"],"picked":"HappyTeddy","floor":47.0},{"not_picked":["Beak+1","BlackSwan_ego+1","Harmony+1"],"picked":"SKIP","floor":47.0},{"not_picked":["DreamingCurrent","CherryBlossoms","BlackSwan"],"picked":"Singing Bowl","floor":48.0},{"not_picked":["Loneliness+1","Lamp+1","Regret_ego+1"],"picked":"SKIP","floor":48.0}],"player_experience":46385,"relics_obtained":[{"floor":1.0,"key":"LetterFromLob"},{"floor":9.0,"key":"Whetstone"},{"floor":26.0,"key":"Bronze Scales"},{"floor":35.0,"key":"AtMidnight"},{"floor":40.0,"key":"Shuriken"},{"floor":47.0,"key":"Oddly Smooth Stone"}],"event_choices":[{"damage_healed":0.0,"max_hp_gain":0.0,"max_hp_loss":0.0,"gold_gain":0.0,"event_name":"Shining Light","player_choice":"Entered Light","floor":7.0,"gold_loss":0.0,"damage_taken":14.0,"cards_upgraded":["Ecstasy","FourthMatchFlame"]},{"damage_healed":0.0,"max_hp_gain":0.0,"max_hp_loss":0.0,"gold_gain":0.0,"event_name":"Designer","player_choice":"Punched","floor":20.0,"gold_loss":0.0,"damage_taken":3.0},{"damage_healed":0.0,"max_hp_gain":0.0,"max_hp_loss":0.0,"gold_gain":0.0,"event_name":"Wheel of Change","player_choice":"Cursed","floor":30.0,"gold_loss":0.0,"damage_taken":0.0,"cards_obtained":["Decay"]},{"damage_healed":0.0,"max_hp_gain":0.0,"max_hp_loss":0.0,"gold_gain":0.0,"event_name":"Tomb of Lord Red Mask","player_choice":"Paid","floor":38.0,"gold_loss":78.0,"damage_taken":0.0,"relics_obtained":["Red Mask"]},{"cards_removed":["SpecialBullet"],"damage_healed":0.0,"max_hp_gain":0.0,"max_hp_loss":0.0,"gold_gain":0.0,"event_name":"Falling","player_choice":"Removed Attack","floor":44.0,"gold_loss":0.0,"damage_taken":0.0}],"is_beta":false,"boss_relics":[{"not_picked":["Calling Bell","SacredBark"],"picked":"Empty Cage"},{"not_picked":["Busted Crown","Cursed Key"],"picked":"Sozu"}],"items_purged_floors":[5,21,27,37],"is_endless":false,"potions_floor_spawned":[3,10,11,14,18,19,24,31,42,45,47,48],"killed_by":"Donu and Deca","ascension_level":0}}