{"host":"lnnm69al9x392px5","time":1611470416,"event":{"mods":["BaseMod","Downfall","Minty Spire (QoL Compilation)","Replay The Spire","StSLib"],"gold_per_floor":[199,211,231,241,241,274,274,299,399,419,434,201,219,219,235,235,235,235],"floor_reached":16,"language":"ENG","playtime":838,"items_purged":[],"score":114,"play_id":"3713ee54-db9b-4d66-8f44-fa1550291265","local_time":"20210123224016","is_ascension_mode":false,"campfire_choices":[{"floor":1,"key":"DIG"}],"circlet_count":0,"master_deck":["bronze:Strike","bronze:Strike","bronze:Strike","bronze:Defend","bronze:Defend","bronze:Defend","bronze:Defend","bronze:Replicate","bronze:Goto","bronze:Return","bronze:Iterate","bronze:Constructor","bronze:BronzeOrb","bronze:Optimize","Good Instincts","bronze:Separator","bronze:FineTuning"],"relics":["bronze:BronzeCore","Counterbalance","Boot","Singing Bowl","StoneCalendar"],"acts_visited":["Exordium"],"potions_floor_usage":[8,8,16,16],"damage_taken":[{"damage":0,"enemies":"2 Louse","floor":2,"turns":4},{"damage":3,"enemies":"Jaw Worm","floor":3,"turns":4},{"damage":4,"enemies":"Cultist","floor":4,"turns":4},{"damage":45,"enemies":"3 Sentries","floor":6,"turns":16},{"damage":8,"enemies":"Lagavulin","floor":8,"turns":7},{"damage":0,"enemies":"2 Fungi Beasts","floor":10,"turns":4},{"damage":0,"enemies":"Large Slime","floor":11,"turns":5},{"damage":5,"enemies":"downfall:FleeingMerchant","floor":12,"turns":4},{"damage":0,"enemies":"Gremlin Gang","floor":13,"turns":7},{"damage":0,"enemies":"Exordium Wildlife","floor":15,"turns":1},{"damage":18,"enemies":"SI_SHIV_ARCHETYPE","floor":16,"turns":7}],"seed_played":"-4902589865331948748","potions_obtained":[{"floor":2,"key":"hexamod:SoulburnPotion"},{"floor":3,"key":"Languid Potion"},{"floor":6,"key":"SteroidPotion"},{"floor":10,"key":"Death Potion"},{"floor":15,"key":"EntropicBrew"}],"is_trial":false,"path_per_floor":["R","M","M","M","?","E","T","E","?","M","M","$","M","?","M","B"],"character_chosen":"THE_AUTOMATON","items_purchased":["SteroidPotion","bronze:Optimize","Good Instincts"],"campfire_rested":0,"item_purchase_floors":[12,12,12],"current_hp_per_floor":[70,70,67,63,63,18,18,12,12,14,16,13,13,13,13,0,0,0],"gold":235,"neow_bonus":"HUNDRED_GOLD","is_daily":false,"chose_seed":false,"campfire_upgraded":0,"win_rate":0.0,"timestamp":1611470416,"path_taken":["R","M","M","M","?","E","T","E","?","M","M","$","?","?","M","BOSS"],"items_purchased_type":["Potion","Card","Card"],"build_version":"2020-12-22","purchased_purges":0,"victory":false,"max_hp_per_floor":[70,70,70,70,70,70,70,72,72,74,76,78,78,78,78,78,78,78],"card_choices":[{"not_picked":["bronze:CloningBeam","bronze:Invalidate"],"picked":"bronze:Return","floor":2},{"not_picked":["bronze:Allocate","bronze:BronzeArmor"],"picked":"bronze:Iterate","floor":3},{"not_picked":["bronze:Overheat","bronze:BuggyMess"],"picked":"bronze:Constructor","floor":4},{"not_picked":["bronze:BurnOut","bronze:BugBarrage"],"picked":"bronze:BronzeOrb","floor":6},{"not_picked":["bronze:Deprecate","bronze:Iterate","bronze:AlphaBuild"],"picked":"Singing Bowl","floor":8},{"not_picked":["bronze:Constructor","bronze:Safeguard","bronze:BitShift"],"picked":"Singing Bowl","floor":10},{"not_picked":["bronze:Overheat","bronze:BuggyMess","bronze:NullPointer"],"picked":"Singing Bowl","floor":11},{"not_picked":["bronze:BugBarrage","bronze:Turbo","bronze:Iterate"],"picked":"Singing Bowl","floor":12},{"not_picked":["bronze:DelayedSlice","bronze:BitShift"],"picked":"bronze:Separator","floor":13},{"not_picked":["bronze:Philosophize","bronze:AlphaBuild"],"picked":"bronze:FineTuning","floor":15}],"player_experience":252336,"relics_obtained":[{"floor":1,"key":"Counterbalance"},{"floor":6,"key":"Boot"},{"floor":7,"key":"Singing Bowl"},{"floor":8,"key":"StoneCalendar"}],"event_choices":[],"is_beta":false,"boss_relics":[],"items_purged_floors":[],"is_endless":false,"potions_floor_spawned":[2,3,6,10,15],"killed_by":"SI_SHIV_ARCHETYPE","ascension_level":0}}