{"host":"fworv1gvvajf3x0f","time":1611473857,"event":{"mods":["AchievementEnabler","Aspiration","BaseMod","Better Match","Better Note","Better Sensory Stone","Better Third Choice","Better-Laid Plans","BetterRewards","Colored Map","Colored Powertips","Displayed Cursed Tome","Energized Spire","Good Game Mod","Highlight Path","Infinite Spire","Minty Spire (QoL Compilation)","Relic Stats","Replay The Spire","Spicy Shops","StSLib"],"gold_per_floor":[114,130,130,143,157,157,46,46,46,58,71,71,88,98,98,201,201,220,220,3,0,16,16,47,47,73,73,101,123,60,72,84,196,208,235,297,319,53,53,53,53,251,251,282,282,330,630,670,670,670,670,670,13,31,31],"floor_reached":54,"language":"ZHS","playtime":4905,"items_purged":["Strike_G","Toxin Wave","Defend_G"],"score":824,"play_id":"b65516a5-d44d-4a20-9320-71f261577577","local_time":"20210124153737","is_ascension_mode":true,"campfire_choices":[{"floor":6,"key":"DIG"},{"data":"Acrobatics","floor":12,"key":"SMITH"},{"floor":15,"key":"REST"},{"floor":23,"key":"REST"},{"floor":27,"key":"REST"},{"floor":32,"key":"REST"},{"floor":40,"key":"RECALL"},{"floor":45,"key":"REST"},{"floor":49,"key":"REST"},{"floor":52,"key":"DIG"}],"circlet_count":0,"master_deck":["Defend_G","Survivor","Neutralize","Crow Ritual","Well Laid Plans","Underhanded Strike","Blade Dance","Acrobatics+1","Terror","ReplayTheSpireMod:Speed Training","Accuracy","Grand Finale+1","Footwork+1","Acrobatics+1","Blade Dance+1","Hidden Blade+1","Finisher+1","Well Laid Plans","Night Terror","ReplayTheSpireMod:Scrap Shanks","Tools of the Trade","Backflip+1","Adrenaline","Accuracy+1","Outmaneuver","infinitespire:Punishment+1","Backflip","Accuracy","Tools of the Trade","ReplayTheSpireMod:Tripwire+1","Concentrate","Eviscerate+1","Backstab+1","Tactician","Madness"],"relics":["Ring of the Snake","REME:ComplimentaryCards","Shovel","Molten Egg 2","Cauldron","infinitespire:BottledMercury","ReplayTheSpireMod:DimensionalGlitch","Enchiridion","Vajra","Orrery","Strawberry","Runic Pyramid","Replay:PocketPolymizer","Regal Pillow","MawBank","energizedSpire:NeverEndingSparkler","Lizard Tail","Replay:Bandana","FossilizedHelix","Replay:Accelerometer","Letter Opener","Lee\u0027s Waffle"],"acts_visited":["Exordium","TheCity","TheBeyond","TheEnding"],"potions_floor_usage":[10,10,14,16,29],"damage_taken":[{"damage":3,"enemies":"2 Louse","floor":1,"turns":5},{"damage":1,"enemies":"Cultist","floor":2,"turns":4},{"damage":9,"enemies":"Jaw Worm","floor":4,"turns":3},{"damage":5,"enemies":"Red Slaver","floor":5,"turns":5},{"damage":0,"enemies":"Large Slime","floor":10,"turns":4},{"damage":11,"enemies":"Looter","floor":11,"turns":2},{"damage":3,"enemies":"2 Fungi Beasts","floor":13,"turns":4},{"damage":5,"enemies":"Large Slime","floor":14,"turns":3},{"damage":38,"enemies":"Fading Forest","floor":16,"turns":11},{"damage":17,"enemies":"Shell Parasite","floor":18,"turns":3},{"damage":0,"enemies":"3 Byrds","floor":22,"turns":4},{"damage":15,"enemies":"Replay:Snechameleon","floor":24,"turns":3},{"damage":37,"enemies":"Slavers","floor":28,"turns":6},{"damage":3,"enemies":"Shelled Parasite and Fungi","floor":29,"turns":3},{"damage":19,"enemies":"Collector","floor":33,"turns":6},{"damage":13,"enemies":"3 Shapes","floor":35,"turns":4},{"damage":0,"enemies":"Mind Bloom Boss Battle","floor":36,"turns":4},{"damage":1,"enemies":"Orb Walker","floor":37,"turns":2},{"damage":18,"enemies":"Spire Growth","floor":44,"turns":3},{"damage":0,"enemies":"Giant Head","floor":46,"turns":2},{"damage":15,"enemies":"Jaw Worm Horde","floor":48,"turns":3},{"damage":0,"enemies":"Replay:Hell Engine","floor":50,"turns":1},{"damage":142,"enemies":"Shield and Spear","floor":54,"turns":3}],"seed_played":"-1774972468841344600","potions_obtained":[{"floor":2,"key":"SteroidPotion"},{"floor":4,"key":"Poison Potion"},{"floor":10,"key":"Energy Potion"},{"floor":11,"key":"AttackPotion"},{"floor":22,"key":"PowerPotion"},{"floor":24,"key":"Weak Potion"},{"floor":29,"key":"Elixir"},{"floor":37,"key":"FairyPotion"},{"floor":44,"key":"Strength Potion"}],"is_trial":false,"path_per_floor":["M","M","?","M","M","R","$","?","T","M","M","R","M","M","R","B",null,"M","?","$","?","M","R","E","AVR","T","R","E","M","?","?","R","B",null,"M","?","M","$","?","R","AVR","?","T","M","R","E","?","M","R_BF","B",null,"R","$","E"],"character_chosen":"THE_SILENT","items_purchased":["Shovel","Acrobatics","Cauldron","Vajra","Orrery","Replay:Bandana","Outmaneuver","Tactician","Madness","Letter Opener","Lee\u0027s Waffle"],"campfire_rested":6,"item_purchase_floors":[0,7,7,20,20,38,38,53,53,53,53],"current_hp_per_floor":[60,59,59,50,45,45,45,45,45,45,34,34,31,26,47,17,57,40,15,15,15,15,36,28,28,28,66,29,26,26,26,64,45,69,56,56,55,55,25,25,25,6,6,22,60,60,60,45,77,77,77,77,84,0,0],"gold":31,"neow_bonus":"","is_daily":false,"chose_seed":false,"campfire_upgraded":1,"win_rate":0.0,"timestamp":1611473857,"path_taken":["M","M","?","M","?","R","$","?","T","M","M","R","?","M","R","BOSS","M","?","$","?","M","R","E","AVR","T","R","E","M","?","?","R","BOSS","M","?","M","$","?","R","AVR","?","T","?","R","E","?","M","R_BF","BOSS","R","$","E"],"items_purchased_type":["Relic","Card","Relic","Relic","Relic","Relic","Card","Card","Card","Relic","Relic"],"build_version":"2020-12-22","purchased_purges":3,"victory":false,"max_hp_per_floor":[70,70,70,70,70,70,70,70,70,70,70,70,70,70,70,70,70,70,70,70,70,70,70,77,77,77,77,77,77,77,77,77,77,77,77,77,77,77,77,77,77,77,77,77,77,77,77,77,77,77,77,77,84,84,84],"relic_stats":{"Regal Pillow":54,"Lizard Tail":21,"Lee\u0027s Waffle":7,"Shovel":2,"counters":[27,92],"Letter Opener":[8],"MawBank":120,"obtain_stats":[{"infinitespire:BottledMercury":9,"Replay:Accelerometer":52,"Iron Core":5,"Regal Pillow":26,"Replay:PocketPolymizer":25,"Enchiridion":19,"Vajra":20,"infinitespire:Cubic Diamond":5,"Lizard Tail":36,"Replay:Bandana":38,"HornCleat":9,"Shovel":0,"Strawberry":24,"Ring of the Snake":0,"Runic Pyramid":25,"Lee\u0027s Waffle":53,"NeowsBlessing":0,"aspiration:FetidBarrel":2,"Letter Opener":53,"MawBank":28,"Cauldron":7,"REME:ComplimentaryCards":0,"energizedSpire:NeverEndingSparkler":34,"Bird Faced Urn":6,"Orrery":20,"Molten Egg 2":6,"ReplayTheSpireMod:DimensionalGlitch":17,"FossilizedHelix":46},{"infinitespire:BottledMercury":8,"Replay:Accelerometer":26,"Iron Core":2,"Regal Pillow":16,"Replay:PocketPolymizer":16,"Enchiridion":14,"Vajra":14,"infinitespire:Cubic Diamond":2,"Lizard Tail":21,"Replay:Bandana":22,"HornCleat":3,"Shovel":4,"Strawberry":16,"Ring of the Snake":0,"Runic Pyramid":16,"Lee\u0027s Waffle":26,"NeowsBlessing":0,"aspiration:FetidBarrel":1,"Letter Opener":26,"MawBank":17,"Cauldron":8,"REME:ComplimentaryCards":0,"energizedSpire:NeverEndingSparkler":19,"Bird Faced Urn":3,"Orrery":14,"Molten Egg 2":8,"ReplayTheSpireMod:DimensionalGlitch":13,"FossilizedHelix":24},{"infinitespire:BottledMercury":21,"Replay:Accelerometer":89,"Iron Core":2,"Regal Pillow":55,"Replay:PocketPolymizer":55,"Enchiridion":48,"Vajra":48,"infinitespire:Cubic Diamond":2,"Lizard Tail":78,"Replay:Bandana":80,"HornCleat":3,"Shovel":4,"Strawberry":55,"Ring of the Snake":0,"Runic Pyramid":55,"Lee\u0027s Waffle":89,"NeowsBlessing":0,"aspiration:FetidBarrel":1,"Letter Opener":89,"MawBank":61,"Cauldron":21,"REME:ComplimentaryCards":0,"energizedSpire:NeverEndingSparkler":70,"Bird Faced Urn":3,"Orrery":48,"Molten Egg 2":21,"ReplayTheSpireMod:DimensionalGlitch":45,"FossilizedHelix":85}],"Ring of the Snake":[46]},"card_choices":[{"not_picked":["Cloak And Dagger","Predator"],"picked":"Well Laid Plans","floor":1},{"not_picked":["Dagger Spray","Dagger Throw"],"picked":"Expertise","floor":2},{"not_picked":["Draining Mist","Dagger Spray"],"picked":"Blade Dance","floor":4},{"not_picked":["Catalyst","Blade Dance","Dagger Spray"],"picked":"SKIP","floor":5},{"not_picked":["Backstab+1","Venomology"],"picked":"Terror","floor":10},{"not_picked":["Bane+1","Flying Knee+1"],"picked":"ReplayTheSpireMod:Speed Training","floor":11},{"not_picked":["Dagger Spray+1","Backstab+1","ReplayTheSpireMod:Speed Training"],"picked":"SKIP","floor":13},{"not_picked":["Quick Slash+1","Escape Plan"],"picked":"Accuracy","floor":14},{"not_picked":["Burst","Corpse Explosion"],"picked":"Grand Finale+1","floor":16},{"not_picked":["Deflect","Flying Knee+1"],"picked":"Footwork+1","floor":18},{"not_picked":["Prepared","Cloak And Dagger"],"picked":"Acrobatics+1","floor":20},{"not_picked":["Distraction","Sucker Punch+1"],"picked":"Blade Dance+1","floor":20},{"not_picked":["Deflect","Dodge and Roll"],"picked":"Hidden Blade+1","floor":20},{"not_picked":["Predator+1","Wraith Form v2"],"picked":"Finisher+1","floor":20},{"not_picked":["Hidden Blade","Toxin Wave+1","Poisoned Stab+1"],"picked":"SKIP","floor":22},{"not_picked":["Bouncing Flask","Distraction"],"picked":"Well Laid Plans","floor":24},{"not_picked":["Poisoned Stab+1","Quick Slash+1","Hidden Blade"],"picked":"SKIP","floor":28},{"not_picked":["Prepared","Outmaneuver"],"picked":"ReplayTheSpireMod:Scrap Shanks","floor":29},{"not_picked":["Venomology","Corpse Explosion"],"picked":"Tools of the Trade","floor":33},{"not_picked":["Flying Knee+1","Quick Slash+1"],"picked":"Backflip+1","floor":35},{"not_picked":["Poisoned Stab+1","Deadly Poison"],"picked":"Adrenaline","floor":36},{"not_picked":["Riddle With Holes+1","Outmaneuver"],"picked":"Accuracy+1","floor":37},{"not_picked":["infinitespire:SealOfDarkness+","infinitespire:DeathsTouch"],"picked":"infinitespire:Gouge","floor":39},{"not_picked":["Quick Slash+1","Deflect+1"],"picked":"Backflip","floor":42},{"not_picked":["Prepared+1","Backflip+1"],"picked":"Accuracy","floor":44},{"not_picked":["Backflip+1","Dagger Throw+1"],"picked":"ReplayTheSpireMod:Tripwire+1","floor":46},{"not_picked":["Cloak And Dagger+1","Dagger Throw+1"],"picked":"Concentrate","floor":48}],"player_experience":316598,"relics_obtained":[{"floor":6,"key":"Molten Egg 2"},{"floor":9,"key":"infinitespire:BottledMercury"},{"floor":24,"key":"Strawberry"},{"floor":26,"key":"Regal Pillow"},{"floor":28,"key":"MawBank"},{"floor":36,"key":"Lizard Tail"},{"floor":46,"key":"FossilizedHelix"},{"floor":52,"key":"Replay:Accelerometer"}],"event_choices":[{"damage_healed":0,"gold_gain":0,"cards_transformed":["Defend_G"],"player_choice":"Transformed","damage_taken":0,"max_hp_gain":0,"max_hp_loss":0,"event_name":"Transmorgrifier","floor":3,"gold_loss":0,"cards_obtained":["Underhanded Strike"]},{"cards_removed":["Strike_G"],"damage_healed":0,"gold_gain":0,"player_choice":"Purged","damage_taken":0,"max_hp_gain":0,"max_hp_loss":0,"event_name":"Purifier","floor":8,"gold_loss":0},{"damage_healed":0,"gold_gain":0,"player_choice":"Obtained Book","damage_taken":16,"max_hp_gain":0,"max_hp_loss":0,"event_name":"Cursed Tome","floor":19,"gold_loss":0},{"damage_healed":0,"gold_gain":0,"player_choice":"Paid Fearfully","damage_taken":0,"max_hp_gain":0,"max_hp_loss":0,"event_name":"Masked Bandits","floor":21,"gold_loss":3},{"cards_removed":["Strike_G"],"damage_healed":0,"gold_gain":0,"player_choice":"Gave Gold","damage_taken":0,"max_hp_gain":0,"max_hp_loss":0,"event_name":"Beggar","floor":30,"gold_loss":75},{"damage_healed":0,"gold_gain":0,"player_choice":"Ignored","damage_taken":0,"max_hp_gain":0,"max_hp_loss":0,"event_name":"Ghosts","floor":31,"gold_loss":0},{"damage_healed":0,"gold_gain":0,"player_choice":"Fight","damage_taken":0,"max_hp_gain":0,"max_hp_loss":0,"event_name":"MindBloom","floor":36,"gold_loss":0},{"damage_healed":0,"gold_gain":300,"player_choice":"Gold","damage_taken":0,"max_hp_gain":0,"max_hp_loss":0,"event_name":"Wheel of Change","floor":47,"gold_loss":0}],"is_beta":false,"boss_relics":[{"not_picked":["SacredBark","energizedSpire:CursedPentagram"],"picked":"ReplayTheSpireMod:DimensionalGlitch"},{"not_picked":["energizedSpire:EnergizedDie","Cursed Key"],"picked":"energizedSpire:NeverEndingSparkler"}],"items_purged_floors":[25,38,53],"is_endless":false,"potions_floor_spawned":[2,4,10,11,13,22,24,28,29,36,37,44],"killed_by":"Shield and Spear","ascension_level":6}}