{"host":"k5wd0jv1m6dz3iwi","time":1611479134,"event":{"mods":["BaseMod","Better Vampires","Challenge The Spire","Custom Start","Highlight Path","Minty Spire (QoL Compilation)","Rare Cards Sparkle","Relic Stats","Slay the Relics Exporter","StSLib","everything is the same but u backflip on backflip"],"gold_per_floor":[113,113,130,130,130,130,162,162,162,162,190,190,19,49,49,127,127,138,150,150,166,180,215,215,243,243,268,268,268,300,310,310,384,384,403,429,185,0,25,25,52,102,128,154,9,9,43,55,55,55,55,55,33,65,65],"floor_reached":56,"language":"ENG","playtime":2961,"items_purged":[],"score":2509,"play_id":"dd3fd341-3e0d-4ad7-9a0d-6dc9aaefb6f6","local_time":"20210124090534","daily_mods":["SealedDeck","Time Dilation","Elite Swarm"],"is_ascension_mode":true,"campfire_choices":[{"floor":6,"key":"REST"},{"data":"Defragment","floor":12,"key":"SMITH"},{"data":"Creative AI","floor":15,"key":"SMITH"},{"floor":24,"key":"REST"},{"floor":29,"key":"REST"},{"data":"Seek","floor":32,"key":"SMITH"},{"floor":40,"key":"RECALL"},{"data":"Biased Cognition","floor":49,"key":"SMITH"},{"data":"Biased Cognition","floor":52,"key":"SMITH"}],"circlet_count":0,"master_deck":["AscendersBane","Chaos","Rebound","Streamline+1","Undo","Chill","Sweeping Beam","Gash","Doom and Gloom","BootSequence","Defragment+1","Genetic Algorithm+1","Genetic Algorithm","Rainbow","Electrodynamics","Compile Driver","Creative AI+1","Core Surge","Loop","Chill","Biased Cognition+1","Biased Cognition+1","Buffer","Seek+1","Machine Learning","Dramatic Entrance","Seek","Coolheaded+1","Glacier","Skim+1","White Noise","Core Surge+1","Go for the Eyes+1"],"relics":["Cracked Core","Question Card","Turnip","Anchor","Kunai","Tiny Chest","Runic Capacitor","Happy Flower","Philosopher\u0027s Stone","InkBottle","Sundial","Shuriken","Bag of Preparation","Nunchaku","Inserter","Lantern","Red Mask","Torii","Pear","Lizard Tail","Ancient Tea Set","TungstenRod","Orrery","Molten Egg 2","Calipers","Letter Opener"],"acts_visited":["Exordium","TheCity","TheBeyond","TheEnding"],"potions_floor_usage":[3,23,23,30,33,41,42,44,55],"damage_taken":[{"damage":3,"enemies":"Cultist","floor":1,"turns":3},{"damage":1,"enemies":"Jaw Worm","floor":3,"turns":2},{"damage":5,"enemies":"Lagavulin","floor":7,"turns":7},{"damage":0,"enemies":"3 Sentries","floor":11,"turns":5},{"damage":2,"enemies":"Lagavulin","floor":14,"turns":6},{"damage":9,"enemies":"Slime Boss","floor":16,"turns":8},{"damage":1,"enemies":"2 Thieves","floor":18,"turns":3},{"damage":0,"enemies":"Spheric Guardian","floor":19,"turns":4},{"damage":7,"enemies":"Shelled Parasite and Fungi","floor":21,"turns":5},{"damage":23,"enemies":"Chosen and Byrds","floor":22,"turns":5},{"damage":22,"enemies":"Book of Stabbing","floor":23,"turns":5},{"damage":0,"enemies":"Slavers","floor":25,"turns":4},{"damage":0,"enemies":"Book of Stabbing","floor":27,"turns":5},{"damage":0,"enemies":"Slavers","floor":30,"turns":4},{"damage":0,"enemies":"Sentry and Sphere","floor":31,"turns":4},{"damage":1,"enemies":"Automaton","floor":33,"turns":9},{"damage":1,"enemies":"3 Shapes","floor":35,"turns":4},{"damage":0,"enemies":"Mind Bloom Boss Battle","floor":39,"turns":6},{"damage":9,"enemies":"Nemesis","floor":41,"turns":7},{"damage":0,"enemies":"2 Orb Walkers","floor":42,"turns":5},{"damage":0,"enemies":"Giant Head","floor":44,"turns":7},{"damage":0,"enemies":"Reptomancer","floor":47,"turns":6},{"damage":0,"enemies":"3 Darklings","floor":48,"turns":3},{"damage":0,"enemies":"Awakened One","floor":50,"turns":11},{"damage":0,"enemies":"Shield and Spear","floor":54,"turns":9},{"damage":43,"enemies":"The Heart","floor":55,"turns":12}],"seed_played":"2257093558103702708","potions_obtained":[{"floor":1,"key":"FearPotion"},{"floor":11,"key":"SkillPotion"},{"floor":14,"key":"Block Potion"},{"floor":23,"key":"Fire Potion"},{"floor":27,"key":"Strength Potion"},{"floor":33,"key":"FocusPotion"},{"floor":35,"key":"DistilledChaos"},{"floor":41,"key":"SneckoOil"},{"floor":42,"key":"AttackPotion"},{"floor":47,"key":"ColorlessPotion"},{"floor":48,"key":"Strength Potion"},{"floor":54,"key":"FairyPotion"}],"is_trial":true,"path_per_floor":["M","?","M","?","?","R","E","T","T","?","E","R","$","E","R","B",null,"M","M","?","M","M","E","R","E","T","E","?","R","E","M","R","B",null,"M","T","$","?","?","R","E","?","T","E","$","T","E","M","R","B",null,"R","$","E","B",null],"character_chosen":"DEFECT","items_purchased":["Runic Capacitor","Compile Driver","Lantern","Dramatic Entrance","Orrery","Go for the Eyes+1"],"campfire_rested":3,"item_purchase_floors":[13,13,37,37,45,53],"current_hp_per_floor":[61,61,60,49,28,49,44,44,44,67,67,67,67,65,65,56,67,66,66,66,59,36,14,35,35,35,35,15,37,37,37,37,36,66,65,65,65,65,65,65,66,66,66,66,66,66,66,66,66,66,81,81,81,81,38],"gold":65,"neow_bonus":"","is_daily":false,"chose_seed":false,"campfire_upgraded":5,"win_rate":0.0,"timestamp":1611479134,"path_taken":["M","?","M","?","?","R","E","?","T","?","E","R","?","E","R","BOSS","M","M","?","M","M","E","R","E","T","E","?","R","E","M","R","BOSS","M","?","$","?","?","R","E","?","T","E","$","?","E","M","R","BOSS","R","$","E","BOSS"],"items_purchased_type":["Relic","Card","Relic","Card","Relic","Card"],"build_version":"2020-12-22","purchased_purges":0,"victory":true,"max_hp_per_floor":[71,71,71,71,71,71,71,71,71,71,71,71,71,71,71,71,71,71,71,71,71,71,71,71,71,71,71,76,76,76,76,76,76,76,76,76,76,76,76,76,86,86,86,86,86,86,86,86,86,86,86,86,86,86,86],"relic_stats":{"Inserter":[31],"Happy Flower":[42],"Torii":6,"counters":[26,148],"Bag of Preparation":[26],"Letter Opener":[15],"Question Card":27,"Nunchaku":[13],"Lizard Tail":0,"Sundial":[22],"Shuriken":[25],"Tiny Chest":2,"Turnip":[17],"Kunai":[31],"obtain_stats":[{"Lantern":37,"Calipers":47,"Torii":39,"Runic Capacitor":13,"Bag of Preparation":27,"Ancient Tea Set":43,"Nunchaku":30,"Lizard Tail":42,"Sundial":25,"Tiny Chest":11,"Philosopher\u0027s Stone":17,"Red Mask":38,"Kunai":9,"Cracked Core":0,"InkBottle":23,"Inserter":34,"Pear":41,"Happy Flower":14,"Letter Opener":54,"Question Card":4,"Anchor":8,"Shuriken":26,"Orrery":45,"Molten Egg 2":46,"Turnip":7,"TungstenRod":44},{"Lantern":17,"Calipers":22,"Torii":18,"Runic Capacitor":4,"Bag of Preparation":13,"Ancient Tea Set":20,"Nunchaku":14,"Lizard Tail":20,"Sundial":12,"Tiny Chest":4,"Philosopher\u0027s Stone":6,"Red Mask":17,"Kunai":3,"Cracked Core":0,"InkBottle":11,"Inserter":16,"Pear":19,"Happy Flower":5,"Letter Opener":25,"Question Card":2,"Anchor":3,"Shuriken":12,"Orrery":21,"Molten Egg 2":21,"Turnip":3,"TungstenRod":21},{"Lantern":83,"Calipers":113,"Torii":89,"Runic Capacitor":17,"Bag of Preparation":62,"Ancient Tea Set":100,"Nunchaku":66,"Lizard Tail":100,"Sundial":57,"Tiny Chest":17,"Philosopher\u0027s Stone":31,"Red Mask":83,"Kunai":12,"Cracked Core":0,"InkBottle":53,"Inserter":79,"Pear":96,"Happy Flower":23,"Letter Opener":136,"Question Card":5,"Anchor":12,"Shuriken":57,"Orrery":107,"Molten Egg 2":107,"Turnip":12,"TungstenRod":107}],"InkBottle":[44],"TungstenRod":4},"card_choices":[{"not_picked":["Rebound","Chill"],"picked":"Genetic Algorithm","floor":1},{"not_picked":["Reprogram","Coolheaded"],"picked":"Genetic Algorithm","floor":3},{"not_picked":["Amplify","Buffer","Seek"],"picked":"Rainbow","floor":7},{"not_picked":["Seek","Hyperbeam","Meteor Strike"],"picked":"Electrodynamics","floor":11},{"not_picked":["Rainbow","Thunder Strike","Machine Learning"],"picked":"Creative AI","floor":14},{"not_picked":["Electrodynamics","Machine Learning","Reboot"],"picked":"Core Surge","floor":16},{"not_picked":["Cold Snap","Go for the Eyes","Coolheaded","Tempest"],"picked":"SKIP","floor":18},{"not_picked":["Coolheaded","Turbo","Electrodynamics"],"picked":"Loop","floor":19},{"not_picked":["Steam","Force Field","Coolheaded"],"picked":"Chill","floor":21},{"not_picked":["Steam Power","Ball Lightning","Steam","Rip and Tear"],"picked":"SKIP","floor":22},{"not_picked":["All For One","Creative AI","Amplify"],"picked":"Biased Cognition","floor":23},{"not_picked":["Reboot","Thunder Strike","Buffer"],"picked":"Biased Cognition","floor":25},{"not_picked":["All For One","Meteor Strike","Rainbow"],"picked":"Buffer","floor":27},{"not_picked":["Amplify","Thunder Strike","Biased Cognition"],"picked":"Seek","floor":30},{"not_picked":["Auto Shields","Barrage","Go for the Eyes","Consume"],"picked":"SKIP","floor":31},{"not_picked":["Rainbow","Electrodynamics","Biased Cognition"],"picked":"Machine Learning","floor":33},{"not_picked":["Conserve Battery","Ball Lightning+1","Steam+1","Stack"],"picked":"SKIP","floor":35},{"not_picked":["Creative AI","Machine Learning","Reboot"],"picked":"Seek","floor":41},{"not_picked":["Sweeping Beam","Force Field","Auto Shields"],"picked":"Coolheaded+1","floor":42},{"not_picked":["Buffer","Thunder Strike","All For One","Machine Learning"],"picked":"SKIP","floor":44},{"not_picked":["Sunder","Sweeping Beam","Steam"],"picked":"Glacier","floor":45},{"not_picked":["Conserve Battery+1","Genetic Algorithm","Gash+1"],"picked":"Skim+1","floor":45},{"not_picked":["Ball Lightning","Rip and Tear+1","Barrage"],"picked":"White Noise","floor":45},{"not_picked":["Biased Cognition","All For One+1","Rainbow"],"picked":"Core Surge+1","floor":47},{"not_picked":["Compile Driver+1","Chaos","Force Field","Redo"],"picked":"SKIP","floor":48},{"not_picked":["Buffer","All For One+1","Machine Learning","Thunder Strike+1"],"picked":"SKIP","floor":54}],"player_experience":1271156,"relics_obtained":[{"floor":7,"key":"Turnip"},{"floor":8,"key":"Anchor"},{"floor":9,"key":"Kunai"},{"floor":11,"key":"Tiny Chest"},{"floor":14,"key":"Happy Flower"},{"floor":23,"key":"InkBottle"},{"floor":25,"key":"Sundial"},{"floor":26,"key":"Shuriken"},{"floor":27,"key":"Bag of Preparation"},{"floor":30,"key":"Nunchaku"},{"floor":39,"key":"Torii"},{"floor":41,"key":"Pear"},{"floor":42,"key":"Lizard Tail"},{"floor":43,"key":"Ancient Tea Set"},{"floor":44,"key":"TungstenRod"},{"floor":46,"key":"Molten Egg 2"},{"floor":47,"key":"Calipers"},{"floor":54,"key":"Letter Opener"}],"event_choices":[{"damage_healed":0,"gold_gain":0,"player_choice":"Ignored","damage_taken":0,"max_hp_gain":0,"max_hp_loss":0,"event_name":"Liars Game","floor":2,"gold_loss":0},{"damage_healed":0,"gold_gain":0,"player_choice":"Success","damage_taken":11,"relics_obtained":["Question Card"],"max_hp_gain":0,"max_hp_loss":0,"event_name":"Scrap Ooze","floor":4,"gold_loss":0},{"damage_healed":0,"gold_gain":0,"player_choice":"Entered Light","damage_taken":21,"max_hp_gain":0,"max_hp_loss":0,"event_name":"Shining Light","floor":5,"gold_loss":0,"cards_upgraded":["Genetic Algorithm","Streamline"]},{"damage_healed":23,"gold_gain":0,"player_choice":"Banana","damage_taken":0,"max_hp_gain":0,"max_hp_loss":0,"event_name":"Big Fish","floor":10,"gold_loss":0},{"damage_healed":0,"gold_gain":0,"player_choice":"Ignored","damage_taken":0,"max_hp_gain":0,"max_hp_loss":0,"event_name":"Beggar","floor":20,"gold_loss":0},{"damage_healed":0,"gold_gain":0,"player_choice":"Shed Blood","damage_taken":25,"max_hp_gain":5,"max_hp_loss":0,"event_name":"Forgotten Altar","floor":28,"gold_loss":0},{"damage_healed":0,"gold_gain":0,"player_choice":"Paid","damage_taken":0,"relics_obtained":["Red Mask"],"max_hp_gain":0,"max_hp_loss":0,"event_name":"Tomb of Lord Red Mask","floor":38,"gold_loss":185},{"damage_healed":0,"gold_gain":0,"player_choice":"Fight","damage_taken":0,"max_hp_gain":0,"max_hp_loss":0,"event_name":"MindBloom","floor":39,"gold_loss":0},{"damage_healed":0,"gold_gain":0,"player_choice":"Fight","damage_taken":0,"max_hp_gain":0,"max_hp_loss":0,"event_name":"Mysterious Sphere","floor":42,"gold_loss":0}],"is_beta":false,"boss_relics":[{"not_picked":["Tiny House","FrozenCore"],"picked":"Philosopher\u0027s Stone"},{"not_picked":["Velvet Choker","Calling Bell"],"picked":"Inserter"}],"items_purged_floors":[],"is_endless":false,"potions_floor_spawned":[1,11,14,22,23,27,33,35,41,42,47,48,54],"ascension_level":15}}