{"host":"zksvs3x2ysy9npnz","time":1611525889,"event":{"mods":["Aspiration","BaseMod","Beaked The Cultist","BetterRewards","Clockwork Mod","Colored Map","Conspire","Downfall","Duelist Mod","Ekko","Fiend Mod","Halation","Highlight Path","Hubris","Hunter ??","Infinite Spire","Jedi Mod","Magitek Elite","Minty Spire (QoL Compilation)","Permanent Neow","Quick Restart","Relic Stats","Shop Mod","StSLib","The Construct","The Runesmith","The Witch","thorton"],"gold_per_floor":[99,99,99,99,99,126,126,26,11,36,80,80,99,129,147,249,249,49,65,79,90,90,101,101,86,96,96,96,96,59,73,93,198,198,198,208,232,250,250,250,250,268,268,279,279,299,299,328,340,340,340,340,340],"floor_reached":52,"language":"FRA","playtime":2584,"items_purged":["theDuelist:CurseDarkness","bronze:Boost+1"],"score":734,"play_id":"1f13fbda-d63d-4c09-803d-ddf8a0e8a6e1","local_time":"20210124230449","is_ascension_mode":true,"campfire_choices":[{"floor":1,"key":"RECALL"},{"data":"bronze:DelayedSlice","floor":8,"key":"SMITH"},{"data":"bronze:Boost","floor":12,"key":"SMITH"},{"data":"bronze:DelayedSlice","floor":18,"key":"SMITH"},{"data":"bronze:Flail","floor":27,"key":"SMITH"},{"data":"bronze:DelayedSlice","floor":29,"key":"SMITH"},{"data":"bronze:Verify","floor":35,"key":"SMITH"},{"data":"bronze:DelayedSlice","floor":40,"key":"SMITH"},{"data":"bronze:Goto","floor":43,"key":"SMITH"},{"data":"bronze:ChosenStrike","floor":47,"key":"SMITH"}],"circlet_count":0,"master_deck":["bronze:Strike","bronze:Strike","bronze:Defend","bronze:Defend","bronze:Defend","bronze:Defend","bronze:Replicate","bronze:Goto+1","bronze:DelayedSlice+1","bronze:DelayedSlice+1","bronze:Deprecate","bronze:Deprecate","bronze:Flail+1","bronze:Iterate","bronze:DelayedSlice+1","bronze:WhirlingStrike","bronze:Goto","Finesse","bronze:BronzeOrb+1","hubris:DuctTapeCard","bronze:DelayedSlice+1","bronze:Constructor","bronze:DelayedSlice","bronze:Verify+1","bronze:GetLatest+1","bronze:DelayedSlice+1","bronze:ChosenStrike+1","infinitespire:Starlight","bronze:BronzeOrb+1"],"relics":["bronze:BronzeCore","downfall:HeartsMalice","Guard_Bracelet","downfall:HeartBlessingRed","bronze:SilverBullet","bronze:CableSpool","Blue Candle","aspiration:PoetsPen_weak","downfall:HeartBlessingBlue","downfall:HeartBlessingGreen","hubris:DuctTape","Ribbon","SlaversCollar","jedi:crownofsimplicity","hubris:OldNail","StrikeDummy","Bronze Scales","Gambling Chip"],"acts_visited":["Exordium","TheCity","TheBeyond","TheEnding"],"potions_floor_usage":[16,16,21,42,42,50,50,50,50,50,50],"damage_taken":[{"damage":0,"enemies":"Cultist","floor":2,"turns":1},{"damage":0,"enemies":"Jaw Worm","floor":4,"turns":1},{"damage":0,"enemies":"3 Sentries","floor":6,"turns":1},{"damage":5,"enemies":"downfall:FleeingMerchant","floor":9,"turns":4},{"damage":18,"enemies":"Lagavulin","floor":10,"turns":6},{"damage":7,"enemies":"conspire:MimicChest","floor":11,"turns":6},{"damage":0,"enemies":"2 Louse","floor":13,"turns":1},{"damage":4,"enemies":"Gremlin Nob","floor":14,"turns":3},{"damage":0,"enemies":"Exordium Wildlife","floor":15,"turns":1},{"damage":30,"enemies":"SI_SHIV_ARCHETYPE","floor":16,"turns":6},{"damage":8,"enemies":"Shell Parasite","floor":19,"turns":3},{"damage":0,"enemies":"Snecko","floor":20,"turns":2},{"damage":0,"enemies":"Shelled Parasite and Fungi","floor":21,"turns":1},{"damage":3,"enemies":"conspire:HollyBat","floor":23,"turns":8},{"damage":1,"enemies":"downfall:FleeingMerchant","floor":25,"turns":4},{"damage":5,"enemies":"Centurion and Healer","floor":26,"turns":3},{"damage":0,"enemies":"downfall:FleeingMerchant","floor":30,"turns":2},{"damage":0,"enemies":"Snecko","floor":31,"turns":2},{"damage":0,"enemies":"3 Cultists","floor":32,"turns":2},{"damage":19,"enemies":"WA_ARCHETYPE_CALM","floor":33,"turns":7},{"damage":0,"enemies":"Orb Walker","floor":36,"turns":2},{"damage":0,"enemies":"3 Darklings","floor":38,"turns":2},{"damage":8,"enemies":"Writhing Mass","floor":42,"turns":5},{"damage":0,"enemies":"Spire Growth","floor":44,"turns":2},{"damage":5,"enemies":"Maw","floor":46,"turns":5},{"damage":31,"enemies":"Nemesis","floor":48,"turns":3},{"damage":0,"enemies":"Sphere and 2 Shapes","floor":49,"turns":1},{"damage":48,"enemies":"IC_BLOCK_ARCHETYPE","floor":50,"turns":5},{"damage":89,"enemies":"downfall:CharBossMerchant","floor":52,"turns":6}],"seed_played":"-9146227560675258791","potions_obtained":[{"floor":11,"key":"jedi:StrikingPotion"},{"floor":13,"key":"GamblersBrew"},{"floor":14,"key":"SkillPotion"},{"floor":16,"key":"Slimebound:ThreeZeroPotion"},{"floor":19,"key":"EssenceOfSteel"},{"floor":26,"key":"Explosive Potion"},{"floor":38,"key":"Swift Potion"},{"floor":46,"key":"Energy Potion"},{"floor":48,"key":"EntropicBrew"},{"floor":49,"key":"jedi:tentaclejuice"}],"is_trial":false,"path_per_floor":["R","M","?","M","?","E","T","R","$","E","?","R","M","E","M","B",null,"R","M","M","M","?","M","T","$","M","R","?","R","$","M","M","B",null,"R","M","T","M","?","R","T","M","R","M","AVR","M","R","E","M","B",null,"E"],"character_chosen":"THE_AUTOMATON","items_purchased":["Ribbon"],"campfire_rested":0,"item_purchase_floors":[30],"current_hp_per_floor":[70,70,70,70,70,70,70,70,65,47,40,40,40,36,36,6,70,80,72,72,72,72,69,69,68,63,63,63,63,63,63,63,44,80,80,80,80,80,65,65,65,57,57,57,57,62,62,41,41,3,80,0,0],"gold":340,"neow_bonus":"THREE_ENEMY_KILL","is_daily":false,"chose_seed":false,"campfire_upgraded":9,"win_rate":0.0,"timestamp":1611525889,"path_taken":["R","M","?","?","?","E","T","R","$","E","?","R","M","E","M","BOSS","R","M","M","M","?","M","T","$","?","R","?","R","$","?","M","BOSS","R","M","?","?","?","R","T","M","R","M","AVR","?","R","E","M","BOSS","E"],"items_purchased_type":["Relic"],"build_version":"2020-12-22","purchased_purges":2,"victory":false,"max_hp_per_floor":[70,70,70,70,70,70,70,70,70,70,70,70,70,70,70,70,70,80,80,80,80,80,80,80,80,80,80,80,80,80,80,80,80,80,80,80,80,80,80,80,80,80,80,80,80,80,80,80,80,80,80,80,80],"relic_stats":{"counters":[29,92],"Blue Candle":[0],"Bronze Scales":[24],"Gambling Chip":[1],"obtain_stats":[{"jedi:command_common":39,"bronze:BronzeCore":0,"downfall:HeartBlessingRed":8,"hubris:DuctTape":24,"Blue Candle":14,"downfall:HeartsMalice":0,"downfall:HeartBlessingGreen":18,"aspiration:PoetsPen_weak":17,"jedi:crownofsimplicity":37,"bronze:CableSpool":11,"SlaversCollar":34,"downfall:HeartBlessingBlue":18,"Ribbon":30,"Bronze Scales":45,"Gambling Chip":48,"Guard_Bracelet":6,"bronze:SilverBullet":10,"StrikeDummy":41,"hubris:OldNail":39},{"jedi:command_common":22,"bronze:BronzeCore":0,"downfall:HeartBlessingRed":3,"hubris:DuctTape":14,"Blue Candle":8,"downfall:HeartsMalice":0,"downfall:HeartBlessingGreen":10,"aspiration:PoetsPen_weak":10,"jedi:crownofsimplicity":21,"bronze:CableSpool":6,"SlaversCollar":20,"downfall:HeartBlessingBlue":10,"Ribbon":17,"Bronze Scales":24,"Gambling Chip":26,"Guard_Bracelet":3,"bronze:SilverBullet":5,"StrikeDummy":22,"hubris:OldNail":22},{"jedi:command_common":65,"bronze:BronzeCore":0,"downfall:HeartBlessingRed":0,"hubris:DuctTape":41,"Blue Candle":20,"downfall:HeartsMalice":0,"downfall:HeartBlessingGreen":27,"aspiration:PoetsPen_weak":27,"jedi:crownofsimplicity":63,"bronze:CableSpool":16,"SlaversCollar":61,"downfall:HeartBlessingBlue":27,"Ribbon":50,"Bronze Scales":72,"Gambling Chip":80,"Guard_Bracelet":0,"bronze:SilverBullet":10,"StrikeDummy":65,"hubris:OldNail":65}]},"card_choices":[{"not_picked":["bronze:Allocate","bronze:Overheat"],"picked":"bronze:DelayedSlice","floor":2},{"not_picked":["bronze:Repulsor","bronze:BitShift"],"picked":"bronze:Boost","floor":4},{"not_picked":["bronze:BuggyMess","bronze:Shield"],"picked":"bronze:WildBeam","floor":6},{"not_picked":["bronze:Separator","bronze:FineTuning"],"picked":"bronze:Deprecate","floor":9},{"not_picked":["bronze:Fortify","bronze:Invalidate"],"picked":"bronze:Deprecate","floor":10},{"not_picked":["bronze:Overheat","bronze:RecursiveStrike"],"picked":"bronze:Flail","floor":11},{"not_picked":["bronze:Backtrace","bronze:DarkDash"],"picked":"bronze:Iterate","floor":13},{"not_picked":["bronze:Backtrace","bronze:Shell"],"picked":"bronze:DelayedSlice","floor":14},{"not_picked":["bronze:Deprecate","bronze:CloningBeam"],"picked":"bronze:FineTuning","floor":15},{"not_picked":["bronze:WildBeam+1","bronze:CutThrough"],"picked":"bronze:WhirlingStrike","floor":19},{"not_picked":["bronze:Turbo+1","bronze:Philosophize"],"picked":"bronze:Branch","floor":20},{"not_picked":["bronze:Shield+1","bronze:WildBeam"],"picked":"bronze:FineTuning","floor":21},{"not_picked":["bronze:Deprecate","bronze:ClassDefault"],"picked":"bronze:BronzeOrb+1","floor":23},{"not_picked":["bronze:Turbo","bronze:Invalidate"],"picked":"bronze:DelayedSlice+1","floor":25},{"not_picked":["bronze:Frontload+1","bronze:CutThrough+1"],"picked":"bronze:Constructor","floor":26},{"not_picked":["bronze:Fortify+1","bronze:ForceShield"],"picked":"bronze:DelayedSlice","floor":30},{"not_picked":["bronze:BitShift","bronze:Terminator+1","bronze:FineTuning"],"picked":"SKIP","floor":31},{"not_picked":["bronze:Shield","bronze:Flail"],"picked":"bronze:Verify","floor":32},{"not_picked":["bronze:NullPointer+1","bronze:BugBarrage"],"picked":"bronze:GetLatest+1","floor":36},{"not_picked":["bronze:ClassDefault","bronze:Fortify"],"picked":"bronze:DelayedSlice","floor":38},{"not_picked":["bronze:BuggyMess","bronze:FineTuning","bronze:Overheat+1"],"picked":"SKIP","floor":42},{"not_picked":["bronze:Separator+1","bronze:Shield"],"picked":"bronze:ChosenStrike","floor":44},{"not_picked":["bronze:NullPointer","bronze:Terminator+1","bronze:Backtrace"],"picked":"SKIP","floor":46},{"not_picked":["bronze:CutThrough+1","bronze:Overheat+1","bronze:Separator"],"picked":"SKIP","floor":48},{"not_picked":["bronze:CutThrough","bronze:WildBeam"],"picked":"bronze:BronzeOrb+1","floor":49}],"player_experience":2485468,"relics_obtained":[{"floor":6,"key":"Guard_Bracelet"},{"floor":10,"key":"bronze:SilverBullet"},{"floor":11,"key":"bronze:CableSpool"},{"floor":14,"key":"Blue Candle"},{"floor":24,"key":"hubris:DuctTape"},{"floor":37,"key":"jedi:crownofsimplicity"},{"floor":41,"key":"StrikeDummy"},{"floor":48,"key":"Gambling Chip"}],"event_choices":[{"cards_removed":["bronze:Strike"],"damage_healed":0,"gold_gain":0,"player_choice":"Card Removal","damage_taken":0,"max_hp_gain":0,"max_hp_loss":0,"event_name":"The Cleric","floor":5,"gold_loss":0}],"is_beta":false,"boss_relics":[{"not_picked":["Sozu","hubris:ScarierMask"],"picked":"aspiration:PoetsPen_weak"},{"not_picked":["hubris:TerracottaHorce","conspire:RunicOctahedron"],"picked":"SlaversCollar"}],"items_purged_floors":[30,45],"is_endless":false,"potions_floor_spawned":[11,13,14,16,19,20,26,32,33,38,46,48,49],"killed_by":"downfall:CharBossMerchant","ascension_level":1}}