{"host":"cbs04hxbqwdiijvt","time":1611451156,"event":{"mods":["AchievementEnabler","BaseMod","Colored Map","Minty Spire (QoL Compilation)","StSLib","SuperFastMode","everything is the same but u backflip on backflip"],"gold_per_floor":[14,27,45,120,120,120,133,133,158,158,158,199,219,242,242,336,336,349,383,397,418,418,418,418],"floor_reached":23,"language":"KOR","playtime":647,"items_purged":[],"score":357,"play_id":"006db854-3a6d-4e18-90a2-038edf76a6b1","local_time":"20210124101916","is_ascension_mode":true,"campfire_choices":[{"data":"Dualcast","floor":6.0,"key":"SMITH"},{"data":"Self Repair","floor":8.0,"key":"SMITH"},{"floor":10.0,"key":"REST"},{"floor":15.0,"key":"REST"}],"circlet_count":0,"master_deck":["AscendersBane","Strike_B","Strike_B","Strike_B","Defend_B","Defend_B","Defend_B","Zap","Dualcast+1","Ball Lightning","Turbo","Compile Driver","Sweeping Beam+1","Cold Snap+1","Self Repair+1","Coolheaded","Hologram","Seek","Fusion+1","Beam Cell+1","Hello World+1","Steam"],"relics":["Cracked Core","Golden Idol","Ancient Tea Set","Regal Pillow","Cursed Key","Red Mask"],"acts_visited":["Exordium","TheCity"],"potions_floor_usage":[18,19,21],"damage_taken":[{"damage":0.0,"enemies":"2 Louse","floor":1.0,"turns":2.0},{"damage":5.0,"enemies":"Small Slimes","floor":2.0,"turns":2.0},{"damage":7.0,"enemies":"Jaw Worm","floor":3.0,"turns":3.0},{"damage":16.0,"enemies":"Large Slime","floor":7.0,"turns":3.0},{"damage":10.0,"enemies":"3 Sentries","floor":12.0,"turns":4.0},{"damage":7.0,"enemies":"3 Louse","floor":13.0,"turns":2.0},{"damage":0.0,"enemies":"2 Fungi Beasts","floor":14.0,"turns":2.0},{"damage":60,"enemies":"Slime Boss","floor":16,"turns":10},{"damage":16,"enemies":"Chosen","floor":18,"turns":5},{"damage":32,"enemies":"Masked Bandits","floor":19,"turns":4},{"damage":13,"enemies":"2 Thieves","floor":20,"turns":3},{"damage":17,"enemies":"Chosen and Byrds","floor":21,"turns":4},{"damage":11,"enemies":"Book of Stabbing","floor":23,"turns":2}],"seed_played":"1233896262983076549","potions_obtained":[{"floor":7.0,"key":"SkillPotion"},{"floor":13.0,"key":"Ancient Potion"},{"floor":20,"key":"DuplicationPotion"},{"floor":21,"key":"SpeedPotion"}],"is_trial":false,"path_per_floor":["M","M","M","?","?","R","M","R","T","R","?","E","M","M","R","B",null,"M","?","M","M","?","E"],"character_chosen":"DEFECT","items_purchased":[],"campfire_rested":2,"item_purchase_floors":[],"current_hp_per_floor":[64,59,52,41,41,41,25,25,25,44,25,25,28,28,62,2,49,43,21,18,11,11,0,0],"gold":418,"neow_bonus":"TRANSFORM_TWO_CARDS","is_daily":false,"chose_seed":false,"campfire_upgraded":2,"win_rate":0.0,"timestamp":1611451156,"path_taken":["M","M","M","?","?","R","M","R","T","R","?","E","M","M","R","BOSS","M","?","M","M","?","E"],"items_purchased_type":[],"build_version":"2020-12-22","purchased_purges":0,"victory":false,"max_hp_per_floor":[71,71,71,71,64,64,64,64,64,64,64,64,64,64,64,64,64,64,64,64,64,64,64,64],"card_choices":[{"not_picked":["Barrage","Skim"],"picked":"Compile Driver","floor":1.0},{"not_picked":["Barrage","Rebound"],"picked":"Sweeping Beam","floor":2.0},{"not_picked":["Go for the Eyes","Leap"],"picked":"Cold Snap","floor":3.0},{"not_picked":["Rip and Tear","Conserve Battery"],"picked":"Self Repair","floor":7.0},{"not_picked":["Lockon","Gash","Reprogram"],"picked":"SKIP","floor":12.0},{"not_picked":["Heatsinks","FTL"],"picked":"Coolheaded","floor":13.0},{"not_picked":["Gash","Darkness"],"picked":"Hologram","floor":14.0},{"not_picked":["Amplify","Creative AI"],"picked":"Seek","floor":16},{"not_picked":["Compile Driver","Genetic Algorithm"],"picked":"Fusion+1","floor":18},{"not_picked":["Reinforced Body","Barrage"],"picked":"Beam Cell+1","floor":19},{"not_picked":["Beam Cell","Sweeping Beam"],"picked":"Hello World+1","floor":20},{"not_picked":["Rip and Tear","Sunder"],"picked":"Steam","floor":21}],"player_experience":616820,"relics_obtained":[{"floor":9.0,"key":"Ancient Tea Set"},{"floor":12.0,"key":"Regal Pillow"},{"floor":19,"key":"Red Mask"}],"event_choices":[{"damage_healed":0.0,"max_hp_gain":0.0,"max_hp_loss":0.0,"gold_gain":75.0,"event_name":"World of Goop","player_choice":"Gather Gold","floor":4.0,"gold_loss":0.0,"damage_taken":11.0},{"damage_healed":0.0,"max_hp_gain":0.0,"max_hp_loss":7.0,"gold_gain":0.0,"event_name":"Golden Idol","player_choice":"Lose Max HP","floor":5.0,"gold_loss":0.0,"damage_taken":0.0,"relics_obtained":["Golden Idol"]},{"damage_healed":0.0,"max_hp_gain":0.0,"max_hp_loss":0.0,"gold_gain":0.0,"event_name":"Shining Light","player_choice":"Entered Light","floor":11.0,"gold_loss":0.0,"damage_taken":19.0,"cards_upgraded":["Cold Snap","Sweeping Beam"]},{"damage_healed":0,"gold_gain":0,"player_choice":"Fought Bandits","damage_taken":0,"max_hp_gain":0,"max_hp_loss":0,"event_name":"Masked Bandits","floor":19,"gold_loss":0},{"damage_healed":0,"gold_gain":0,"player_choice":"Ignored","damage_taken":0,"max_hp_gain":0,"max_hp_loss":0,"event_name":"Ghosts","floor":22,"gold_loss":0}],"is_beta":false,"boss_relics":[{"not_picked":["Black Star","Velvet Choker"],"picked":"Cursed Key"}],"items_purged_floors":[],"is_endless":false,"potions_floor_spawned":[7,13,16,20,21],"killed_by":"Book of Stabbing","ascension_level":17}}