{"host":"lnt5dzsuhru0aonl","time":1611474751,"event":{"mods":["2.2 Compatiblity","BaseMod","Colored Map","Colored Powertips","DeckTracker","Keyboard Shortcuts","Minty Spire (QoL Compilation)","Permanent Neow","Rare Cards Sparkle","StSLib","SuperFastMode","everything is the same but u backflip on backflip"],"gold_per_floor":[119,119,119,137,155,155,188,188,188,203,203,203],"floor_reached":11,"language":"KOR","playtime":204,"items_purged":[],"score":146,"play_id":"02696124-a79b-455a-bea5-695f206bb2b9","local_time":"20210124165231","is_ascension_mode":true,"campfire_choices":[{"data":"Ball Lightning","floor":6.0,"key":"SMITH"},{"data":"Genetic Algorithm","floor":8.0,"key":"SMITH"}],"circlet_count":0,"master_deck":["AscendersBane","Strike_B","Strike_B+1","Defend_B","Defend_B+1","Defend_B","Defend_B","Zap","Dualcast","Ball Lightning+1","Blizzard","Conserve Battery","Genetic Algorithm+1","Chill+1"],"relics":["Cracked Core","Bird Faced Urn","Toxic Egg 2"],"acts_visited":["Exordium"],"potions_floor_usage":[11],"damage_taken":[{"damage":9.0,"enemies":"Jaw Worm","floor":1.0,"turns":4.0},{"damage":0.0,"enemies":"Small Slimes","floor":4.0,"turns":2.0},{"damage":2.0,"enemies":"2 Louse","floor":5.0,"turns":2.0},{"damage":8.0,"enemies":"3 Sentries","floor":7.0,"turns":6.0},{"damage":3.0,"enemies":"Looter","floor":10.0,"turns":3.0},{"damage":42,"enemies":"Gremlin Nob","floor":11,"turns":3}],"seed_played":"6365965768567108821","potions_obtained":[{"floor":1.0,"key":"Strength Potion"},{"floor":4.0,"key":"Fire Potion"},{"floor":7.0,"key":"Weak Potion"},{"floor":10.0,"key":"Fire Potion"}],"is_trial":false,"path_per_floor":["M","?","?","M","M","R","E","R","T","M","E"],"character_chosen":"DEFECT","items_purchased":[],"campfire_rested":0,"item_purchase_floors":[],"current_hp_per_floor":[55,55,36,36,34,34,26,26,26,23,0,0],"gold":203,"neow_bonus":"REMOVE_TWO","is_daily":false,"chose_seed":false,"campfire_upgraded":2,"win_rate":0.0,"timestamp":1611474751,"path_taken":["M","?","?","M","M","R","E","R","T","M","E"],"items_purchased_type":[],"build_version":"2020-12-22","purchased_purges":0,"victory":false,"max_hp_per_floor":[64,64,64,64,64,64,64,64,64,64,64,64],"card_choices":[{"not_picked":["Reinforced Body","Cold Snap"],"picked":"Ball Lightning","floor":1.0},{"not_picked":["Turbo","Doom and Gloom"],"picked":"Blizzard","floor":4.0},{"not_picked":["Skim","Compile Driver"],"picked":"Conserve Battery","floor":5.0},{"not_picked":["Recycle","Tempest"],"picked":"Genetic Algorithm","floor":7.0},{"not_picked":["Hologram+1","Multi-Cast+1"],"picked":"Chill+1","floor":10.0}],"player_experience":741888,"relics_obtained":[{"floor":7.0,"key":"Bird Faced Urn"},{"floor":9.0,"key":"Toxic Egg 2"}],"event_choices":[{"damage_healed":0.0,"max_hp_gain":0.0,"max_hp_loss":0.0,"gold_gain":0.0,"event_name":"Liars Game","player_choice":"Ignored","floor":2.0,"gold_loss":0.0,"damage_taken":0.0},{"damage_healed":0.0,"max_hp_gain":0.0,"max_hp_loss":0.0,"gold_gain":0.0,"event_name":"Shining Light","player_choice":"Entered Light","floor":3.0,"gold_loss":0.0,"damage_taken":19.0,"cards_upgraded":["Strike_B","Defend_B"]}],"is_beta":false,"boss_relics":[],"items_purged_floors":[],"is_endless":false,"potions_floor_spawned":[1,4,7,10],"killed_by":"Gremlin Nob","ascension_level":20}}