{"host":"1vzdexsn8vtq5lt7","time":1611504152,"event":{"mods":["Act Like it!","BaseMod","Colored Map","Colored Powertips","Conspire","Easy Mod","Energized Spire","Minty Spire (QoL Compilation)","Quick Restart","Relic Filter Mod","Relic Stats","Replay The Spire","StSLib","SuperFastMode","TestMod","The Marked","[IsaacMod]以撒尖塔","【功能Mod】Neow奖励","【功能Mod】混沌之环修复补丁","【功能Mod】精心准备","【遗物卡牌】REMEMod","没有小屋子和绿帽子啦"],"gold_per_floor":[15,90,103,29,48,79,79,114,137,150,150,150],"floor_reached":11,"language":"ZHS","playtime":354,"items_purged":[],"score":205,"play_id":"e64b957c-2a4b-4a02-9627-37dc1bbfaad7","local_time":"20210125000232","is_ascension_mode":true,"campfire_choices":[{"data":"DoctorFetus","floor":7,"key":"SMITH"}],"circlet_count":0,"master_deck":["EasyMod:card_1","AscendersBane","theMarked:Strike","theMarked:Strike","theMarked:Strike","theMarked:Strike","theMarked:Strike","theMarked:Defend","theMarked:Defend","theMarked:Defend","theMarked:Defend","theMarked:SoldierOfQuellstein","DoctorFetus+1","theMarked:WardOff","theMarked:Determination"],"relics":["theMarked:ArtifactOfAir","testmod-TestBox","HushsDoor","REME_ComplimentaryCards","BookofShadows","testmod-TurbochargingSystem","Pondfish Scales","EasyMod:Easy_1","Boot","ReplayTheSpireMod:Lightbulb"],"acts_visited":["Exordium"],"potions_floor_usage":[10,11],"damage_taken":[{"damage":4,"enemies":"2 Louse","floor":1,"turns":4},{"damage":10,"enemies":"Cultist","floor":3,"turns":4},{"damage":0,"enemies":"conspire:RoseBush","floor":5,"turns":3},{"damage":3,"enemies":"Lagavulin","floor":6,"turns":5},{"damage":0,"enemies":"3 Sentries","floor":8,"turns":1},{"damage":4,"enemies":"Large Slime","floor":10,"turns":5},{"damage":34,"enemies":"Gremlin Nob","floor":11,"turns":3}],"seed_played":"-3713694461605669331","potions_obtained":[{"floor":5,"key":"Energy Potion"},{"floor":8,"key":"theMarked:SummonPotion"},{"floor":10,"key":"Elixir"}],"is_trial":false,"path_per_floor":["M","?","M","$","M","E","R","E","T","M","E"],"character_chosen":"THE_DEFAULT","items_purchased":["theMarked:Determination"],"campfire_rested":0,"item_purchase_floors":[4],"current_hp_per_floor":[55,44,34,34,34,31,31,31,31,27,0,0],"gold":150,"neow_bonus":"ONE_RARE_RELIC","is_daily":false,"chose_seed":false,"campfire_upgraded":1,"win_rate":0.0,"timestamp":1611504152,"path_taken":["M","?","M","$","M","E","R","E","T","?","E"],"items_purchased_type":["Card"],"build_version":"2020-12-22","purchased_purges":0,"victory":false,"max_hp_per_floor":[66,66,66,66,66,66,66,66,66,66,66,66],"relic_stats":{"counters":[7,25],"Boot":[0],"obtain_stats":[{"KeepersGift":0,"theMarked:ArtifactOfAir":0,"BookofShadows":0,"Pondfish Scales":0,"testmod-TestBox":0,"testmod-TurbochargingSystem":0,"HushsDoor":0,"Boot":8,"ReplayTheSpireMod:Lightbulb":9,"EasyMod:Easy_1":6,"REME_ComplimentaryCards":0},{"KeepersGift":0,"theMarked:ArtifactOfAir":0,"BookofShadows":0,"Pondfish Scales":0,"testmod-TestBox":0,"testmod-TurbochargingSystem":0,"HushsDoor":0,"Boot":5,"ReplayTheSpireMod:Lightbulb":5,"EasyMod:Easy_1":4,"REME_ComplimentaryCards":0},{"KeepersGift":0,"theMarked:ArtifactOfAir":0,"BookofShadows":0,"Pondfish Scales":0,"testmod-TestBox":0,"testmod-TurbochargingSystem":0,"HushsDoor":0,"Boot":17,"ReplayTheSpireMod:Lightbulb":17,"EasyMod:Easy_1":16,"REME_ComplimentaryCards":0}]},"card_choices":[{"not_picked":[],"picked":"DoctorFetus","floor":0},{"not_picked":["theMarked:ElectricStrings","theMarked:WastefulAttack"],"picked":"Bomb","floor":1},{"not_picked":["theMarked:Electrocute","theMarked:Toughness"],"picked":"theMarked:WardOff","floor":3},{"not_picked":["theMarked:Aftermath","theMarked:Static"],"picked":"Bomb","floor":5},{"not_picked":["theMarked:Aftermath","theMarked:EmpowerWeapon"],"picked":"Bomb","floor":6},{"not_picked":["theMarked:TheMission","theMarked:Panic","theMarked:WardOff"],"picked":"SKIP","floor":8},{"not_picked":["theMarked:ComboAttacks","theMarked:KeepCalmAndFight","theMarked:PowerFlow"],"picked":"SKIP","floor":10}],"player_experience":214941,"relics_obtained":[{"floor":6,"key":"EasyMod:Easy_1"},{"floor":8,"key":"Boot"},{"floor":9,"key":"ReplayTheSpireMod:Lightbulb"}],"event_choices":[{"damage_healed":0,"gold_gain":75,"player_choice":"Gather Gold","damage_taken":11,"max_hp_gain":0,"max_hp_loss":0,"event_name":"World of Goop","floor":2,"gold_loss":0}],"is_beta":false,"boss_relics":[],"items_purged_floors":[],"is_endless":false,"potions_floor_spawned":[5,8,10],"killed_by":"Gremlin Nob","ascension_level":18}}