{"host":"rupmf8lnk599ormj","time":1611532697,"event":{"mods":["2.2 Compatiblity","AchievementEnabler","BaseMod","Better Match","Better Third Choice","BetterRewards","Colored Map","Colored Powertips","Conspire","Downfall","Evolution","Gold Saver","Googly Eyes","Hubris","Minty Spire (QoL Compilation)","Quick Restart","Rare Cards Sparkle","Shade Mod","Spicy Shops","StSLib","The Cursed"],"gold_per_floor":[99,99,99,114,129,144,219,119,134,149,149,179,179,179,194,294,294,294,309,94,109,136,178,190,202,229,271,283,310,337,374,401,522,534,446,473,500,512,524,536,573,600,639,666,693,705,732,759,786,798],"floor_reached":51,"language":"ENG","playtime":4002,"items_purged":[],"score":897,"play_id":"ec22097a-411f-4a79-905f-5916f38dea68","local_time":"20210124185817","daily_mods":["Specialized","Vintage","downfall:WorldOfGoo"],"is_ascension_mode":false,"campfire_choices":[{"floor":1,"key":"RECALL"},{"data":"Guardian:PiercingHide","floor":8,"key":"SMITH"},{"data":"Guardian:PiercingHide","floor":11,"key":"SMITH"},{"data":"Guardian:CurlUp","floor":13,"key":"SMITH"},{"data":"Guardian:TwinSlam","floor":18,"key":"SMITH"},{"data":"Guardian:CompilePackage","floor":35,"key":"SMITH"},{"data":"expansioncontent:PrepareCrush","floor":46,"key":"SMITH"}],"circlet_count":0,"master_deck":["Guardian:Reroute","Guardian:Reroute+1","Guardian:Reroute+1","Guardian:Reroute","Guardian:PiercingHide+1","Guardian:PiercingHide+1","Guardian:Defend_Guardian","Guardian:Defend_Guardian","Guardian:CurlUp+1","Guardian:TwinSlam+1","Guardian:ArmoredProtocol","Guardian:ArmoredProtocol","Guardian:ArmoredProtocol","Guardian:ArmoredProtocol","Guardian:ShieldCharger","Guardian:StasisField","Guardian:FloatingOrbs+1","Guardian:Incinerate","Pride","Guardian:TimeCapacitor+1","Guardian:CompilePackage+1","expansioncontent:Hexaburn+1","expansioncontent:PrepareCrush+1","expansioncontent:Hexaburn+1"],"relics":["Guardian:ModeShifter","EVO:Axolotl","Pear","Lantern","White Beast Statue","Frozen Egg 2","downfall:HeartBlessingRed","Tiny Chest","Whetstone","Question Card","Mango","Bird Faced Urn","Matryoshka","conspire:TopHat","SlaversCollar","hubris:SlimyHat","Guardian:PocketSentry","MawBank","Gambling Chip","conspire:GiftBox","Ancient Tea Set","Letter Opener","Mercury Hourglass","Sundial","Strawberry","Bottled Tornado","Akabeko","Nunchaku","Bronze Scales","CeramicFish","hubris:RunicObelisk","downfall:HeartBlessingBlue","Meat on the Bone","conspire:Dentures","hubris:Icosahedron","Happy Flower","hexamod:BolsterEngine","Ornamental Fan","Prayer Wheel","Juzu Bracelet","Guardian:DefensiveModeMoreBlock","bronze:BronzeIdol","Pen Nib"],"acts_visited":["Exordium","TheCity","TheBeyond"],"potions_floor_usage":[33,33,50,50,50,50],"damage_taken":[{"damage":0,"enemies":"conspire:RoseBush","floor":4,"turns":4},{"damage":0,"enemies":"Small Slimes","floor":5,"turns":5},{"damage":0,"enemies":"Jaw Worm","floor":6,"turns":3},{"damage":0,"enemies":"Lots of Slimes","floor":9,"turns":4},{"damage":0,"enemies":"Gremlin Gang","floor":10,"turns":6},{"damage":5,"enemies":"Lagavulin","floor":12,"turns":6},{"damage":0,"enemies":"2 Fungi Beasts","floor":15,"turns":3},{"damage":11,"enemies":"The Guardian","floor":16,"turns":9},{"damage":0,"enemies":"Spheric Guardian","floor":19,"turns":4},{"damage":0,"enemies":"downfall:FleeingMerchant","floor":20,"turns":4},{"damage":8,"enemies":"Centurion and Healer","floor":21,"turns":7},{"damage":14,"enemies":"Snake Plant","floor":22,"turns":6},{"damage":0,"enemies":"Slavers","floor":23,"turns":6},{"damage":0,"enemies":"conspire:HollyBat","floor":26,"turns":9},{"damage":0,"enemies":"Gremlin Leader","floor":27,"turns":8},{"damage":0,"enemies":"3 Cultists","floor":29,"turns":5},{"damage":17,"enemies":"Shelled Parasite and Fungi","floor":30,"turns":6},{"damage":6,"enemies":"Snecko","floor":32,"turns":4},{"damage":54,"enemies":"IC_MUSHROOM_ARCHETYPE","floor":33,"turns":10},{"damage":2,"enemies":"3 Shapes","floor":36,"turns":3},{"damage":7,"enemies":"3 Darklings","floor":37,"turns":4},{"damage":0,"enemies":"Maw","floor":42,"turns":6},{"damage":0,"enemies":"Writhing Mass","floor":44,"turns":5},{"damage":13,"enemies":"Jaw Worm Horde","floor":45,"turns":4},{"damage":5,"enemies":"Spire Growth","floor":47,"turns":4},{"damage":0,"enemies":"Writhing Mass","floor":48,"turns":4},{"damage":0,"enemies":"4 Shapes","floor":49,"turns":3},{"damage":23,"enemies":"DF_ARCHETYPE_ORBS","floor":50,"turns":6}],"seed_played":"-992185634128019100","potions_obtained":[{"floor":5,"key":"LiquidMemories"},{"floor":6,"key":"hexamod:SoulburnPotion"},{"floor":9,"key":"Guardian:BlockOnCardUsePotion"},{"floor":26,"key":"EntropicBrew"},{"floor":33,"key":"Swift Potion"},{"floor":36,"key":"Fire Potion"}],"is_trial":false,"path_per_floor":["R","?","?","M","M","M","T","R","M","M","R","E","R","$","M","B",null,"R","M","$","M","M","E","T","?","M","E","T","M","M","T","M","B",null,"R","M","M","?","T","?","T","M","?","M","M","R","M","M","M","B",null],"character_chosen":"GUARDIAN","items_purchased":["Mango","Bird Faced Urn","Matryoshka","Guardian:PocketSentry","Guardian:Incinerate"],"campfire_rested":0,"item_purchase_floors":[14,14,14,20,20],"current_hp_per_floor":[80,80,80,90,90,90,90,90,90,90,90,85,85,43,53,52,104,104,104,104,96,94,104,104,104,104,104,111,111,102,102,104,62,111,121,121,116,116,116,116,116,121,111,121,110,110,115,121,121,102],"gold":810,"neow_bonus":"","is_daily":true,"chose_seed":false,"campfire_upgraded":6,"win_rate":0.0,"timestamp":1611532697,"path_taken":["R","?","?","M","M","M","T","R","M","M","R","E","R","?","M","BOSS","R","M","$","M","?","E","T","?","M","E","?","?","M","?","M","BOSS","R","M","M","?","?","?","T","M","?","M","?","R","M","M","M","BOSS"],"items_purchased_type":["Relic","Relic","Relic","Relic","Card"],"build_version":"2020-12-22","purchased_purges":0,"victory":true,"max_hp_per_floor":[80,80,80,90,90,90,90,90,90,90,90,90,90,104,104,104,104,104,104,104,104,104,104,104,104,104,104,111,111,111,111,111,111,111,121,121,121,121,121,121,121,121,121,121,121,121,121,121,121,121],"card_choices":[{"not_picked":["Guardian:Planning","Guardian:Orbwalk+1"],"picked":"Guardian:ShieldCharger","floor":12},{"not_picked":["Guardian:GatlingBeam","Guardian:GemFinder+1","Guardian:FierceBash"],"picked":"Guardian:StasisField","floor":16},{"not_picked":["Guardian:Gem_White","Guardian:Repulse+1","Guardian:VentSteam"],"picked":"Guardian:FloatingOrbs+1","floor":20},{"not_picked":["Guardian:FierceBash","Guardian:StasisStrike","Guardian:Gem_Synthetic"],"picked":"Guardian:Gem_Orange","floor":23},{"not_picked":["Guardian:Planning","Guardian:PrimingBeam","Guardian:TemporalStrike"],"picked":"Guardian:Gem_Lightblue","floor":23},{"not_picked":["Guardian:DecasProtection","Guardian:BronzeArmor","Guardian:GemFinder+1"],"picked":"Guardian:TimeCapacitor+1","floor":27},{"not_picked":["Guardian:GemFinder+1","Guardian:Gem_Orange","Guardian:SphericShield"],"picked":"Guardian:CompilePackage","floor":33},{"not_picked":["expansioncontent:HyperBeam","expansioncontent:LastStand+1","expansioncontent:YouAreMine"],"picked":"expansioncontent:Hexaburn+1","floor":43},{"not_picked":["expansioncontent:YouAreMine","expansioncontent:HyperBeam","expansioncontent:Chronoboost+1"],"picked":"expansioncontent:PrepareCrush","floor":43},{"not_picked":["expansioncontent:PolyBeam","expansioncontent:YouAreMine","expansioncontent:LastStand+1"],"picked":"expansioncontent:Hexaburn+1","floor":43}],"player_experience":235986,"relics_obtained":[{"floor":4,"key":"Pear"},{"floor":5,"key":"Lantern"},{"floor":6,"key":"White Beast Statue"},{"floor":7,"key":"Frozen Egg 2"},{"floor":9,"key":"Tiny Chest"},{"floor":10,"key":"Whetstone"},{"floor":12,"key":"Question Card"},{"floor":15,"key":"conspire:TopHat"},{"floor":19,"key":"hubris:SlimyHat"},{"floor":21,"key":"MawBank"},{"floor":22,"key":"Gambling Chip"},{"floor":23,"key":"conspire:GiftBox"},{"floor":24,"key":"Ancient Tea Set"},{"floor":26,"key":"Mercury Hourglass"},{"floor":27,"key":"Sundial"},{"floor":28,"key":"Strawberry"},{"floor":28,"key":"Bottled Tornado"},{"floor":29,"key":"Akabeko"},{"floor":30,"key":"Nunchaku"},{"floor":31,"key":"Bronze Scales"},{"floor":32,"key":"CeramicFish"},{"floor":36,"key":"Meat on the Bone"},{"floor":37,"key":"conspire:Dentures"},{"floor":39,"key":"Happy Flower"},{"floor":41,"key":"hexamod:BolsterEngine"},{"floor":42,"key":"Ornamental Fan"},{"floor":44,"key":"Prayer Wheel"},{"floor":45,"key":"Juzu Bracelet"},{"floor":47,"key":"Guardian:DefensiveModeMoreBlock"},{"floor":48,"key":"bronze:BronzeIdol"},{"floor":49,"key":"Pen Nib"}],"event_choices":[{"damage_healed":0,"gold_gain":0,"player_choice":"Leave","damage_taken":0,"max_hp_gain":0,"max_hp_loss":0,"event_name":"The Cleric","floor":2,"gold_loss":0},{"damage_healed":0,"gold_gain":0,"player_choice":"Stole Relic","damage_taken":0,"relics_obtained":["Letter Opener"],"max_hp_gain":0,"max_hp_loss":0,"event_name":"Addict","floor":25,"gold_loss":0,"cards_obtained":["Pride"]},{"cards_removed":["Guardian:ArmoredProtocol"],"damage_healed":0,"gold_gain":0,"player_choice":"Removed Power","damage_taken":0,"max_hp_gain":0,"max_hp_loss":0,"event_name":"Falling","floor":40,"gold_loss":0}],"is_beta":false,"boss_relics":[{"not_picked":["Cursed Key","hubris:HollowSoul"],"picked":"SlaversCollar"},{"not_picked":["Snecko Eye","hubris:Stopwatch"],"picked":"hubris:RunicObelisk"}],"items_purged_floors":[],"is_endless":false,"potions_floor_spawned":[5,6,9,10,12,15,16,19,20,21,22,23,26,27,29,30,32,33,36,37,42,44,45,47,48,49],"ascension_level":0}}