{"host":"b4vwm7jq6jdk6nca","time":1611510127,"event":{"mods":["Act Like it!","BaseMod","Downfall","Minty Spire (QoL Compilation)","Quick Restart","StSLib","TestMod","The Cursed","[IsaacMod]ÒÔÈö¼âËþ","vexMod"],"gold_per_floor":[119,130,148,148,161,189,71,71,71,106,106,34,45,75,75,180,180,195,208,208,220,220,251,121,146,146,146,146,179,33,53,53,154,154,170,68,118,128,128,160,174,202,227,237,264,264,274,274,274,274,274,274,65,98,98],"floor_reached":56,"language":"ZHS","playtime":2018,"items_purged":["Defend_G","Strike_G","Strike_G"],"score":2678,"play_id":"76f69d44-0de7-4f10-840c-5a4a370fc7d1","local_time":"20210125014207","is_ascension_mode":true,"campfire_choices":[{"floor":8.0,"key":"REST"},{"data":"After Image","floor":15.0,"key":"SMITH"},{"floor":28.0,"key":"RECALL"},{"data":"Wraith Form v2","floor":32.0,"key":"SMITH"},{"data":"Acrobatics","floor":49.0,"key":"SMITH"},{"data":"Prepared","floor":52.0,"key":"SMITH"}],"circlet_count":0,"master_deck":["Strike_G","Strike_G","Defend_G","Defend_G","Defend_G+1","Defend_G","Neutralize","Dash","Backstab","Acrobatics+1","Blade Dance","Grand Finale+1","Prepared+1","After Image+1","Wraith Form v2+1","Well Laid Plans","Grand Finale","Prepared+1","Grand Finale","Storm of Steel","Grand Finale","Backstab+1","Cloak And Dagger","Accuracy","Terror+1","Grand Finale+1"],"relics":["testmod-TestBox","HushsDoor","testmod-Prudence","SteamSale","testmod-D¨¦j¨¤vu","testmod-LifeArmor","Omamori","TungstenRod","BelialBook","Shuriken","Calling Bell","Anchor","Gremlin Horn","testmod-Maize","GuppysPaw","DeathBook","AnarchistCookbook","Mango","PokeGo","Bottled Flame","Turnip","BlankCard","Black Star","vexMod:GhostlyGear","D6","testmod-OneHitWonder","Lantern","Tough Bandages","Regal Pillow","Meat on the Bone","Centennial Puzzle","DollysMirror","War Paint","bronze:DecasWashers","sneckomod:BlankCard"],"acts_visited":["Exordium","TheCity","TheBeyond","TheEnding"],"potions_floor_usage":[54],"damage_taken":[{"damage":7.0,"enemies":"Jaw Worm","floor":1.0,"turns":3.0},{"damage":2.0,"enemies":"Small Slimes","floor":2.0,"turns":4.0},{"damage":0.0,"enemies":"Cultist","floor":3.0,"turns":3.0},{"damage":3.0,"enemies":"Blue Slaver","floor":5.0,"turns":3.0},{"damage":29.0,"enemies":"Lagavulin","floor":6.0,"turns":8.0},{"damage":0.0,"enemies":"3 Sentries","floor":10.0,"turns":1.0},{"damage":0.0,"enemies":"2 Fungi Beasts","floor":13.0,"turns":1.0},{"damage":4.0,"enemies":"Lagavulin","floor":14.0,"turns":3.0},{"damage":0.0,"enemies":"Slime Boss","floor":16.0,"turns":3.0},{"damage":0.0,"enemies":"Chosen","floor":18.0,"turns":3.0},{"damage":0.0,"enemies":"3 Byrds","floor":19.0,"turns":1.0},{"damage":0.0,"enemies":"Centurion and Healer","floor":21.0,"turns":3.0},{"damage":3.0,"enemies":"Book of Stabbing","floor":23.0,"turns":4.0},{"damage":9.0,"enemies":"Slavers","floor":25.0,"turns":2.0},{"damage":0.0,"enemies":"Gremlin Leader","floor":29.0,"turns":2.0},{"damage":0.0,"enemies":"Snecko","floor":31.0,"turns":2.0},{"damage":0.0,"enemies":"Collector","floor":33.0,"turns":3.0},{"damage":0.0,"enemies":"3 Darklings","floor":35.0,"turns":1.0},{"damage":13.0,"enemies":"Mind Bloom Boss Battle","floor":37.0,"turns":4.0},{"damage":0.0,"enemies":"Orb Walker","floor":38.0,"turns":1.0},{"damage":0.0,"enemies":"Giant Head","floor":40.0,"turns":6.0},{"damage":0.0,"enemies":"Sphere and 2 Shapes","floor":41.0,"turns":1.0},{"damage":18.0,"enemies":"Reptomancer","floor":42.0,"turns":3.0},{"damage":0.0,"enemies":"Transient","floor":44.0,"turns":5.0},{"damage":0.0,"enemies":"Giant Head","floor":45.0,"turns":5.0},{"damage":0.0,"enemies":"4 Shapes","floor":47.0,"turns":1.0},{"damage":5.0,"enemies":"Awakened One","floor":50.0,"turns":6.0},{"damage":0,"enemies":"Shield and Spear","floor":54,"turns":2},{"damage":0,"enemies":"The Heart","floor":55,"turns":4}],"seed_played":"-6849602002470347926","potions_obtained":[{"floor":1.0,"key":"Dexterity Potion"},{"floor":5.0,"key":"LiquidMemories"},{"floor":14.0,"key":"SteroidPotion"},{"floor":18.0,"key":"Ancient Potion"}],"is_trial":false,"path_per_floor":["M","M","M","?","M","E","$","R","T","E","?","$","M","E","R","B",null,"M","M","?","M","?","E","$","E","T","?","R","E","$","M","R","B",null,"M","$","?","M","?","E","M","E","T","M","E","?","M","?","R","B",null,"R","$","E","B",null],"character_chosen":"THE_SILENT","items_purchased":["Grand Finale","BelialBook","GuppysPaw","DeathBook","Grand Finale","BlankCard","Grand Finale","vexMod:GhostlyGear","Cloak And Dagger","DollysMirror","War Paint"],"campfire_rested":1,"item_purchase_floors":[7,12,17,17,24,30,34,36,36,53,53],"current_hp_per_floor":[56,54,54,59,56,27,27,49,49,49,49,49,49,45,45,45,53,53,53,53,53,53,64,64,55,55,55,55,55,55,55,55,55,63,63,63,50,50,50,50,50,32,32,32,32,32,44,44,44,39,59,59,59,59,1],"gold":98,"neow_bonus":"BOSS_RELIC","is_daily":false,"chose_seed":false,"campfire_upgraded":4,"win_rate":0.0,"timestamp":1611510127,"path_taken":["M","M","M","?","M","E","?","R","T","E","?","?","M","E","R","BOSS","M","?","?","M","?","E","$","E","T","?","R","E","$","?","R","BOSS","M","$","?","M","?","E","M","E","T","M","E","?","M","?","R","BOSS","R","$","E","BOSS"],"items_purchased_type":["Card","Relic","Relic","Relic","Card","Relic","Card","Relic","Card","Relic","Relic"],"build_version":"2020-12-22","purchased_purges":3,"victory":true,"max_hp_per_floor":[70,70,70,75,75,75,75,75,75,75,75,75,75,75,75,75,55,55,55,55,55,55,69,69,69,69,69,69,69,69,69,69,69,66,66,66,66,66,66,66,66,66,66,66,66,66,66,66,66,66,66,66,66,66,1],"card_choices":[{"not_picked":["Infinite Blades","Dagger Spray"],"picked":"Dash","floor":1.0},{"not_picked":["Outmaneuver","Deflect"],"picked":"Backstab","floor":2.0},{"not_picked":["Tactician","Outmaneuver"],"picked":"Acrobatics","floor":3.0},{"not_picked":["Blur","Quick Slash"],"picked":"Blade Dance","floor":5.0},{"not_picked":["Dodge and Roll","Expertise","Blur"],"picked":"SKIP","floor":6.0},{"not_picked":["Bane","Outmaneuver"],"picked":"Prepared","floor":10.0},{"not_picked":["Prepared","Masterful Stab","Distraction"],"picked":"SKIP","floor":13.0},{"not_picked":["Flying Knee","Setup"],"picked":"After Image","floor":14.0},{"not_picked":["After Image","Unload"],"picked":"Wraith Form v2","floor":16.0},{"not_picked":["Finisher","Poisoned Stab"],"picked":"Well Laid Plans","floor":18.0},{"not_picked":["Deadly Poison","Flying Knee","Infinite Blades"],"picked":"SKIP","floor":19.0},{"not_picked":["Underhanded Strike","Outmaneuver","Quick Slash+1"],"picked":"SKIP","floor":21.0},{"not_picked":["Underhanded Strike","Outmaneuver","Quick Slash+1"],"picked":"SKIP","floor":21.0},{"not_picked":["Skewer","Noxious Fumes+1","Sucker Punch"],"picked":"SKIP","floor":23.0},{"not_picked":["Deflect","Riddle With Holes"],"picked":"Prepared","floor":25.0},{"not_picked":["Underhanded Strike+1","Bouncing Flask","Quick Slash"],"picked":"SKIP","floor":29.0},{"not_picked":["Acrobatics","PiercingWail+1","Bouncing Flask"],"picked":"SKIP","floor":31.0},{"not_picked":["Adrenaline","Bullet Time"],"picked":"Storm of Steel","floor":33.0},{"not_picked":["Sucker Punch+1","Deadly Poison"],"picked":"Backstab+1","floor":35.0},{"not_picked":["Deadly Poison","Noxious Fumes+1","Caltrops"],"picked":"SKIP","floor":38.0},{"not_picked":["Glass Knife","Footwork+1","Finisher+1"],"picked":"SKIP","floor":40.0},{"not_picked":["Dagger Spray+1","Dagger Throw"],"picked":"Accuracy","floor":41.0},{"not_picked":["Bane+1","Escape Plan+1","Quick Slash+1"],"picked":"SKIP","floor":42.0},{"not_picked":["PiercingWail+1","Endless Agony+1","Deflect"],"picked":"SKIP","floor":44.0},{"not_picked":["All Out Attack","Deadly Poison+1"],"picked":"Terror+1","floor":45.0},{"not_picked":["Sucker Punch","Dagger Spray+1","Reflex"],"picked":"SKIP","floor":47.0},{"not_picked":["Sucker Punch+1","Endless Agony+1","Quick Slash"],"picked":"SKIP","floor":54}],"player_experience":262591,"relics_obtained":[{"floor":6.0,"key":"testmod-LifeArmor"},{"floor":9.0,"key":"Omamori"},{"floor":10.0,"key":"TungstenRod"},{"floor":14.0,"key":"Shuriken"},{"floor":17.0,"key":"Anchor"},{"floor":17.0,"key":"Gremlin Horn"},{"floor":17.0,"key":"testmod-Maize"},{"floor":20.0,"key":"AnarchistCookbook"},{"floor":23.0,"key":"Mango"},{"floor":25.0,"key":"PokeGo"},{"floor":26.0,"key":"Bottled Flame"},{"floor":29.0,"key":"Turnip"},{"floor":37.0,"key":"D6"},{"floor":40.0,"key":"testmod-OneHitWonder"},{"floor":40.0,"key":"Lantern"},{"floor":42.0,"key":"Tough Bandages"},{"floor":42.0,"key":"Regal Pillow"},{"floor":45.0,"key":"Meat on the Bone"},{"floor":45.0,"key":"Centennial Puzzle"},{"floor":54,"key":"bronze:DecasWashers"},{"floor":54,"key":"sneckomod:BlankCard"}],"event_choices":[{"damage_healed":0.0,"max_hp_gain":5.0,"max_hp_loss":0.0,"gold_gain":0.0,"event_name":"Big Fish","player_choice":"Donut","floor":4.0,"gold_loss":0.0,"damage_taken":0.0},{"damage_healed":0.0,"max_hp_gain":0.0,"max_hp_loss":0.0,"gold_gain":0.0,"event_name":"Living Wall","player_choice":"Grow","floor":11.0,"gold_loss":0.0,"damage_taken":0.0,"cards_upgraded":["Grand Finale"]},{"damage_healed":0.0,"max_hp_gain":0.0,"max_hp_loss":0.0,"gold_gain":0.0,"event_name":"Wheel of Change","player_choice":"Relic","floor":20.0,"gold_loss":0.0,"damage_taken":0.0},{"damage_healed":0.0,"max_hp_gain":0.0,"max_hp_loss":0.0,"gold_gain":0.0,"event_name":"The Library","player_choice":"Read","floor":27.0,"gold_loss":0.0,"damage_taken":0.0,"cards_obtained":["Grand Finale"]},{"damage_healed":0.0,"max_hp_gain":0.0,"max_hp_loss":0.0,"gold_gain":0.0,"event_name":"MindBloom","player_choice":"Fight","floor":37.0,"gold_loss":0.0,"damage_taken":0.0},{"cards_removed":["Strike_G"],"damage_healed":0.0,"max_hp_gain":0.0,"max_hp_loss":0.0,"gold_gain":0.0,"event_name":"Purifier","player_choice":"Purged","floor":39.0,"gold_loss":0.0,"damage_taken":0.0},{"damage_healed":0.0,"max_hp_gain":0.0,"max_hp_loss":0.0,"gold_gain":0.0,"event_name":"Tomb of Lord Red Mask","player_choice":"Ignored","floor":46.0,"gold_loss":0.0,"damage_taken":0.0},{"cards_removed":["Survivor"],"damage_healed":0.0,"max_hp_gain":0.0,"max_hp_loss":0.0,"gold_gain":0.0,"event_name":"Falling","player_choice":"Removed Skill","floor":48.0,"gold_loss":0.0,"damage_taken":0.0}],"is_beta":false,"boss_relics":[{"not_picked":["vexMod:CursedCompass","Busted Crown"],"picked":"Calling Bell"},{"not_picked":[]},{"not_picked":["Cursed Key","SlaversCollar"],"picked":"Black Star"},{"not_picked":[]}],"items_purged_floors":[7,24,53],"is_endless":false,"potions_floor_spawned":[1,5,14,18,23,37,40,41,42],"ascension_level":9}}