{"host":"rjbqai8ni6dsiu37","time":1611518198,"event":{"mods":["100% Spire Juice","BaseMod","CapriCore","GungeonMod","Lobotomy","Marisa£¨Ùöéë¡¡Øª×âÞÞ£©","Minty Spire (QoL Compilation)","Shop Mod","StSLib","Td1madao Mod","The Cursed","The Poker Player","WarShipGirlsR/??á´Ò³R mod"],"gold_per_floor":[114,104,104,124,9,9,9,9,9,43,62,72,72,92,92,187,187,200,200,219,234,234,234,252,252,252,252,252],"floor_reached":27,"language":"KOR","playtime":818,"items_purged":[],"score":330,"play_id":"ccbd45e1-4e55-4e75-be2c-3a0fb073af38","local_time":"20210125045638","is_ascension_mode":true,"campfire_choices":[{"data":"rmod:robin","floor":6,"key":"SMITH"},{"data":"rmod:basicallowance","floor":8,"key":"SMITH"},{"data":"rmod:aluminumsupply","floor":15,"key":"SMITH"},{"floor":23,"key":"REST"}],"circlet_count":0,"master_deck":["AscendersBane","rmod:strick","rmod:strick","rmod:strick","rmod:defend","rmod:defend","rmod:defend","rmod:defend","rmod:basicallowance+1","rmod:maingunfire+1","rmod:intelligenceanalysis","rmod:robin+1","rmod:advancebysurprise","rmod:supportescort","rmod:aluminumsupply+1","rmod:victimresponsibility+1"],"relics":["rmod:firstchargereward","DemoMod:GnawedKey","Blue Candle","Mummified Hand","Black Star","DemoMod:GlassGuonStoneRelic","StoneCalendar"],"acts_visited":["Exordium","TheCity"],"potions_floor_usage":[16,24],"damage_taken":[{"damage":0,"enemies":"Cultist","floor":1,"turns":3},{"damage":1,"enemies":"2 Louse","floor":4,"turns":3},{"damage":35,"enemies":"3 Sentries","floor":10,"turns":6},{"damage":0,"enemies":"Small Slimes","floor":11,"turns":2},{"damage":8,"enemies":"Red Slaver","floor":12,"turns":3},{"damage":4,"enemies":"Large Slime","floor":14,"turns":4},{"damage":16,"enemies":"The Guardian","floor":16,"turns":7},{"damage":19,"enemies":"Shell Parasite","floor":18,"turns":4},{"damage":5,"enemies":"Chosen","floor":20,"turns":5},{"damage":15,"enemies":"Sentry and Sphere","floor":21,"turns":6},{"damage":29,"enemies":"Snake Plant","floor":24,"turns":6},{"damage":0,"enemies":"Snecko","floor":27,"turns":1}],"seed_played":"1032285556710300598","potions_obtained":[{"floor":10,"key":"LiquidMemories"},{"floor":11,"key":"DemoMod:BlankPotion"},{"floor":24,"key":"BlessingOfTheForge"}],"is_trial":false,"path_per_floor":["M","?","$","M","$","R","?","R","T","E","M","M","$","M","R","B",null,"M","?","M","M","?","R","M","?","T","M"],"character_chosen":"PRAEFECT","items_purchased":["DemoMod:GnawedKey"],"campfire_rested":1,"item_purchase_floors":[5],"current_hp_per_floor":[68,68,68,67,67,67,67,67,67,32,32,24,24,20,20,4,57,38,38,33,18,18,40,11,11,11,11,11],"gold":252,"neow_bonus":"UPGRADE_CARD","is_daily":false,"chose_seed":false,"campfire_upgraded":3,"win_rate":0.0,"timestamp":1611518198,"path_taken":["M","?","$","M","$","R","?","R","T","E","M","?","$","M","R","BOSS","M","?","M","?","?","R","M","?","T","M"],"items_purchased_type":["Relic"],"build_version":"2020-12-22","purchased_purges":0,"victory":false,"max_hp_per_floor":[75,75,75,75,75,75,75,75,75,75,75,75,75,75,75,75,75,75,75,75,75,75,75,75,75,75,75,75],"card_choices":[{"not_picked":["rmod:unsinkable","rmod:aluminumsupply"],"picked":"rmod:intelligenceanalysis","floor":1},{"not_picked":["rmod:intelligenceanalysis","rmod:fletcherpendant"],"picked":"rmod:robin","floor":4},{"not_picked":["rmod:wolves","rmod:fuelsupply"],"picked":"rmod:advancebysurprise","floor":10},{"not_picked":["rmod:seals","rmod:overbreakdown","rmod:fuelsupply"],"picked":"SKIP","floor":11},{"not_picked":["rmod:fletcherpendant","rmod:overbreakdown"],"picked":"rmod:supportescort","floor":12},{"not_picked":["rmod:combined","rmod:overbreakdown"],"picked":"rmod:aluminumsupply","floor":14},{"not_picked":["rmod:luckystar","rmod:firesupport"],"picked":"rmod:victimresponsibility+1","floor":18},{"not_picked":["rmod:punchline","rmod:lonelyqueen","rmod:luckystar"],"picked":"SKIP","floor":20},{"not_picked":["rmod:wife","rmod:ammunitionsupply","rmod:diamondstrike"],"picked":"SKIP","floor":21},{"not_picked":["rmod:gendarmerie","rmod:goodfighter","rmod:aviationdawn"],"picked":"SKIP","floor":24}],"player_experience":221392,"relics_obtained":[{"floor":9,"key":"Blue Candle"},{"floor":10,"key":"Mummified Hand"},{"floor":26,"key":"StoneCalendar"}],"event_choices":[{"cards_removed":["rmod:strick"],"damage_healed":0,"gold_gain":0,"player_choice":"Offered Basic","damage_taken":0,"max_hp_gain":0,"max_hp_loss":0,"event_name":"Bonfire Elementals","floor":7,"gold_loss":0},{"damage_healed":0,"gold_gain":0,"player_choice":"Ignored","damage_taken":0,"max_hp_gain":0,"max_hp_loss":0,"event_name":"Transmorgrifier","floor":19,"gold_loss":0},{"damage_healed":0,"gold_gain":0,"player_choice":"Ignored","damage_taken":0,"max_hp_gain":0,"max_hp_loss":0,"event_name":"Beggar","floor":22,"gold_loss":0},{"damage_healed":0,"gold_gain":0,"player_choice":"0 cards matched","damage_taken":0,"max_hp_gain":0,"max_hp_loss":0,"event_name":"Match and Keep!","floor":25,"gold_loss":0,"cards_obtained":[]}],"is_beta":false,"boss_relics":[{"not_picked":["Runic Dome","Velvet Choker"],"picked":"Black Star"}],"items_purged_floors":[],"is_endless":false,"potions_floor_spawned":[10,11,24],"killed_by":"Snecko","ascension_level":11}}