{"host":"ptvbuawyvnztju27","time":1611461275,"event":{"mods":["BaseMod","Minty Spire (QoL Compilation)","StSLib","The Edgeheg","Unceasing Turn Reminder"],"gold_per_floor":[89,103,121,121,132,132,162,162,162,191,191,201,217,217,217,342,342,365,365,365],"floor_reached":19,"language":"ENG","playtime":727,"items_purged":[],"score":169,"play_id":"3718e7be-bb4e-44cb-8c6a-5251f5cc6c70","local_time":"20210123210755","is_ascension_mode":false,"campfire_choices":[{"data":"theEdgeheg:Disrobe","floor":6,"key":"SMITH"},{"data":"theEdgeheg:ArtOfTheBlade","floor":8,"key":"SMITH"},{"data":"theEdgeheg:ChaosEnergyKatana","floor":11,"key":"SMITH"},{"data":"theEdgeheg:QuickKatana","floor":15,"key":"SMITH"}],"circlet_count":0,"master_deck":["theEdgeheg:StarterShootAttack","theEdgeheg:StarterShootAttack","theEdgeheg:StarterShootAttack","theEdgeheg:StarterShootAttack","theEdgeheg:StarterDodgeSkill","theEdgeheg:StarterDodgeSkill","theEdgeheg:StarterDodgeSkill","theEdgeheg:BloodyKatana","theEdgeheg:ChaosControlSkill","theEdgeheg:GatherChaos","theEdgeheg:QuickKatana+1","theEdgeheg:QuickKatana","theEdgeheg:ArtOfTheBlade+1","theEdgeheg:Disrobe+1","theEdgeheg:ChaosEnergyKatana+1","theEdgeheg:BloodyNodachi","Injury","theEdgeheg:SephirotKatana"],"relics":["theEdgeheg:UltimateLifeformRelic","theEdgeheg:GreenEmeraldRelic","Ginger","Matryoshka","Eternal Feather","Golden Idol","Black Star"],"acts_visited":["Exordium","TheCity"],"potions_floor_usage":[16],"damage_taken":[{"damage":0,"enemies":"Jaw Worm","floor":1,"turns":5},{"damage":0,"enemies":"Small Slimes","floor":2,"turns":2},{"damage":0,"enemies":"Cultist","floor":3,"turns":6},{"damage":2,"enemies":"3 Louse","floor":5,"turns":3},{"damage":3,"enemies":"3 Sentries","floor":10,"turns":5},{"damage":0,"enemies":"Large Slime","floor":12,"turns":5},{"damage":1,"enemies":"Exordium Thugs","floor":13,"turns":4},{"damage":7,"enemies":"The Guardian","floor":16,"turns":13},{"damage":5,"enemies":"Shell Parasite","floor":18,"turns":8}],"seed_played":"423886360346035915","potions_obtained":[{"floor":2,"key":"Ancient Potion"},{"floor":10,"key":"Weak Potion"},{"floor":12,"key":"AttackPotion"},{"floor":18,"key":"Energy Potion"}],"is_trial":false,"path_per_floor":["M","M","M","?","M","R","?","R","T","E","R","M","M","?","R","B",null,"M","?"],"character_chosen":"THE_DEFAULT","items_purchased":[],"campfire_rested":0,"item_purchase_floors":[],"current_hp_per_floor":[4,4,5,6,4,4,4,4,4,5,6,6,6,6,6,4,5,4,0,0],"gold":365,"neow_bonus":"ONE_RARE_RELIC","is_daily":false,"chose_seed":false,"campfire_upgraded":4,"win_rate":0.0,"timestamp":1611461275,"path_taken":["M","M","M","?","M","R","?","R","T","E","R","M","?","?","R","BOSS","M","?"],"items_purchased_type":[],"build_version":"2020-12-22","purchased_purges":0,"victory":false,"max_hp_per_floor":[5,5,5,6,6,6,6,6,6,6,6,6,6,6,6,6,6,6,6,6],"card_choices":[{"not_picked":["theEdgeheg:Shotgun","theEdgeheg:MachineGun"],"picked":"theEdgeheg:QuickKatana","floor":1},{"not_picked":["theEdgeheg:BloodyKatana","theEdgeheg:TimmyBackflip"],"picked":"theEdgeheg:QuickKatana","floor":2},{"not_picked":["theEdgeheg:KatanaGF","theEdgeheg:Sniper"],"picked":"theEdgeheg:ArtOfTheBlade","floor":3},{"not_picked":["theEdgeheg:MasterEmerald","theEdgeheg:BloodyKatana"],"picked":"theEdgeheg:Disrobe","floor":5},{"not_picked":["theEdgeheg:SelfHarmIsNotCool","theEdgeheg:ChaosKatana"],"picked":"theEdgeheg:ChaosEnergyKatana","floor":10},{"not_picked":["theEdgeheg:BlackKatana","theEdgeheg:BetterDodge"],"picked":"theEdgeheg:BloodyNodachi","floor":12},{"not_picked":["theEdgeheg:ChaosCards","theEdgeheg:ChaosControlSkill","theEdgeheg:Reload"],"picked":"SKIP","floor":13},{"not_picked":["theEdgeheg:BlockingGF","theEdgeheg:RevolverOcelot"],"picked":"theEdgeheg:SephirotKatana","floor":16},{"not_picked":["theEdgeheg:MachineGun","theEdgeheg:BetterShoot","theEdgeheg:PlayRandomCard+1"],"picked":"SKIP","floor":18}],"player_experience":72522,"relics_obtained":[{"floor":9,"key":"Matryoshka"},{"floor":10,"key":"Eternal Feather"}],"event_choices":[{"damage_healed":0,"gold_gain":30,"player_choice":"Searched \u00271\u0027 times","damage_taken":0,"max_hp_gain":0,"max_hp_loss":0,"event_name":"Dead Adventurer","floor":7,"gold_loss":0},{"damage_healed":0,"gold_gain":0,"player_choice":"Take Wound","damage_taken":0,"relics_obtained":["Golden Idol"],"max_hp_gain":0,"max_hp_loss":0,"event_name":"Golden Idol","floor":14,"gold_loss":0,"cards_obtained":["Injury"]}],"is_beta":false,"boss_relics":[{"not_picked":["Pandora\u0027s Box","Snecko Eye"],"picked":"Black Star"}],"items_purged_floors":[],"is_endless":false,"potions_floor_spawned":[2,10,12,18],"ascension_level":0}}