{"host":"6q94iy5iz6612v89","time":1611457964,"event":{"mods":["AchievementEnabler","BaseMod","Colored Map","DeckTracker","Keyboard Shortcuts","Minty Spire (QoL Compilation)","Permanent Neow","StSLib","SuperFastMode"],"gold_per_floor":[109,126,139,150,150,150,177,177,225,225,225,239,278,278,278,372,372,396,396,368,368,368,368,368],"floor_reached":23,"language":"KOR","playtime":491,"items_purged":[],"score":398,"play_id":"d290a83a-5382-414d-b83f-95acd8dca4e5","local_time":"20210124121244","is_ascension_mode":true,"campfire_choices":[{"data":"Predator","floor":6,"key":"SMITH"},{"data":"Deadly Poison","floor":8,"key":"SMITH"},{"data":"Catalyst","floor":11,"key":"SMITH"},{"data":"Footwork","floor":15,"key":"SMITH"}],"circlet_count":0,"master_deck":["AscendersBane","Strike_G+1","Strike_G+1","Strike_G+1","Defend_G+1","Defend_G+1","Defend_G+1","Defend_G+1","Defend_G+1","Survivor","Neutralize","Deadly Poison+1","Catalyst+1","Predator+1","Flying Knee","Footwork+1","Night Terror","Night Terror","Night Terror"],"relics":["Ring of the Snake","PreservedInsect","Matryoshka","Orichalcum","Bloody Idol","Kunai","Oddly Smooth Stone","Calipers","Fusion Hammer"],"acts_visited":["Exordium","TheCity"],"potions_floor_usage":[7,13,20],"damage_taken":[{"damage":3,"enemies":"Jaw Worm","floor":1,"turns":6},{"damage":1,"enemies":"Small Slimes","floor":2,"turns":3},{"damage":0,"enemies":"2 Louse","floor":3,"turns":3},{"damage":0,"enemies":"Blue Slaver","floor":4,"turns":7},{"damage":10,"enemies":"Lagavulin","floor":7,"turns":5},{"damage":7,"enemies":"Large Slime","floor":12,"turns":5},{"damage":2,"enemies":"Gremlin Nob","floor":13,"turns":3},{"damage":34,"enemies":"Hexaghost","floor":16,"turns":10},{"damage":18,"enemies":"Chosen","floor":18,"turns":6},{"damage":13,"enemies":"2 Thieves","floor":20,"turns":4},{"damage":4,"enemies":"Gremlin Leader","floor":23,"turns":3}],"seed_played":"6461161129571353764","potions_obtained":[{"floor":4,"key":"CunningPotion"},{"floor":7,"key":"Poison Potion"},{"floor":13,"key":"Explosive Potion"},{"floor":16,"key":"SpeedPotion"}],"is_trial":false,"path_per_floor":["M","M","M","M","?","R","E","R","T","?","R","M","E","T","R","B",null,"M","?","M","?","?","E"],"character_chosen":"THE_SILENT","items_purchased":[],"campfire_rested":0,"item_purchase_floors":[],"current_hp_per_floor":[56,55,55,55,55,55,45,45,45,45,45,38,36,36,36,2,46,28,28,25,25,25,21,21],"gold":368,"neow_bonus":"RANDOM_COMMON_RELIC","is_daily":false,"chose_seed":false,"campfire_upgraded":4,"win_rate":0.0,"timestamp":1611457964,"path_taken":["M","M","M","M","?","R","E","R","T","?","R","M","E","?","R","BOSS","M","?","M","?","?","E"],"items_purchased_type":[],"build_version":"2020-12-22","purchased_purges":0,"victory":false,"max_hp_per_floor":[66,66,66,66,66,66,66,66,66,60,60,60,60,60,60,60,60,60,60,60,60,60,60,60],"card_choices":[{"not_picked":["Prepared","Dagger Throw"],"picked":"Deadly Poison","floor":1},{"not_picked":["Dodge and Roll","Deadly Poison"],"picked":"Catalyst","floor":2},{"not_picked":["Tactician","Heel Hook"],"picked":"Predator","floor":3},{"not_picked":["Outmaneuver","Finisher"],"picked":"Flying Knee","floor":4},{"not_picked":["Prepared","Dagger Throw","Escape Plan"],"picked":"SKIP","floor":7},{"not_picked":["Flechettes","Quick Slash","Caltrops"],"picked":"SKIP","floor":12},{"not_picked":["PiercingWail","Unload"],"picked":"Footwork","floor":13},{"not_picked":["Storm of Steel","Venomology"],"picked":"Night Terror","floor":16},{"not_picked":["Distraction","Blade Dance","Acrobatics"],"picked":"SKIP","floor":18},{"not_picked":["Concentrate","Calculated Gamble","Skewer"],"picked":"SKIP","floor":20}],"player_experience":1439327,"relics_obtained":[{"floor":7,"key":"Matryoshka"},{"floor":9,"key":"Orichalcum"},{"floor":13,"key":"Kunai"},{"floor":14,"key":"Oddly Smooth Stone"},{"floor":14,"key":"Calipers"}],"event_choices":[{"damage_healed":0,"gold_gain":0,"player_choice":"Ignored","damage_taken":0,"max_hp_gain":0,"max_hp_loss":0,"event_name":"Liars Game","floor":5,"gold_loss":0},{"damage_healed":0,"gold_gain":0,"player_choice":"Lose Max HP","damage_taken":0,"relics_obtained":["Golden Idol"],"max_hp_gain":0,"max_hp_loss":6,"event_name":"Golden Idol","floor":10,"gold_loss":0},{"damage_healed":0,"gold_gain":0,"player_choice":"Gave Idol","damage_taken":0,"relics_obtained":["Bloody Idol"],"max_hp_gain":0,"max_hp_loss":0,"event_name":"Forgotten Altar","floor":19,"relics_lost":["Golden Idol"],"gold_loss":0},{"damage_healed":0,"gold_gain":0,"cards_transformed":["Strike_G","Strike_G"],"player_choice":"Became Test Subject","damage_taken":0,"max_hp_gain":0,"max_hp_loss":0,"event_name":"Drug Dealer","floor":21,"gold_loss":0,"cards_obtained":["Night Terror","Night Terror"]},{"damage_healed":0,"gold_gain":0,"player_choice":"Simplicity","damage_taken":0,"max_hp_gain":0,"max_hp_loss":0,"event_name":"Back to Basics","floor":22,"gold_loss":0,"cards_upgraded":["Strike_G","Strike_G","Strike_G","Defend_G","Defend_G","Defend_G","Defend_G","Defend_G"]}],"is_beta":false,"boss_relics":[{"not_picked":["Snecko Eye","SacredBark"],"picked":"Fusion Hammer"}],"items_purged_floors":[],"is_endless":false,"potions_floor_spawned":[4,7,13,16,18],"killed_by":"Gremlin Leader","ascension_level":20}}