{"host":"p9t7qd83igtcp2bh","time":1611471725,"event":{"mods":["2.2 Compatiblity","AchievementEnabler","BaseMod","Colored Map","Colored Powertips","Custom Start","DeckTracker","Keyboard Shortcuts","Minty Spire (QoL Compilation)","Permanent Neow","StSLib","SuperFastMode","everything is the same but u backflip on backflip"],"gold_per_floor":[115,132,11,11,28,28,58,68,68,93,110,10,27,43,43,114,114,125,153,28,43,93,93,106,137,162,102,17,30,30,30,30,104,104,122,140,140,140,151,178,178,205,205,205,236,250,270,320,320,320,320,320,95,130,130],"floor_reached":56,"language":"KOR","playtime":2218,"items_purged":["Injury","Strike_P","Strike_P","Strike_P+1"],"score":2386,"play_id":"da4f9958-8e4e-4f3f-a61a-71feac8b83d5","local_time":"20210124160205","is_ascension_mode":true,"campfire_choices":[{"data":"Eruption","floor":6.0,"key":"SMITH"},{"floor":15.0,"key":"REST"},{"data":"Adaptation","floor":23.0,"key":"SMITH"},{"data":"MentalFortress","floor":30.0,"key":"SMITH"},{"floor":32.0,"key":"REST"},{"floor":41.0,"key":"REST"},{"floor":49.0,"key":"RECALL"},{"floor":52,"key":"REST"}],"circlet_count":0,"master_deck":["AscendersBane","Defend_P+1","Defend_P+1","Defend_P+1","Defend_P+1","Eruption+1","Vigilance+1","LessonLearned+1","CutThroughFate+1","LikeWater+1","FollowUp+1","Adaptation+1","Vault+1","MentalFortress+1","Adaptation+1"],"relics":["PureWater","Ornamental Fan","Mango","Lizard Tail","Runic Pyramid","Red Mask","Nunchaku","MawBank","Darkstone Periapt","VioletLotus","Potion Belt","Pen Nib","Akabeko","TeardropLocket"],"acts_visited":["Exordium","TheCity","TheBeyond","TheEnding"],"potions_floor_usage":[50,50,50,50,50,50,54,55,55,55,55,55,55,55,55,55,55,55,55,55,55,55,55,55],"damage_taken":[{"damage":2.0,"enemies":"Cultist","floor":1.0,"turns":3.0},{"damage":13.0,"enemies":"Jaw Worm","floor":2.0,"turns":5.0},{"damage":0.0,"enemies":"2 Louse","floor":5.0,"turns":3.0},{"damage":0.0,"enemies":"Lagavulin","floor":7.0,"turns":7.0},{"damage":1.0,"enemies":"2 Fungi Beasts","floor":8.0,"turns":4.0},{"damage":31.0,"enemies":"Gremlin Nob","floor":10.0,"turns":4.0},{"damage":0.0,"enemies":"Blue Slaver","floor":11.0,"turns":7.0},{"damage":7.0,"enemies":"Exordium Thugs","floor":13.0,"turns":6.0},{"damage":9.0,"enemies":"Looter","floor":14.0,"turns":3.0},{"damage":21.0,"enemies":"The Guardian","floor":16.0,"turns":9.0},{"damage":27.0,"enemies":"3 Byrds","floor":18.0,"turns":8.0},{"damage":43.0,"enemies":"Masked Bandits","floor":19.0,"turns":6.0},{"damage":0.0,"enemies":"Spheric Guardian","floor":21.0,"turns":3.0},{"damage":0.0,"enemies":"Snecko","floor":24.0,"turns":3.0},{"damage":22.0,"enemies":"Book of Stabbing","floor":25.0,"turns":6.0},{"damage":6.0,"enemies":"Centurion and Healer","floor":29.0,"turns":5.0},{"damage":0.0,"enemies":"Collector","floor":33.0,"turns":10.0},{"damage":3.0,"enemies":"3 Darklings","floor":35.0,"turns":6.0},{"damage":2.0,"enemies":"Orb Walker","floor":36.0,"turns":4.0},{"damage":0.0,"enemies":"Maw","floor":39.0,"turns":4.0},{"damage":46.0,"enemies":"Reptomancer","floor":40.0,"turns":6.0},{"damage":6.0,"enemies":"Nemesis","floor":42.0,"turns":8.0},{"damage":29.0,"enemies":"Reptomancer","floor":45.0,"turns":7.0},{"damage":1.0,"enemies":"Spire Growth","floor":46.0,"turns":4.0},{"damage":0.0,"enemies":"Jaw Worm Horde","floor":47.0,"turns":3.0},{"damage":0,"enemies":"Donu and Deca","floor":50,"turns":8},{"damage":22,"enemies":"Shield and Spear","floor":54,"turns":5},{"damage":0,"enemies":"The Heart","floor":55,"turns":6}],"seed_played":"1091764094065976844","potions_obtained":[{"floor":5.0,"key":"DuplicationPotion"},{"floor":10.0,"key":"DistilledChaos"},{"floor":19.0,"key":"AttackPotion"},{"floor":24.0,"key":"Ancient Potion"},{"floor":25.0,"key":"Energy Potion"},{"floor":35.0,"key":"Strength Potion"},{"floor":40.0,"key":"EntropicBrew"},{"floor":42.0,"key":"Strength Potion"},{"floor":47.0,"key":"Regen Potion"}],"is_trial":false,"path_per_floor":["M","M","$","$","M","R","E","M","T","E","M","$","M","M","R","B",null,"M","?","$","M","?","R","M","E","T","$","?","M","R","?","R","B",null,"M","M","?","$","M","E","R","E","T","?","E","M","M","?","R","B",null,"R","$","E","B",null],"character_chosen":"WATCHER","items_purchased":["CutThroughFate","MentalFortress","EssenceOfSteel"],"campfire_rested":4,"item_purchase_floors":[3,27,53],"current_hp_per_floor":[59,46,46,46,46,46,46,45,59,28,28,28,21,12,36,15,65,38,41,41,41,41,41,41,19,19,19,19,13,13,13,37,37,71,68,66,66,66,66,20,44,38,38,38,9,8,8,8,8,23,64,78,78,56,56],"gold":130,"neow_bonus":"THREE_RARE_CARDS","is_daily":false,"chose_seed":false,"campfire_upgraded":3,"win_rate":0.0,"timestamp":1611471725,"path_taken":["M","M","?","$","M","R","E","M","T","E","M","$","?","M","R","BOSS","M","?","$","M","?","R","M","E","T","?","?","M","R","?","R","BOSS","M","M","?","$","M","E","R","E","T","?","E","M","M","?","R","BOSS","R","$","E","BOSS"],"items_purchased_type":["Card","Card","Potion"],"build_version":"2020-12-22","purchased_purges":4,"victory":true,"max_hp_per_floor":[68,68,68,68,68,68,68,68,82,82,82,82,82,82,82,82,82,82,82,82,82,82,82,82,82,82,82,82,82,82,82,82,82,82,82,82,82,82,82,82,82,82,82,78,78,78,78,78,78,78,78,78,78,78,78],"card_choices":[{"not_picked":["ConjureBlade","Devotion"],"picked":"LessonLearned","floor":0.0},{"not_picked":["FlurryOfBlows","ForeignInfluence","PathToVictory"],"picked":"SKIP","floor":1.0},{"not_picked":["JustLucky","FlyingSleeves","WreathOfFlame"],"picked":"SKIP","floor":2.0},{"not_picked":["CrushJoints","JustLucky"],"picked":"LikeWater","floor":5.0},{"not_picked":["Protect","ConjureBlade","Evaluate"],"picked":"SKIP","floor":7.0},{"not_picked":["Collect","FlyingSleeves"],"picked":"FollowUp","floor":8.0},{"not_picked":["Brilliance","BowlingBash","Conclude"],"picked":"SKIP","floor":10.0},{"not_picked":["PathToVictory","Tantrum"],"picked":"Adaptation","floor":11.0},{"not_picked":["JustLucky","ThirdEye","Evaluate"],"picked":"SKIP","floor":13.0},{"not_picked":["BattleHymn","WheelKick","SignatureMove"],"picked":"SKIP","floor":14.0},{"not_picked":["Alpha","Devotion"],"picked":"Vault","floor":16.0},{"not_picked":["Crescendo","FlyingSleeves","EmptyFist"],"picked":"SKIP","floor":18.0},{"not_picked":["ClearTheMind","BowlingBash","Devotion"],"picked":"SKIP","floor":21.0},{"not_picked":["FollowUp","JustLucky","Study"],"picked":"SKIP","floor":24.0},{"not_picked":["Fasting2","FlyingSleeves","CrushJoints"],"picked":"SKIP","floor":25.0},{"not_picked":["PathToVictory+1","CrushJoints","EmptyMind"],"picked":"SKIP","floor":29.0},{"not_picked":["Study","Crescendo"],"picked":"Adaptation","floor":35.0},{"not_picked":["SashWhip","Indignation","FlurryOfBlows"],"picked":"SKIP","floor":36.0},{"not_picked":["Protect","CarveReality","WreathOfFlame+1"],"picked":"SKIP","floor":39.0},{"not_picked":["Prostrate","ThirdEye","CutThroughFate"],"picked":"SKIP","floor":40.0},{"not_picked":["JustLucky","Tantrum+1","ClearTheMind"],"picked":"SKIP","floor":42.0},{"not_picked":["EmptyBody","Pray","SashWhip"],"picked":"SKIP","floor":45.0},{"not_picked":["ClearTheMind","JustLucky+1","SandsOfTime"],"picked":"SKIP","floor":46.0},{"not_picked":["Wish","ForeignInfluence","CutThroughFate+1"],"picked":"SKIP","floor":47.0},{"not_picked":["JustLucky+1","InnerPeace+1","Crescendo+1"],"picked":"SKIP","floor":54}],"player_experience":679777,"relics_obtained":[{"floor":7.0,"key":"Ornamental Fan"},{"floor":9.0,"key":"Mango"},{"floor":10.0,"key":"Lizard Tail"},{"floor":19.0,"key":"Red Mask"},{"floor":25.0,"key":"Nunchaku"},{"floor":26.0,"key":"MawBank"},{"floor":40.0,"key":"Potion Belt"},{"floor":42.0,"key":"Pen Nib"},{"floor":45.0,"key":"Akabeko"},{"floor":54,"key":"TeardropLocket"}],"event_choices":[{"damage_healed":0.0,"max_hp_gain":0.0,"max_hp_loss":0.0,"gold_gain":0.0,"event_name":"Masked Bandits","player_choice":"Fought Bandits","floor":19.0,"gold_loss":0.0,"damage_taken":0.0},{"damage_healed":0.0,"max_hp_gain":0.0,"max_hp_loss":0.0,"gold_gain":50.0,"event_name":"Nest","player_choice":"Stole From Cult","floor":22.0,"gold_loss":0.0,"damage_taken":0.0},{"damage_healed":0.0,"max_hp_gain":0.0,"max_hp_loss":0.0,"gold_gain":0.0,"event_name":"Addict","player_choice":"Obtained Relic","floor":28.0,"gold_loss":85.0,"damage_taken":0.0,"relics_obtained":["Darkstone Periapt"]},{"damage_healed":0.0,"max_hp_gain":0.0,"max_hp_loss":0.0,"gold_gain":0.0,"event_name":"Ghosts","player_choice":"Ignored","floor":31.0,"gold_loss":0.0,"damage_taken":0.0},{"cards_removed":["Strike_P"],"damage_healed":0.0,"max_hp_gain":0.0,"max_hp_loss":0.0,"gold_gain":0.0,"event_name":"Falling","player_choice":"Removed Attack","floor":37.0,"gold_loss":0.0,"damage_taken":0.0},{"damage_healed":0.0,"max_hp_gain":0.0,"max_hp_loss":4.0,"gold_gain":0.0,"event_name":"Winding Halls","player_choice":"Max HP","floor":44.0,"gold_loss":0.0,"damage_taken":0.0},{"damage_healed":0.0,"max_hp_gain":0.0,"max_hp_loss":0.0,"gold_gain":50.0,"event_name":"Golden Shrine","player_choice":"Pray","floor":48.0,"gold_loss":0.0,"damage_taken":0.0}],"is_beta":false,"boss_relics":[{"not_picked":["Tiny House","SlaversCollar"],"picked":"Runic Pyramid"},{"not_picked":["Coffee Dripper","Empty Cage"],"picked":"VioletLotus"}],"items_purged_floors":[3,12,20,53],"is_endless":false,"potions_floor_spawned":[5,10,11,13,14,19,24,25,29,35,40,42,47],"ascension_level":15}}