{"host":"szzymzkf8nw8othj","time":1611457051,"event":{"mods":["AchievementEnabler","BaseMod","Downfall","Minty Spire (QoL Compilation)","Replay The Spire","StSLib","The Animator"],"gold_per_floor":[99,99,99,274,274,274,346,360,373,385,414,414,86,86,103,103,103,103],"floor_reached":16,"language":"ENG","playtime":1306,"items_purged":["Doubt"],"score":100,"play_id":"388e43bf-aae4-4667-b0a3-f16ed6ed0ca6","local_time":"20210123215731","is_ascension_mode":false,"campfire_choices":[{"floor":1,"key":"RECALL"}],"circlet_count":0,"master_deck":["champ:Strike","champ:Strike","champ:Strike","champ:Strike","champ:Defend","champ:Defend","champ:Defend","champ:Defend","champ:Execute","champ:Taunt","champ:Shatter","champ:BerserkersShout+1","champ:Backstep+1","champ:GutPunch","champ:ViciousMockery","champ:BerserkerStyle","Replay:SS_forest_2"],"relics":["champ:ChampionCrown","downfall:HeartsMalice","downfall:BrokenWingStatue","Boot","War Paint"],"acts_visited":["Exordium"],"potions_floor_usage":[11,14,16],"damage_taken":[{"damage":0,"enemies":"Small Slimes","floor":2,"turns":1},{"damage":0,"enemies":"Jaw Worm","floor":3,"turns":1},{"damage":0,"enemies":"Cultist","floor":5,"turns":1},{"damage":20,"enemies":"2 Fungi Beasts","floor":8,"turns":5},{"damage":35,"enemies":"Large Slime","floor":9,"turns":5},{"damage":27,"enemies":"Blue Slaver","floor":10,"turns":5},{"damage":50,"enemies":"3 Sentries","floor":11,"turns":8},{"damage":30,"enemies":"downfall:FleeingMerchant","floor":13,"turns":4},{"damage":0,"enemies":"3 Louse","floor":14,"turns":1},{"damage":27,"enemies":"Exordium Wildlife","floor":15,"turns":6},{"damage":99,"enemies":"WA_ARCHETYPE_RETAIN","floor":16,"turns":10}],"seed_played":"-7991670051747599310","potions_obtained":[{"floor":8,"key":"Death Potion"},{"floor":9,"key":"Elixir"},{"floor":12,"key":"Doom Potion"},{"floor":12,"key":"SteroidPotion"},{"floor":12,"key":"SmokeBomb"},{"floor":15,"key":"Elixir"}],"is_trial":false,"path_per_floor":["R","M","M","?","M","?","T","M","M","M","E","?","$","M","M","B"],"character_chosen":"THE_CHAMP","items_purchased":["War Paint","Replay:SS_forest_2"],"campfire_rested":0,"item_purchase_floors":[13,13],"current_hp_per_floor":[90,90,90,90,90,90,90,85,85,83,58,58,58,58,53,0,0,0],"gold":103,"neow_bonus":"THREE_ENEMY_KILL","is_daily":false,"chose_seed":false,"campfire_upgraded":0,"win_rate":0.0,"timestamp":1611457051,"path_taken":["R","M","M","?","M","?","T","?","M","M","E","?","$","M","M","BOSS"],"items_purchased_type":["Relic","Card"],"build_version":"2020-12-22","purchased_purges":1,"victory":false,"max_hp_per_floor":[90,90,90,90,90,90,90,90,90,90,90,90,90,90,90,90,90,90],"card_choices":[{"not_picked":["champ:DefensiveShout","champ:Circumvent"],"picked":"champ:Shatter","floor":2},{"not_picked":["champ:Haymaker","champ:AdrenalArmor"],"picked":"champ:BerserkersShout","floor":3},{"not_picked":["champ:PreemptiveStrike","champ:Circumvent"],"picked":"champ:Backstep","floor":5},{"not_picked":["champ:TornadoPunch","champ:Circumvent","champ:PreemptiveStrike"],"picked":"SKIP","floor":8},{"not_picked":["champ:CrownThrow","champ:Lariat"],"picked":"champ:GutPunch","floor":9},{"not_picked":["champ:FalseCounter","champ:CrownThrow","champ:TornadoPunch"],"picked":"SKIP","floor":10},{"not_picked":["champ:Shatter","champ:BerserkersShout"],"picked":"champ:ViciousMockery","floor":11},{"not_picked":["champ:DancingMaster","champ:Haymaker"],"picked":"champ:BerserkerStyle","floor":13},{"not_picked":["champ:BladeFlurry","champ:ShieldSigil","champ:Encircle"],"picked":"SKIP","floor":15}],"player_experience":785563,"relics_obtained":[{"floor":11,"key":"Boot"}],"event_choices":[{"damage_healed":0,"gold_gain":0,"player_choice":"Got Potions","damage_taken":0,"max_hp_gain":0,"max_hp_loss":0,"event_name":"Lab","floor":12,"gold_loss":0}],"is_beta":false,"boss_relics":[],"items_purged_floors":[13],"is_endless":false,"potions_floor_spawned":[8,9,14,15],"killed_by":"WA_ARCHETYPE_RETAIN","ascension_level":0}}