{"host":"w8hjdfrntrrvtiu5","time":1611461904,"event":{"mods":["AchievementEnabler","BaseMod","BetterRewards","Conspire","Hubris","Marisa????????","Minty Spire (QoL Compilation)","Shop Mod","StSLib","Td1madao Mod","The Animator","egg","everything is the same but u backflip on backflip"],"gold_per_floor":[116,18,18,193,193,218,218,245,269,269,169,203,278,289,289,363,363,373,393,492,517,517,517,527,546,546,546,572,572,605,624,624,624,624],"floor_reached":33,"language":"ENG","playtime":1168,"items_purged":[],"score":493,"play_id":"8807633f-da5e-4a09-96fb-5c34a7c96aa9","local_time":"20210123231824","is_ascension_mode":true,"campfire_choices":[{"data":"Carnage","floor":7,"key":"SMITH"},{"data":"Flex","floor":10,"key":"SMITH"},{"data":"Ghostly","floor":15,"key":"SMITH"},{"floor":23,"key":"REST"},{"floor":27,"key":"REST"},{"floor":29,"key":"REST"},{"floor":32,"key":"REST"}],"circlet_count":0,"master_deck":["AscendersBane","Carnage+1","Strike_R","Strike_R","Strike_R","Strike_R","Strike_R","Defend_R","Defend_R","Defend_R","Defend_R","Bash","hubris:Despair","The Bomb","Hemokinesis","Spot Weakness","Perfected Strike","Shockwave","Doubt","Flex+1","Ghostly+1","Anger","Double Tap","Disarm","Flame Barrier","Evolve","Rage","Corruption","Flame Barrier"],"relics":["Burning Blood","Anchor","Orichalcum","Strawberry","hubris:PeanutButter","hubris:GrandSneckoEye","Blue Candle","Bottled Lightning","White Beast Statue","Tiny Chest","conspire:TopHat"],"acts_visited":["Exordium","TheCity"],"potions_floor_usage":[16,19,28,30,33],"damage_taken":[{"damage":12,"enemies":"Small Slimes","floor":1,"turns":4},{"damage":34,"enemies":"Lagavulin","floor":6,"turns":6},{"damage":26,"enemies":"Gremlin Nob","floor":8,"turns":4},{"damage":4,"enemies":"3 Sentries","floor":12,"turns":4},{"damage":0,"enemies":"Jaw Worm","floor":14,"turns":2},{"damage":27,"enemies":"Hexaghost","floor":16,"turns":10},{"damage":0,"enemies":"Shell Parasite","floor":18,"turns":3},{"damage":17,"enemies":"2 Thieves","floor":19,"turns":4},{"damage":47,"enemies":"conspire:MimicChest","floor":21,"turns":6},{"damage":3,"enemies":"Snecko","floor":24,"turns":3},{"damage":25,"enemies":"Sentry and Sphere","floor":25,"turns":4},{"damage":21,"enemies":"Slavers","floor":28,"turns":7},{"damage":30,"enemies":"Book of Stabbing","floor":30,"turns":6},{"damage":7,"enemies":"3 Cultists","floor":31,"turns":6},{"damage":58,"enemies":"Automaton","floor":33,"turns":6}],"seed_played":"6837279545111836003","potions_obtained":[{"floor":8,"key":"Ancient Potion"},{"floor":14,"key":"BloodPotion"},{"floor":16,"key":"Swift Potion"},{"floor":19,"key":"CultistPotion"},{"floor":28,"key":"LiquidBronze"},{"floor":30,"key":"EssenceOfSteel"}],"is_trial":false,"path_per_floor":["M","$","?","?","?","E","R","E","T","R","?","E","?","M","R","B",null,"M","M","?","?","$","R","M","M","T","R","E","R","E","M","R","B"],"character_chosen":"IRONCLAD","items_purchased":["Spot Weakness","Perfected Strike","Bottled Lightning"],"campfire_rested":4,"item_purchase_floors":[2,2,22],"current_hp_per_floor":[66,66,66,66,66,38,38,18,25,25,25,27,16,22,22,18,70,76,65,65,24,9,35,38,19,19,45,30,56,32,31,57,0,0],"gold":624,"neow_bonus":"RANDOM_COLORLESS_2","is_daily":false,"chose_seed":false,"campfire_upgraded":3,"win_rate":0.0,"timestamp":1611461904,"path_taken":["M","$","?","?","?","E","R","E","T","R","?","E","?","?","R","BOSS","M","M","?","?","?","R","M","M","T","R","E","R","E","M","R","BOSS"],"items_purchased_type":["Card","Card","Relic"],"build_version":"2020-12-22","purchased_purges":0,"victory":false,"max_hp_per_floor":[80,80,80,80,80,80,80,80,87,87,87,87,87,87,87,87,87,87,87,87,87,87,87,87,87,87,87,87,87,87,87,87,87,87],"card_choices":[{"not_picked":["Apotheosis","Metamorphosis"],"picked":"The Bomb","floor":0},{"not_picked":["Heavy Blade","Pommel Strike"],"picked":"Hemokinesis","floor":1},{"not_picked":["Body Slam","Wild Strike"],"picked":"Flex","floor":6},{"not_picked":["Fire Breathing","Bloodletting","hubris:ReadiedAction"],"picked":"SKIP","floor":8},{"not_picked":["Clash","Twin Strike","hubris:ReadiedAction"],"picked":"SKIP","floor":12},{"not_picked":["Clothesline","conspire:Charge"],"picked":"Anger","floor":14},{"not_picked":["Demon Form","Fiend Fire"],"picked":"Double Tap","floor":16},{"not_picked":["hubris:ReadiedAction","Armaments"],"picked":"Disarm","floor":18},{"not_picked":["Armaments","Havoc+1"],"picked":"Flame Barrier","floor":19},{"not_picked":["Wild Strike","Carnage"],"picked":"Evolve","floor":21},{"not_picked":["True Grit","Heavy Blade+1","Shrug It Off"],"picked":"SKIP","floor":24},{"not_picked":["Armaments","Anger","Twin Strike"],"picked":"SKIP","floor":25},{"not_picked":["Feel No Pain","Dark Embrace"],"picked":"Rage","floor":28},{"not_picked":["Havoc","Carnage+1"],"picked":"Corruption","floor":30},{"not_picked":["Pommel Strike","Armaments+1"],"picked":"Flame Barrier","floor":31}],"player_experience":2403330,"relics_obtained":[{"floor":6,"key":"Anchor"},{"floor":8,"key":"Orichalcum"},{"floor":9,"key":"Strawberry"},{"floor":12,"key":"hubris:PeanutButter"},{"floor":21,"key":"Blue Candle"},{"floor":26,"key":"White Beast Statue"},{"floor":28,"key":"Tiny Chest"},{"floor":30,"key":"conspire:TopHat"}],"event_choices":[{"damage_healed":0,"gold_gain":175,"player_choice":"AGREE","damage_taken":0,"max_hp_gain":0,"max_hp_loss":0,"event_name":"Liars Game","floor":4,"gold_loss":0,"cards_obtained":["Doubt"]},{"damage_healed":0,"gold_gain":0,"player_choice":"Leave","damage_taken":0,"max_hp_gain":0,"max_hp_loss":0,"event_name":"conspire:Investor","floor":5,"gold_loss":0},{"damage_healed":0,"gold_gain":0,"player_choice":"Argue","damage_taken":0,"max_hp_gain":0,"max_hp_loss":0,"event_name":"conspire:LoneGhost","floor":11,"gold_loss":0},{"damage_healed":0,"gold_gain":75,"player_choice":"Gather Gold","damage_taken":11,"max_hp_gain":0,"max_hp_loss":0,"event_name":"World of Goop","floor":13,"gold_loss":0},{"damage_healed":0,"gold_gain":99,"player_choice":"Stole From Cult","damage_taken":0,"max_hp_gain":0,"max_hp_loss":0,"event_name":"Nest","floor":20,"gold_loss":0}],"is_beta":false,"boss_relics":[{"not_picked":["conspire:SeveredTorchhead","Snecko Eye"],"picked":"hubris:GrandSneckoEye"}],"items_purged_floors":[],"is_endless":false,"potions_floor_spawned":[8,14,16,19,21,24,28,30,31],"killed_by":"Automaton","ascension_level":13}}