{"host":"j4g6ia6asvpyu2b0","time":1611525237,"event":{"mods":["BaseMod","Colored Map","Minty Spire (QoL Compilation)","Permanent Neow","Quick Restart","Relic Stats","StSLib","Unceasing Turn Reminder"],"gold_per_floor":[12,24,24,24,24,63,63,138,138,138,138],"floor_reached":10,"language":"ENG","playtime":386,"items_purged":[],"score":125,"play_id":"6169a0e6-fa32-48ca-9740-4e4b7f11e199","local_time":"20210124145357","is_ascension_mode":true,"campfire_choices":[{"data":"Bash","floor":7,"key":"SMITH"}],"circlet_count":0,"master_deck":["AscendersBane","Strike_R","Strike_R","Strike_R","Strike_R","Strike_R","Defend_R","Defend_R","Bash+1","Inflame","Warcry","Anger"],"relics":["Burning Blood","Golden Idol","Pen Nib","Singing Bowl"],"acts_visited":["Exordium"],"potions_floor_usage":[10],"damage_taken":[{"damage":1,"enemies":"Cultist","floor":1,"turns":3},{"damage":15,"enemies":"Small Slimes","floor":2,"turns":3},{"damage":32,"enemies":"Gremlin Nob","floor":6,"turns":4},{"damage":20,"enemies":"3 Sentries","floor":10,"turns":3}],"seed_played":"4015898819767191885","potions_obtained":[{"floor":2,"key":"Explosive Potion"}],"is_trial":false,"path_per_floor":["M","M","$","$","?","E","R","?","T","E"],"character_chosen":"IRONCLAD","items_purchased":[],"campfire_rested":0,"item_purchase_floors":[],"current_hp_per_floor":[73,64,64,64,64,38,38,27,27,7,7],"gold":138,"neow_bonus":"REMOVE_TWO","is_daily":false,"chose_seed":false,"campfire_upgraded":1,"win_rate":0.0,"timestamp":1611525237,"path_taken":["M","?","?","$","?","E","R","?","T","E"],"items_purchased_type":[],"build_version":"2020-12-22","purchased_purges":0,"victory":false,"max_hp_per_floor":[75,75,75,75,68,68,68,68,68,68,68],"relic_stats":{"Singing Bowl":0,"counters":[4,13],"Golden Idol":8,"Pen Nib":[0],"obtain_stats":[{"Singing Bowl":9,"Golden Idol":5,"Pen Nib":6,"Burning Blood":0},{"Singing Bowl":3,"Golden Idol":2,"Pen Nib":3,"Burning Blood":0},{"Singing Bowl":10,"Golden Idol":6,"Pen Nib":10,"Burning Blood":0}],"Burning Blood":18},"card_choices":[{"not_picked":["Headbutt","Iron Wave"],"picked":"Inflame","floor":1},{"not_picked":["Feel No Pain","Second Wind"],"picked":"Warcry","floor":2},{"not_picked":["Iron Wave","Clothesline"],"picked":"Anger","floor":6}],"player_experience":992524,"relics_obtained":[{"floor":6,"key":"Pen Nib"},{"floor":9,"key":"Singing Bowl"}],"event_choices":[{"damage_healed":0,"gold_gain":0,"player_choice":"Lose Max HP","damage_taken":0,"relics_obtained":["Golden Idol"],"max_hp_gain":0,"max_hp_loss":7,"event_name":"Golden Idol","floor":5,"gold_loss":0},{"damage_healed":0,"gold_gain":75,"player_choice":"Gather Gold","damage_taken":11,"max_hp_gain":0,"max_hp_loss":0,"event_name":"World of Goop","floor":8,"gold_loss":0}],"is_beta":false,"boss_relics":[],"items_purged_floors":[],"is_endless":false,"potions_floor_spawned":[2],"killed_by":"3 Sentries","ascension_level":19}}