{"host":"uv5ws9rdk87e8i5k","time":1611465932,"event":{"mods":["AchievementEnabler","BaseMod","Colored Map","Minty Spire (QoL Compilation)","StSLib","SuperFastMode"],"gold_per_floor":[111,129,129,148,33,62,62,72,98,98,98,98],"floor_reached":11,"language":"ENG","playtime":251,"items_purged":["Strike_B"],"score":77,"play_id":"faebbeed-99e9-4f2a-85bb-d647252b77cf","local_time":"20210123232532","is_ascension_mode":true,"campfire_choices":[{"data":"Loop","floor":7,"key":"SMITH"}],"circlet_count":0,"master_deck":["Strike_B","Strike_B","Strike_B","Defend_B","Defend_B","Defend_B","Defend_B","Zap","Dualcast","White Noise","Heatsinks+1","BootSequence","Loop+1","Fission","Ball Lightning","Regret"],"relics":["Cracked Core","Girya","Toy Ornithopter","Bronze Scales","Juzu Bracelet"],"acts_visited":["Exordium"],"potions_floor_usage":[8],"damage_taken":[{"damage":1,"enemies":"Jaw Worm","floor":1,"turns":3},{"damage":1,"enemies":"Cultist","floor":2,"turns":3},{"damage":1,"enemies":"2 Louse","floor":4,"turns":3},{"damage":46,"enemies":"3 Sentries","floor":6,"turns":9},{"damage":6,"enemies":"Blue Slaver","floor":8,"turns":3},{"damage":5,"enemies":"Lagavulin","floor":11,"turns":5}],"seed_played":"5149571444334511426","potions_obtained":[{"floor":4,"key":"PotionOfCapacity"},{"floor":6,"key":"Explosive Potion"},{"floor":8,"key":"FairyPotion"}],"is_trial":false,"path_per_floor":["M","M","?","M","$","E","R","M","T","?","E"],"character_chosen":"DEFECT","items_purchased":["Loop"],"campfire_rested":0,"item_purchase_floors":[5],"current_hp_per_floor":[67,66,66,65,65,19,19,18,18,18,13,13],"gold":98,"neow_bonus":"ONE_RARE_RELIC","is_daily":false,"chose_seed":false,"campfire_upgraded":1,"win_rate":0.0,"timestamp":1611465932,"path_taken":["M","M","?","M","?","E","R","M","T","?","E"],"items_purchased_type":["Card"],"build_version":"2020-12-22","purchased_purges":1,"victory":false,"max_hp_per_floor":[68,68,68,68,68,68,68,68,68,68,68,68],"card_choices":[{"not_picked":["Ball Lightning","Self Repair"],"picked":"White Noise","floor":1},{"not_picked":["Redo","Reprogram"],"picked":"Heatsinks","floor":2},{"not_picked":["Turbo","FTL"],"picked":"BootSequence","floor":4},{"not_picked":["Undo","Heatsinks"],"picked":"Fission","floor":6},{"not_picked":["Cold Snap","Redo"],"picked":"Ball Lightning","floor":8}],"player_experience":220872,"relics_obtained":[{"floor":6,"key":"Toy Ornithopter"},{"floor":9,"key":"Bronze Scales"}],"event_choices":[{"damage_healed":0,"gold_gain":0,"player_choice":"Upgraded","damage_taken":0,"max_hp_gain":0,"max_hp_loss":0,"event_name":"Upgrade Shrine","floor":3,"gold_loss":0,"cards_upgraded":["Heatsinks"]},{"damage_healed":0,"gold_gain":0,"player_choice":"Box","damage_taken":0,"relics_obtained":["Juzu Bracelet"],"max_hp_gain":0,"max_hp_loss":0,"event_name":"Big Fish","floor":10,"gold_loss":0,"cards_obtained":["Regret"]}],"is_beta":false,"boss_relics":[],"items_purged_floors":[5],"is_endless":false,"potions_floor_spawned":[4,6,8],"killed_by":"Lagavulin","ascension_level":1}}