{"host":"p11r1vg7ld7z2n97","time":1611529413,"event":{"mods":["BaseMod","Better Note","Colored Map","Downfall","Minty Spire (QoL Compilation)","Rare Cards Sparkle","StSLib","Waifu the Spire"],"gold_per_floor":[99,113,213,213,223,123,150,20,20,30,15,15,15,42,62,62,62,62],"floor_reached":16,"language":"ENG","playtime":970,"items_purged":["Regret"],"score":98,"play_id":"f079707b-65c6-4c76-8f35-82ee639fc079","local_time":"20210124160333","is_ascension_mode":false,"campfire_choices":[{"floor":1,"key":"RECALL"},{"data":"bronze:SpaghettiCode","floor":6,"key":"SMITH"},{"data":"bronze:AlphaBuild","floor":13,"key":"SMITH"}],"circlet_count":0,"master_deck":["bronze:Strike","bronze:Strike","bronze:Strike","bronze:Defend","bronze:Defend","bronze:Defend","bronze:Defend","bronze:Replicate","bronze:Goto","bronze:SpaghettiCode+1","bronze:Boost","bronze:Shell","bronze:DigitalCarnage","bronze:BronzeOrb","bronze:Terminator","bronze:AlphaBuild+1","bronze:Iterate","bronze:Constructor"],"relics":["bronze:BronzeCore","bronze:SilverBullet","downfall:HeartBlessingRed","MealTicket","Blood Vial","Gremlin Horn"],"acts_visited":["Exordium"],"potions_floor_usage":[16],"damage_taken":[{"damage":0,"enemies":"Small Slimes","floor":2,"turns":1},{"damage":7,"enemies":"Jaw Worm","floor":5,"turns":3},{"damage":4,"enemies":"downfall:FleeingMerchant","floor":8,"turns":4},{"damage":0,"enemies":"2 Louse","floor":10,"turns":1},{"damage":0,"enemies":"downfall:FleeingMerchant","floor":11,"turns":4},{"damage":9,"enemies":"3 Sentries","floor":14,"turns":4},{"damage":0,"enemies":"Exordium Wildlife","floor":15,"turns":1},{"damage":77,"enemies":"SI_SHIV_ARCHETYPE","floor":16,"turns":23}],"seed_played":"-4675293705387471348","potions_obtained":[{"floor":5,"key":"SpeedPotion"},{"floor":10,"key":"EssenceOfSteel"},{"floor":14,"key":"SpeedPotion"}],"is_trial":false,"path_per_floor":["R","M","?","?","M","R","T","$","?","M","$","?","R","E","M","B"],"character_chosen":"THE_AUTOMATON","items_purchased":["bronze:BronzeOrb"],"campfire_rested":0,"item_purchase_floors":[8],"current_hp_per_floor":[70,70,70,70,63,63,63,66,59,61,70,70,70,61,63,0,0,0],"gold":62,"neow_bonus":"ONE_RANDOM_RARE_CARD","is_daily":false,"chose_seed":false,"campfire_upgraded":2,"win_rate":0.0,"timestamp":1611529413,"path_taken":["R","M","?","?","M","R","T","$","?","M","?","?","R","E","M","BOSS"],"items_purchased_type":["Card"],"build_version":"2020-12-22","purchased_purges":1,"victory":false,"max_hp_per_floor":[70,70,70,70,70,70,70,70,70,70,70,70,70,70,70,70,70,70],"card_choices":[{"not_picked":["bronze:OilSpill","bronze:Backtrace"],"picked":"bronze:Boost","floor":2},{"not_picked":["bronze:CloningBeam","bronze:WhirlingStrike"],"picked":"bronze:Shell","floor":5},{"not_picked":["bronze:OilSpill","bronze:Iterate"],"picked":"bronze:DigitalCarnage","floor":8},{"not_picked":["bronze:DelayedSlice","bronze:MaxOutput"],"picked":"bronze:Terminator","floor":10},{"not_picked":["bronze:BitShift","bronze:Invalidate","bronze:BuggyMess"],"picked":"SKIP","floor":11},{"not_picked":["bronze:BuggyMess","bronze:Overheat"],"picked":"bronze:Iterate","floor":14},{"not_picked":["bronze:Mutator","bronze:Philosophize"],"picked":"bronze:Constructor","floor":15}],"player_experience":671322,"relics_obtained":[{"floor":7,"key":"MealTicket"},{"floor":14,"key":"Gremlin Horn"}],"event_choices":[{"damage_healed":0,"gold_gain":0,"player_choice":"Box","damage_taken":0,"relics_obtained":["bronze:SilverBullet"],"max_hp_gain":0,"max_hp_loss":0,"event_name":"Big Fish","floor":4,"gold_loss":0,"cards_obtained":["Regret"]},{"damage_healed":0,"gold_gain":0,"player_choice":"Success","damage_taken":7,"relics_obtained":["Blood Vial"],"max_hp_gain":0,"max_hp_loss":0,"event_name":"Scrap Ooze","floor":9,"gold_loss":0}],"is_beta":false,"boss_relics":[],"items_purged_floors":[8],"is_endless":false,"potions_floor_spawned":[5,10,14,15],"killed_by":"SI_SHIV_ARCHETYPE","ascension_level":0}}