{"host":"oehe2dxjvdgux73m","time":1611479586,"event":{"mods":["AchievementEnabler","BaseMod","Colored Map","Colored Powertips","DeckTracker","Keyboard Shortcuts","Minty Spire (QoL Compilation)","Permanent Neow","Quick Restart","StSLib","SuperFastMode"],"gold_per_floor":[415,415,690,315,333,333,408,424,450,450,464,464,464,497,497,497,497],"floor_reached":16,"language":"KOR","playtime":355,"items_purged":["Regret"],"score":196,"play_id":"40b0f6dc-48da-4c68-93c0-7a8e9a329544","local_time":"20210124181306","is_ascension_mode":true,"campfire_choices":[{"data":"Calculated Gamble","floor":6.0,"key":"SMITH"},{"floor":10.0,"key":"REST"},{"data":"Neutralize","floor":13.0,"key":"SMITH"},{"floor":15,"key":"REST"}],"circlet_count":0,"master_deck":["AscendersBane","Strike_G","Strike_G","Strike_G","Strike_G","Strike_G","Defend_G","Defend_G","Defend_G","Defend_G","Defend_G","Survivor","Neutralize+1","Flechettes","Calculated Gamble+1","Flechettes","Slice","Masterful Stab","Escape Plan"],"relics":["Ring of the Snake","Old Coin","Golden Idol","Sundial","Bag of Marbles","Meat on the Bone"],"acts_visited":["Exordium"],"potions_floor_usage":[14,16],"damage_taken":[{"damage":2.0,"enemies":"Jaw Worm","floor":1.0,"turns":4.0},{"damage":1.0,"enemies":"Small Slimes","floor":5.0,"turns":4.0},{"damage":11.0,"enemies":"Cultist","floor":8.0,"turns":4.0},{"damage":3.0,"enemies":"3 Louse","floor":11.0,"turns":3.0},{"damage":16,"enemies":"Lagavulin","floor":14,"turns":6},{"damage":39,"enemies":"The Guardian","floor":16,"turns":11}],"seed_played":"-8650909654129373507","potions_obtained":[{"floor":11.0,"key":"FearPotion"},{"floor":14,"key":"DistilledChaos"}],"is_trial":false,"path_per_floor":["M","?","?","$","M","R","?","M","T","R","M","?","R","E","R","B"],"character_chosen":"THE_SILENT","items_purchased":["Sundial","Calculated Gamble"],"campfire_rested":2,"item_purchase_floors":[4,4],"current_hp_per_floor":[42,42,42,42,41,41,30,19,19,37,34,34,34,18,36,0,0],"gold":497,"neow_bonus":"ONE_RARE_RELIC","is_daily":false,"chose_seed":false,"campfire_upgraded":2,"win_rate":0.0,"timestamp":1611479586,"path_taken":["M","?","?","$","?","R","?","M","T","R","M","?","R","E","R","BOSS"],"items_purchased_type":["Relic","Card"],"build_version":"2020-12-22","purchased_purges":1,"victory":false,"max_hp_per_floor":[66,60,60,60,60,60,60,60,60,60,60,60,60,60,60,60,60],"card_choices":[{"not_picked":["Outmaneuver","Expertise"],"picked":"Flechettes","floor":1.0},{"not_picked":["Dodge and Roll","Flying Knee"],"picked":"Flechettes","floor":5.0},{"not_picked":["Distraction","Bane"],"picked":"Slice","floor":8.0},{"not_picked":["Riddle With Holes","Choke"],"picked":"Masterful Stab","floor":11.0},{"not_picked":["Deadly Poison","Cloak And Dagger"],"picked":"Escape Plan","floor":14}],"player_experience":313518,"relics_obtained":[{"floor":9.0,"key":"Bag of Marbles"},{"floor":14,"key":"Meat on the Bone"}],"event_choices":[{"damage_healed":0.0,"max_hp_gain":0.0,"max_hp_loss":6.0,"gold_gain":0.0,"event_name":"Golden Idol","player_choice":"Lose Max HP","floor":2.0,"gold_loss":0.0,"damage_taken":0.0,"relics_obtained":["Golden Idol"]},{"damage_healed":0.0,"max_hp_gain":0.0,"max_hp_loss":0.0,"gold_gain":275.0,"event_name":"Golden Shrine","player_choice":"Desecrate","floor":3.0,"gold_loss":0.0,"damage_taken":0.0,"cards_obtained":["Regret"]},{"damage_healed":0.0,"max_hp_gain":0.0,"max_hp_loss":0.0,"gold_gain":75.0,"event_name":"World of Goop","player_choice":"Gather Gold","floor":7.0,"gold_loss":0.0,"damage_taken":11.0},{"damage_healed":0.0,"max_hp_gain":0.0,"max_hp_loss":0.0,"gold_gain":0.0,"event_name":"Scrap Ooze","player_choice":"Fled","floor":12.0,"gold_loss":0.0,"damage_taken":0.0}],"is_beta":false,"boss_relics":[],"items_purged_floors":[4],"is_endless":false,"potions_floor_spawned":[11,14],"killed_by":"The Guardian","ascension_level":20}}