{"host":"b4vwm7jq6jdk6nca","time":1611490180,"event":{"mods":["Act Like it!","BaseMod","Lobotomy","Minty Spire (QoL Compilation)","Quick Restart","StSLib","TestMod","The Cursed","[IsaacMod]ÒÔÈö¼âËþ","vexMod"],"gold_per_floor":[118,142,162,174,194,194,211,233,233,233,252,308,327,345,345,346,346],"floor_reached":16,"language":"ZHS","playtime":486,"items_purged":[],"score":142,"play_id":"7c8eefa9-2941-4a09-93dd-8a4b33f489cc","local_time":"20210124200940","is_ascension_mode":true,"campfire_choices":[{"data":"Zap","floor":6.0,"key":"SMITH"},{"data":"Chill","floor":10.0,"key":"SMITH"},{"data":"Tempest","floor":15.0,"key":"SMITH"}],"circlet_count":0,"master_deck":["Strike_B","Defend_B","Defend_B","Defend_B","Defend_B+1","Zap+1","Dualcast","ElectricPowerLearning+1","Turbo+1","Scrape+1","Tempest+1","Ball Lightning","Coolheaded","Coolheaded","Chill+1","BootSequence","Tempest+1","Thunder Strike"],"relics":["testmod-TestBox","HushsDoor","Damocles","testmod-TurbochargingSystem","Astrolabe","Regal Pillow","Tiny Chest","testmod-Acrobat","Orichalcum","testmod-Justice","testmod-IntensifyImprint","War Paint","Vajra","testmod-Maize","Anchor"],"acts_visited":["Exordium"],"potions_floor_usage":[16],"damage_taken":[{"damage":2.0,"enemies":"Jaw Worm","floor":1.0,"turns":4.0},{"damage":0.0,"enemies":"Cultist","floor":3.0,"turns":3.0},{"damage":0.0,"enemies":"Small Slimes","floor":4.0,"turns":4.0},{"damage":0.0,"enemies":"Exordium Wildlife","floor":5.0,"turns":3.0},{"damage":7.0,"enemies":"Exordium Thugs","floor":7.0,"turns":5.0},{"damage":0.0,"enemies":"Red Slaver","floor":8.0,"turns":2.0},{"damage":0.0,"enemies":"Looter","floor":11.0,"turns":2.0},{"damage":0.0,"enemies":"3 Louse","floor":13.0,"turns":2.0},{"damage":0.0,"enemies":"Exordium Thugs","floor":14.0,"turns":3.0},{"damage":5,"enemies":"Hexaghost","floor":16,"turns":2}],"seed_played":"-7695272255235633163","potions_obtained":[{"floor":3.0,"key":"Fire Potion"},{"floor":5.0,"key":"FocusPotion"},{"floor":13.0,"key":"SpeedPotion"},{"floor":14.0,"key":"SneckoOil"}],"is_trial":false,"path_per_floor":["M","T","M","M","M","R","M","M","T","R","M","?","M","M","R","B"],"character_chosen":"DEFECT","items_purchased":[],"campfire_rested":0,"item_purchase_floors":[],"current_hp_per_floor":[66,66,66,66,66,66,59,59,59,59,59,59,59,59,59,0,0],"gold":346,"neow_bonus":"BOSS_RELIC","is_daily":false,"chose_seed":false,"campfire_upgraded":3,"win_rate":0.0,"timestamp":1611490180,"path_taken":["M","?","M","M","M","R","M","M","T","R","M","?","M","?","R","BOSS"],"items_purchased_type":[],"build_version":"2020-12-22","purchased_purges":0,"victory":false,"max_hp_per_floor":[75,75,75,75,75,75,75,75,75,75,75,75,75,75,75,75,75],"card_choices":[{"not_picked":["Rip and Tear","Steam Power"],"picked":"Tempest","floor":1.0},{"not_picked":["Gash","Redo"],"picked":"Ball Lightning","floor":3.0},{"not_picked":["Barrage","Turbo"],"picked":"Coolheaded","floor":4.0},{"not_picked":["Sweeping Beam","Beam Cell"],"picked":"Coolheaded","floor":5.0},{"not_picked":["Hologram","Leap"],"picked":"Chill","floor":7.0},{"not_picked":["Barrage","Gash"],"picked":"BootSequence","floor":8.0},{"not_picked":["Turbo","Redo"],"picked":"Tempest","floor":11.0},{"not_picked":["Hello World","Go for the Eyes"],"picked":"Thunder Strike","floor":13.0},{"not_picked":["Darkness","Go for the Eyes","Conserve Battery"],"picked":"SKIP","floor":14.0}],"player_experience":236452,"relics_obtained":[{"floor":1.0,"key":"Regal Pillow"},{"floor":3.0,"key":"Tiny Chest"},{"floor":4.0,"key":"testmod-Acrobat"},{"floor":5.0,"key":"Orichalcum"},{"floor":7.0,"key":"testmod-Justice"},{"floor":8.0,"key":"testmod-IntensifyImprint"},{"floor":9.0,"key":"War Paint"},{"floor":11.0,"key":"Vajra"},{"floor":13.0,"key":"testmod-Maize"},{"floor":14.0,"key":"Anchor"}],"event_choices":[{"damage_healed":0.0,"max_hp_gain":0.0,"max_hp_loss":0.0,"gold_gain":56.0,"event_name":"Golden Wing","player_choice":"Gained Gold","floor":12.0,"gold_loss":0.0,"damage_taken":0.0}],"is_beta":false,"boss_relics":[],"items_purged_floors":[],"is_endless":false,"potions_floor_spawned":[3,5,13,14],"killed_by":"Hexaghost","ascension_level":9}}