{"host":"17uzppmr1r5fe5jj","time":1611518150,"event":{"mods":["BaseMod","Minty Spire (QoL Compilation)","Quick Restart","StSLib","[IsaacMod]ÒÔÈö¼âËþ"],"gold_per_floor":[115,190,190,206,226,226,257,257,257,284,295,470,470,499,499,499,499],"floor_reached":16,"language":"ZHS","playtime":527,"items_purged":[],"score":197,"play_id":"3cc51c05-0a45-4011-9001-0e9179a6083f","local_time":"20210125035550","is_ascension_mode":true,"campfire_choices":[{"data":"Armaments","floor":6.0,"key":"SMITH"},{"data":"Fiend Fire","floor":8.0,"key":"SMITH"},{"data":"Wild Strike","floor":13.0,"key":"SMITH"},{"data":"Entrench","floor":15,"key":"SMITH"}],"circlet_count":0,"master_deck":["Strike_R","Strike_R","Strike_R","Strike_R","Strike_R","Defend_R","Defend_R","Defend_R","Defend_R","Bash","Second Wind","Regret","Armaments+1","Fiend Fire+1","Battle Trance","Wild Strike+1","Body Slam","Doubt","Entrench+1"],"relics":["Burning Blood","HushsDoor","PillsDrop","NeowsBlessing","DoctorsRemote","Question Card","Mummified Hand","Darkstone Periapt","Bag of Marbles"],"acts_visited":["Exordium"],"potions_floor_usage":[16],"damage_taken":[{"damage":0.0,"enemies":"2 Louse","floor":1.0,"turns":1.0},{"damage":0.0,"enemies":"Small Slimes","floor":4.0,"turns":2.0},{"damage":0.0,"enemies":"Cultist","floor":5.0,"turns":1.0},{"damage":0.0,"enemies":"Lagavulin","floor":7.0,"turns":3.0},{"damage":19.0,"enemies":"Gremlin Nob","floor":10.0,"turns":3.0},{"damage":20.0,"enemies":"Large Slime","floor":11.0,"turns":2.0},{"damage":10,"enemies":"3 Sentries","floor":14,"turns":2},{"damage":59,"enemies":"Hexaghost","floor":16,"turns":9}],"seed_played":"2362975585901604571","potions_obtained":[{"floor":4.0,"key":"EntropicBrew"},{"floor":7.0,"key":"Fruit Juice"},{"floor":11.0,"key":"Dexterity Potion"}],"is_trial":false,"path_per_floor":["M","?","?","M","M","R","E","R","T","E","M","?","R","E","R","B"],"character_chosen":"IRONCLAD","items_purchased":[],"campfire_rested":0,"item_purchase_floors":[],"current_hp_per_floor":[80,69,69,78,78,78,83,83,83,73,62,68,68,67,67,8,8],"gold":499,"neow_bonus":"THREE_ENEMY_KILL","is_daily":false,"chose_seed":false,"campfire_upgraded":4,"win_rate":0.0,"timestamp":1611518150,"path_taken":["M","?","?","?","M","R","E","R","T","E","M","?","R","E","R","BOSS"],"items_purchased_type":[],"build_version":"2020-12-22","purchased_purges":0,"victory":false,"max_hp_per_floor":[80,80,80,83,78,78,83,83,83,86,89,95,95,98,98,98,98],"card_choices":[{"not_picked":[],"picked":"Bomb","floor":0.0},{"not_picked":["Bomb","Sever Soul"],"picked":"Second Wind","floor":1.0},{"not_picked":["Havoc","Headbutt"],"picked":"Armaments","floor":4.0},{"not_picked":["Pommel Strike","Pummel"],"picked":"Fiend Fire","floor":5.0},{"not_picked":["Armaments","Shockwave"],"picked":"Battle Trance","floor":7.0},{"not_picked":["Disarm","Perfected Strike","Blood for Blood"],"picked":"Wild Strike","floor":10.0},{"not_picked":["Pommel Strike","Dual Wield","Havoc"],"picked":"Body Slam","floor":11.0},{"not_picked":["Perfected Strike","Whirlwind","Rupture"],"picked":"Entrench","floor":14}],"player_experience":113022,"relics_obtained":[{"floor":7.0,"key":"Question Card"},{"floor":9.0,"key":"Mummified Hand"},{"floor":10.0,"key":"Darkstone Periapt"},{"floor":14,"key":"Bag of Marbles"}],"event_choices":[{"damage_healed":0.0,"max_hp_gain":0.0,"max_hp_loss":0.0,"gold_gain":75.0,"event_name":"World of Goop","player_choice":"Gather Gold","floor":2.0,"gold_loss":0.0,"damage_taken":11.0},{"damage_healed":0.0,"max_hp_gain":0.0,"max_hp_loss":0.0,"gold_gain":0.0,"event_name":"Big Fish","player_choice":"Box","floor":3.0,"gold_loss":0.0,"damage_taken":0.0,"relics_obtained":["DoctorsRemote"],"cards_obtained":["Regret"]},{"damage_healed":0.0,"max_hp_gain":0.0,"max_hp_loss":0.0,"gold_gain":175.0,"event_name":"Liars Game","player_choice":"AGREE","floor":12.0,"gold_loss":0.0,"damage_taken":0.0,"cards_obtained":["Doubt"]}],"is_beta":false,"boss_relics":[],"items_purged_floors":[],"is_endless":false,"potions_floor_spawned":[4,7,11],"killed_by":"Hexaghost","ascension_level":4}}