{"host":"lnt5dzsuhru0aonl","time":1611474479,"event":{"mods":["2.2 Compatiblity","BaseMod","Colored Map","Colored Powertips","DeckTracker","Keyboard Shortcuts","Minty Spire (QoL Compilation)","Permanent Neow","Rare Cards Sparkle","StSLib","SuperFastMode","everything is the same but u backflip on backflip"],"gold_per_floor":[113,129,109,128,139,139,158,7,32,44,54,79,79,96,96,96,96],"floor_reached":16,"language":"KOR","playtime":282,"items_purged":["Strike_B"],"score":212,"play_id":"e63185c1-ee0f-4214-a7d4-4cd72c1d52e3","local_time":"20210124164759","is_ascension_mode":true,"campfire_choices":[{"data":"Static Discharge","floor":6.0,"key":"SMITH"},{"data":"Loop","floor":13,"key":"SMITH"},{"floor":15,"key":"REST"}],"circlet_count":0,"master_deck":["AscendersBane","Strike_B+1","Strike_B+1","Strike_B","Defend_B","Defend_B","Defend_B","Defend_B","Zap","Dualcast","Turbo","Static Discharge+1","Storm","Heatsinks","Defragment","Chill","Tempest","Loop+1","Steam"],"relics":["Cracked Core","NeowsBlessing","Whetstone","Bronze Scales"],"acts_visited":["Exordium"],"potions_floor_usage":[7,7,16],"damage_taken":[{"damage":0.0,"enemies":"Cultist","floor":1.0,"turns":1.0},{"damage":0.0,"enemies":"Jaw Worm","floor":2.0,"turns":1.0},{"damage":0.0,"enemies":"2 Louse","floor":4.0,"turns":1.0},{"damage":12.0,"enemies":"Looter","floor":5.0,"turns":4.0},{"damage":0,"enemies":"3 Louse","floor":7,"turns":2},{"damage":13,"enemies":"Blue Slaver","floor":10,"turns":3},{"damage":4,"enemies":"Lots of Slimes","floor":11,"turns":4},{"damage":19,"enemies":"Lagavulin","floor":12,"turns":6},{"damage":11,"enemies":"Looter","floor":14,"turns":2},{"damage":29,"enemies":"The Guardian","floor":16,"turns":6}],"seed_played":"-719776802642754002","potions_obtained":[{"floor":2.0,"key":"Dexterity Potion"},{"floor":3.0,"key":"PowerPotion"},{"floor":5.0,"key":"BlessingOfTheForge"},{"floor":7,"key":"FearPotion"},{"floor":14,"key":"SpeedPotion"}],"is_trial":false,"path_per_floor":["M","M","?","M","M","R","M","$","T","M","M","E","R","M","R","B"],"character_chosen":"DEFECT","items_purchased":["Defragment"],"campfire_rested":1,"item_purchase_floors":[8],"current_hp_per_floor":[64,64,64,64,52,52,52,52,52,39,35,16,16,5,26,0,0],"gold":96,"neow_bonus":"THREE_ENEMY_KILL","is_daily":false,"chose_seed":false,"campfire_upgraded":2,"win_rate":0.0,"timestamp":1611474479,"path_taken":["M","?","?","?","M","R","M","$","T","M","M","E","R","M","R","BOSS"],"items_purchased_type":["Card"],"build_version":"2020-12-22","purchased_purges":1,"victory":false,"max_hp_per_floor":[71,71,71,71,71,71,71,71,71,71,71,71,71,71,71,71,71],"card_choices":[{"not_picked":["Redo","Steam"],"picked":"Turbo","floor":1.0},{"not_picked":["Hello World","Auto Shields"],"picked":"Static Discharge","floor":2.0},{"not_picked":["Fusion","Rebound","Gash"],"picked":"SKIP","floor":4.0},{"not_picked":["Beam Cell","Ball Lightning"],"picked":"Storm","floor":5.0},{"not_picked":["Ball Lightning","White Noise"],"picked":"Heatsinks","floor":7},{"not_picked":["Stack","Reprogram"],"picked":"Chill","floor":10},{"not_picked":["Conserve Battery","Steam"],"picked":"Tempest","floor":11},{"not_picked":["Streamline","Turbo"],"picked":"Loop","floor":12},{"not_picked":["Cold Snap","Melter"],"picked":"Steam","floor":14}],"player_experience":741606,"relics_obtained":[{"floor":9,"key":"Whetstone"},{"floor":12,"key":"Bronze Scales"}],"event_choices":[{"damage_healed":0.0,"max_hp_gain":0.0,"max_hp_loss":0.0,"gold_gain":0.0,"event_name":"The Woman in Blue","player_choice":"Bought 1 Potion","floor":3.0,"gold_loss":0.0,"damage_taken":0.0}],"is_beta":false,"boss_relics":[],"items_purged_floors":[8],"is_endless":false,"potions_floor_spawned":[2,5,7,14],"killed_by":"The Guardian","ascension_level":20}}