{"host":"v0dnu0zs4qo0v13s","time":1611526611,"event":{"mods":["BaseMod","Colored Map","Colored Powertips","Minty Spire (QoL Compilation)","Relic Stats","StSLib","SuperFastMode","everything is the same but u backflip on backflip"],"gold_per_floor":[115,129,54,68,83,116,116,145,192,225,237,275,305,348,360,468,480,509,533,525,98,108,139,139,173,200,212,237,237,237],"floor_reached":29,"language":"ENG","playtime":1851,"items_purged":["Strike_P","Strike_P"],"score":597,"play_id":"3f8005d5-72c8-44af-a715-44cedfeb03c8","local_time":"20210124171651","is_ascension_mode":true,"campfire_choices":[{"floor":7.0,"key":"REST"},{"floor":11.0,"key":"REST"},{"floor":15.0,"key":"REST"},{"floor":24.0,"key":"REST"}],"circlet_count":0,"master_deck":["AscendersBane","Strike_P","Strike_P","Defend_P+1","Defend_P+1","Defend_P+1","Defend_P","Eruption","Vigilance+1","Collect","WheelKick+1","TalkToTheHand+1","ClearTheMind","LessonLearned+1","FlurryOfBlows+1","ClearTheMind+1","FlurryOfBlows+1","Worship","Indignation","Brilliance+1","FlurryOfBlows+1","Adaptation","InnerPeace","EmptyBody","FearNoEvil+1","Wireheading","Tantrum+1","Doubt","Prostrate"],"relics":["VioletLotus","Lantern","Molten Egg 2","Damaru","MawBank","Du-Vu Doll","Bird Faced Urn","Cursed Key","PreservedInsect","Sundial","Ancient Tea Set","Darkstone Periapt"],"acts_visited":["Exordium","TheCity"],"potions_floor_usage":[],"damage_taken":[{"damage":2.0,"enemies":"Cultist","floor":1.0,"turns":3.0},{"damage":9.0,"enemies":"2 Louse","floor":2.0,"turns":3.0},{"damage":8.0,"enemies":"Jaw Worm","floor":4.0,"turns":4.0},{"damage":6.0,"enemies":"Blue Slaver","floor":5.0,"turns":3.0},{"damage":12.0,"enemies":"Lagavulin","floor":6.0,"turns":5.0},{"damage":15.0,"enemies":"3 Sentries","floor":8.0,"turns":8.0},{"damage":0.0,"enemies":"Lagavulin","floor":10.0,"turns":5.0},{"damage":17.0,"enemies":"3 Sentries","floor":12.0,"turns":7.0},{"damage":7.0,"enemies":"2 Fungi Beasts","floor":13.0,"turns":4.0},{"damage":0.0,"enemies":"Lagavulin","floor":14.0,"turns":5.0},{"damage":9.0,"enemies":"The Guardian","floor":16.0,"turns":7.0},{"damage":1.0,"enemies":"3 Byrds","floor":18.0,"turns":5.0},{"damage":4.0,"enemies":"Chosen","floor":19.0,"turns":2.0},{"damage":5.0,"enemies":"3 Cultists","floor":22.0,"turns":4.0},{"damage":31.0,"enemies":"Slavers","floor":23.0,"turns":5.0},{"damage":6.0,"enemies":"Book of Stabbing","floor":25.0,"turns":3.0},{"damage":22.0,"enemies":"Shelled Parasite and Fungi","floor":27.0,"turns":3.0},{"damage":28.0,"enemies":"Gremlin Leader","floor":28.0,"turns":4.0},{"damage":0,"enemies":"Snake Plant","floor":29,"turns":1}],"seed_played":"7230202283583439716","potions_obtained":[{"floor":5.0,"key":"Fire Potion"},{"floor":8.0,"key":"AttackPotion"},{"floor":12.0,"key":"BlessingOfTheForge"},{"floor":13.0,"key":"Ancient Potion"},{"floor":16.0,"key":"Weak Potion"},{"floor":18.0,"key":"Ancient Potion"},{"floor":20.0,"key":"PowerPotion"},{"floor":28.0,"key":"Strength Potion"}],"is_trial":false,"path_per_floor":["M","M","$","M","M","E","R","E","T","E","R","E","M","E","R","B",null,"M","M","?","$","M","E","R","E","T","M","E","M"],"character_chosen":"WATCHER","items_purchased":["InnerPeace","EmptyBody","FearNoEvil+1","Wireheading","Fruit Juice"],"campfire_rested":4,"item_purchase_floors":[21,21,21,21,21],"current_hp_per_floor":[63,54,54,46,40,28,49,34,34,34,55,38,31,31,52,43,65,64,60,60,65,62,33,56,52,52,34,10,10,10],"gold":237,"neow_bonus":"BOSS_RELIC","is_daily":false,"chose_seed":false,"campfire_upgraded":0,"win_rate":0.0,"timestamp":1611526611,"path_taken":["M","?","$","M","M","E","R","E","T","E","R","E","M","E","R","BOSS","M","M","?","$","M","E","R","E","T","M","E","M"],"items_purchased_type":["Card","Card","Card","Card","Potion"],"build_version":"2020-12-22","purchased_purges":2,"victory":false,"max_hp_per_floor":[72,72,72,72,72,72,72,72,72,72,72,72,72,72,72,72,72,72,72,72,77,77,77,77,77,77,77,77,77,77],"relic_stats":{"Darkstone Periapt":0,"counters":[19,81],"Sundial":[0],"Bird Faced Urn":[14],"VioletLotus":[23],"PreservedInsect":89,"MawBank":132,"Cursed Key":1,"obtain_stats":[{"Darkstone Periapt":28,"Lantern":6,"Damaru":9,"PreservedInsect":23,"MawBank":10,"Cursed Key":17,"Ancient Tea Set":26,"Du-Vu Doll":12,"Sundial":25,"Bird Faced Urn":14,"Molten Egg 2":8,"VioletLotus":0,"PureWater":0},{"Darkstone Periapt":18,"Lantern":5,"Damaru":6,"PreservedInsect":15,"MawBank":7,"Cursed Key":11,"Ancient Tea Set":16,"Du-Vu Doll":8,"Sundial":16,"Bird Faced Urn":10,"Molten Egg 2":6,"VioletLotus":0,"PureWater":0},{"Darkstone Periapt":80,"Lantern":18,"Damaru":26,"PreservedInsect":70,"MawBank":31,"Cursed Key":54,"Ancient Tea Set":73,"Du-Vu Doll":38,"Sundial":73,"Bird Faced Urn":47,"Molten Egg 2":26,"VioletLotus":0,"PureWater":0}]},"card_choices":[{"not_picked":["CrushJoints","PathToVictory"],"picked":"Collect","floor":1.0},{"not_picked":["Consecrate","CrushJoints"],"picked":"WheelKick","floor":2.0},{"not_picked":["FollowUp","Worship"],"picked":"TalkToTheHand","floor":4.0},{"not_picked":["FlyingSleeves","PathToVictory"],"picked":"ClearTheMind","floor":5.0},{"not_picked":["Study","Sanctity"],"picked":"LessonLearned","floor":6.0},{"not_picked":["Sanctity","Pray"],"picked":"FlurryOfBlows+1","floor":8.0},{"not_picked":["Conclude+1","CrushJoints+1"],"picked":"ClearTheMind","floor":10.0},{"not_picked":["ThirdEye","FlyingSleeves+1"],"picked":"FlurryOfBlows+1","floor":12.0},{"not_picked":["CrushJoints+1","SashWhip+1"],"picked":"Worship","floor":13.0},{"not_picked":["Blasphemy","FollowUp+1"],"picked":"Indignation","floor":14.0},{"not_picked":["Blasphemy","Alpha"],"picked":"Brilliance+1","floor":16.0},{"not_picked":["Swivel","CutThroughFate+1"],"picked":"FlurryOfBlows+1","floor":18.0},{"not_picked":["Evaluate","Consecrate+1"],"picked":"Adaptation","floor":19.0},{"not_picked":["Halt","Pray","FollowUp+1"],"picked":"SKIP","floor":22.0},{"not_picked":["Adaptation","EmptyBody","DeceiveReality"],"picked":"SKIP","floor":23.0},{"not_picked":["Prostrate","FlyingSleeves+1"],"picked":"Tantrum+1","floor":25.0},{"not_picked":["Weave+1","Indignation","BattleHymn"],"picked":"SKIP","floor":27.0},{"not_picked":["LessonLearned+1","CutThroughFate+1"],"picked":"Prostrate","floor":28.0}],"player_experience":712080,"relics_obtained":[{"floor":6.0,"key":"Lantern"},{"floor":8.0,"key":"Molten Egg 2"},{"floor":9.0,"key":"Damaru"},{"floor":10.0,"key":"MawBank"},{"floor":12.0,"key":"Du-Vu Doll"},{"floor":14.0,"key":"Bird Faced Urn"},{"floor":23.0,"key":"PreservedInsect"},{"floor":25.0,"key":"Sundial"},{"floor":26.0,"key":"Ancient Tea Set"},{"floor":28.0,"key":"Darkstone Periapt"}],"event_choices":[{"damage_healed":0.0,"max_hp_gain":0.0,"max_hp_loss":0.0,"gold_gain":0.0,"event_name":"The Woman in Blue","player_choice":"Bought 1 Potion","floor":20.0,"gold_loss":0.0,"damage_taken":0.0}],"is_beta":false,"boss_relics":[{"not_picked":["Empty Cage","Runic Dome"],"picked":"Cursed Key"}],"items_purged_floors":[3,21],"is_endless":false,"potions_floor_spawned":[5,8,12,13,16,18,28],"killed_by":"Snake Plant","ascension_level":12}}