{"host":"v6z4ef7b9ohrfzi9","time":1611452094,"event":{"mods":["2.2 Compatiblity","Act Like it!","Aspiration","BaseMod","Better Altar","Better Match","Better Sensory Stone","Better Third Choice","BetterRewards","Conspire","Downfall","Gensokyo","Minty Spire (QoL Compilation)","Replay The Spire","Shade Mod","Shop Mod","Spicy Shops","StSLib","Swap Starting Deck Mod","The Administrix","The Senshi"],"gold_per_floor":[115,129,146,156,431,442,442,442],"floor_reached":7,"language":"DEU","playtime":1033,"items_purged":[],"score":45,"play_id":"98cf2d2f-d668-4ec5-b831-f4bb5eced1ce","local_time":"20210124023454","is_ascension_mode":false,"campfire_choices":[],"circlet_count":0,"master_deck":["theSenshi:SailorKick","theSenshi:SailorKick","theSenshi:SailorKick","theSenshi:SailorKick","theSenshi:SailorBlock","theSenshi:SailorBlock","theSenshi:SailorBlock","theSenshi:SailorBlock","theSenshi:RoseThrow","theSenshi:MoonPrismPowerMakeUp","theSenshi:SailorPlanetAttack","theSenshi:SailorStarMakerAssists","theSenshi:EncouragingSpeech","Regret","theSenshi:MoonGorgeousMeditation"],"relics":["theSenshi:TransformationBroochRelic","NeowsBlessing"],"acts_visited":["Exordium"],"potions_floor_usage":[7],"damage_taken":[{"damage":0,"enemies":"Cultist","floor":1,"turns":1},{"damage":0,"enemies":"2 Louse","floor":2,"turns":1},{"damage":0,"enemies":"Jaw Worm","floor":3,"turns":1},{"damage":13,"enemies":"conspire:2 RoseBushes","floor":4,"turns":6},{"damage":27,"enemies":"Gremlin Gang","floor":6,"turns":7},{"damage":38,"enemies":"3 Sentries","floor":7,"turns":6}],"seed_played":"-3926255123546312681","potions_obtained":[{"floor":1,"key":"Fire Potion"}],"is_trial":false,"path_per_floor":["M","M","M","M","?","M","E"],"character_chosen":"THE_SENSHI","items_purchased":[],"campfire_rested":0,"item_purchase_floors":[],"current_hp_per_floor":[75,75,75,62,62,35,0,0],"gold":442,"neow_bonus":"THREE_ENEMY_KILL","is_daily":false,"chose_seed":false,"campfire_upgraded":0,"win_rate":0.0,"timestamp":1611452094,"path_taken":["M","M","?","M","?","?","E"],"items_purchased_type":[],"build_version":"2020-12-22","purchased_purges":0,"victory":false,"max_hp_per_floor":[75,75,75,75,75,75,75,75],"card_choices":[{"not_picked":["theSenshi:SailorPlanetPower","theSenshi:MoonPunch"],"picked":"theSenshi:SailorPlanetAttack","floor":1},{"not_picked":["theSenshi:TuxedoSmokingBomber","theSenshi:SailorMarsAssists","theSenshi:SailorVenusAssists"],"picked":"SKIP","floor":2},{"not_picked":["theSenshi:SailorChibiMoonAssists","theSenshi:SupersonicWaves"],"picked":"theSenshi:SailorStarMakerAssists","floor":3},{"not_picked":["theSenshi:SupersonicWaves","theSenshi:GatheringStrength"],"picked":"theSenshi:EncouragingSpeech","floor":4},{"not_picked":["theSenshi:SailorVenusAssists","theSenshi:MoonPunch"],"picked":"theSenshi:MoonGorgeousMeditation","floor":6}],"player_experience":1575205,"relics_obtained":[],"event_choices":[{"damage_healed":0,"gold_gain":275,"player_choice":"Desecrate","damage_taken":0,"max_hp_gain":0,"max_hp_loss":0,"event_name":"Golden Shrine","floor":5,"gold_loss":0,"cards_obtained":["Regret"]}],"is_beta":false,"boss_relics":[],"items_purged_floors":[],"is_endless":false,"potions_floor_spawned":[1],"killed_by":"3 Sentries","ascension_level":0}}