{"host":"0qevis500jgmlc2v","time":1611484003,"event":{"mods":["Act Like it!","Aspiration","BaseMod","Conspire","Energized Spire","Friendly Minions","GifTheSpireLib","Hubris","Minty Spire (QoL Compilation)","Pale of the Ancients","Quick Restart","Shop Mod","StSLib","vexMod","【功能Mod】聪明的最终Boss"],"gold_per_floor":[118,193,193,193,203,203,223,255,336,347,347,7,18,32,32,32,32],"floor_reached":16,"language":"ZHS","playtime":3345,"items_purged":["Strike_G"],"score":204,"play_id":"683959a5-d234-4dda-bd29-286b3abe5170","local_time":"20210124182643","is_ascension_mode":true,"campfire_choices":[{"data":"Blade Dance","floor":6.0,"key":"SMITH"},{"data":"Finisher","floor":11.0,"key":"SMITH"},{"data":"Panacea","floor":15.0,"key":"SMITH"}],"circlet_count":0,"master_deck":["AscendersBane","Strike_G","Strike_G","Strike_G","Strike_G","Defend_G","Defend_G","Defend_G","Defend_G","Defend_G","Survivor","Neutralize+1","Blade Dance+1","Dagger Throw","Finisher+1","Choke","Backflip","Panacea+1","Footwork","Well Laid Plans","Grand Finale"],"relics":["Ring of the Snake","hubris:BundleOfHerbs","hubris:CuriousFeather","Akabeko","Kunai","Membership Card"],"acts_visited":["Exordium"],"potions_floor_usage":[16,16],"damage_taken":[{"damage":4.0,"enemies":"Small Slimes","floor":1.0,"turns":4.0},{"damage":0.0,"enemies":"2 Louse","floor":5.0,"turns":7.0},{"damage":3.0,"enemies":"conspire:RoseBush","floor":7.0,"turns":5.0},{"damage":44.0,"enemies":"3 Sentries","floor":8.0,"turns":14.0},{"damage":0.0,"enemies":"Red Slaver","floor":10.0,"turns":2.0},{"damage":5.0,"enemies":"Gremlin Gang","floor":13.0,"turns":10.0},{"damage":9.0,"enemies":"conspire:2 RoseBushes","floor":14.0,"turns":7.0},{"damage":21,"enemies":"Slime Boss","floor":16,"turns":4}],"seed_played":"-7608665080385306266","potions_obtained":[{"floor":8.0,"key":"Fruit Juice"},{"floor":10.0,"key":"Weak Potion"},{"floor":13.0,"key":"Swift Potion"}],"is_trial":false,"path_per_floor":["M","?","?","?","M","R","M","E","T","M","R","$","M","M","R","B"],"character_chosen":"THE_SILENT","items_purchased":["Membership Card","Backflip","Panacea","Footwork","Energy Potion"],"campfire_rested":0,"item_purchase_floors":[12,12,12,12,12],"current_hp_per_floor":[55,44,33,33,54,54,51,12,12,12,12,12,27,18,18,0,0],"gold":32,"neow_bonus":"ONE_RARE_RELIC","is_daily":false,"chose_seed":false,"campfire_upgraded":3,"win_rate":0.0,"timestamp":1611484003,"path_taken":["M","?","?","?","M","R","M","E","T","M","R","$","M","M","R","BOSS"],"items_purchased_type":["Relic","Card","Card","Card","Potion"],"build_version":"2020-12-22","purchased_purges":1,"victory":false,"max_hp_per_floor":[60,60,60,60,60,60,60,65,65,65,65,65,65,65,65,65,65],"card_choices":[{"not_picked":["Prepared","Deadly Poison"],"picked":"Blade Dance","floor":1.0},{"not_picked":["Quick Slash","Flying Knee"],"picked":"Dagger Throw","floor":5.0},{"not_picked":["Dagger Throw","Flechettes","Heel Hook"],"picked":"SKIP","floor":7.0},{"not_picked":["Underhanded Strike","Crippling Poison"],"picked":"Finisher","floor":8.0},{"not_picked":["Flying Knee","Leg Sweep"],"picked":"Choke","floor":10.0},{"not_picked":["Distraction","Dagger Spray"],"picked":"Well Laid Plans","floor":13.0},{"not_picked":["Predator","Flying Knee"],"picked":"Grand Finale","floor":14.0}],"player_experience":757951,"relics_obtained":[{"floor":8.0,"key":"Akabeko"},{"floor":9.0,"key":"Kunai"}],"event_choices":[{"damage_healed":0.0,"max_hp_gain":0.0,"max_hp_loss":0.0,"gold_gain":75.0,"event_name":"World of Goop","player_choice":"Gather Gold","floor":2.0,"gold_loss":0.0,"damage_taken":11.0},{"damage_healed":0.0,"max_hp_gain":0.0,"max_hp_loss":0.0,"gold_gain":0.0,"event_name":"Scrap Ooze","player_choice":"Success","floor":3.0,"gold_loss":0.0,"damage_taken":11.0,"relics_obtained":["hubris:CuriousFeather"]},{"damage_healed":0.0,"max_hp_gain":0.0,"max_hp_loss":0.0,"gold_gain":0.0,"event_name":"Accursed Blacksmith","player_choice":"Forge","floor":4.0,"gold_loss":0.0,"damage_taken":0.0,"cards_upgraded":["Neutralize"]}],"is_beta":false,"boss_relics":[],"items_purged_floors":[12],"is_endless":false,"potions_floor_spawned":[8,10,13,14],"killed_by":"Slime Boss","ascension_level":20}}