{"host":"nsxzlb359hv0da5z","time":1611446727,"event":{"mods":["BaseMod","Bestiary","Colored Map","Minty Spire (QoL Compilation)","Permanent Neow","Relic Stats","Slay the Relics Exporter","ojb\u0027s Info Mod"],"gold_per_floor":[219,219,235,58,75,75,104,104,151,151,162,179,211,229,229,229,229],"floor_reached":16,"language":"ENG","playtime":973,"items_purged":[],"score":196,"play_id":"3050e826-7921-409b-a8ad-42437412d0ff","local_time":"20210123160527","is_ascension_mode":true,"campfire_choices":[{"data":"Bash","floor":6,"key":"SMITH"},{"data":"Hemokinesis","floor":8,"key":"SMITH"},{"data":"Cleave","floor":10,"key":"SMITH"},{"data":"Disarm","floor":15,"key":"SMITH"}],"circlet_count":0,"master_deck":["AscendersBane","Strike_R","Strike_R","Strike_R","Strike_R","Strike_R","Defend_R","Defend_R","Defend_R","Defend_R","Bash+1","Hemokinesis+1","Disarm+1","Thunderclap","Cleave+1","Barricade","Battle Trance","Whirlwind","Ghostly Armor","Sword Boomerang"],"relics":["Burning Blood","Oddly Smooth Stone","Tiny Chest","Vajra","MealTicket"],"acts_visited":["Exordium"],"potions_floor_usage":[7,12,16,16],"damage_taken":[{"damage":10,"enemies":"Jaw Worm","floor":1,"turns":6},{"damage":10,"enemies":"Small Slimes","floor":3,"turns":6},{"damage":2,"enemies":"Cultist","floor":5,"turns":3},{"damage":54,"enemies":"Lagavulin","floor":7,"turns":6},{"damage":13,"enemies":"Looter","floor":11,"turns":2},{"damage":2,"enemies":"Exordium Wildlife","floor":12,"turns":2},{"damage":20,"enemies":"3 Sentries","floor":13,"turns":4},{"damage":0,"enemies":"3 Louse","floor":14,"turns":1},{"damage":20,"enemies":"Hexaghost","floor":16,"turns":11}],"seed_played":"3276493333234809461","potions_obtained":[{"floor":1,"key":"Fire Potion"},{"floor":3,"key":"Regen Potion"},{"floor":12,"key":"SpeedPotion"},{"floor":13,"key":"Block Potion"}],"is_trial":false,"path_per_floor":["M","?","M","$","M","R","E","R","T","R","M","M","E","M","R","B"],"character_chosen":"IRONCLAD","items_purchased":["Oddly Smooth Stone","Thunderclap"],"campfire_rested":0,"item_purchase_floors":[4,4],"current_hp_per_floor":[64,64,60,60,64,64,31,31,31,31,24,28,14,20,20,0,0],"gold":229,"neow_bonus":"HUNDRED_GOLD","is_daily":false,"chose_seed":false,"campfire_upgraded":4,"win_rate":0.0,"timestamp":1611446727,"path_taken":["M","?","M","$","M","R","E","R","T","R","M","M","E","M","R","BOSS"],"items_purchased_type":["Relic","Card"],"build_version":"2020-12-22","purchased_purges":0,"victory":false,"max_hp_per_floor":[75,75,75,75,75,75,75,75,75,75,75,75,75,75,75,75,75],"relic_stats":{"counters":[9,41],"Tiny Chest":0,"MealTicket":0,"obtain_stats":[{"Oddly Smooth Stone":4,"Vajra":9,"Tiny Chest":7,"MealTicket":13,"Burning Blood":0},{"Oddly Smooth Stone":2,"Vajra":4,"Tiny Chest":4,"MealTicket":7,"Burning Blood":0},{"Oddly Smooth Stone":12,"Vajra":21,"Tiny Chest":21,"MealTicket":29,"Burning Blood":0}],"Burning Blood":48},"card_choices":[{"not_picked":["Shockwave","Pommel Strike"],"picked":"Hemokinesis","floor":1},{"not_picked":["Iron Wave","Twin Strike"],"picked":"Disarm","floor":3},{"not_picked":["Flex","Twin Strike"],"picked":"Cleave","floor":5},{"not_picked":["Heavy Blade","Pommel Strike"],"picked":"Barricade","floor":7},{"not_picked":["Metallicize","Twin Strike"],"picked":"Battle Trance","floor":11},{"not_picked":["Thunderclap","Carnage"],"picked":"Whirlwind","floor":12},{"not_picked":["Headbutt","Pommel Strike"],"picked":"Ghostly Armor","floor":13},{"not_picked":["Clash","Wild Strike"],"picked":"Sword Boomerang","floor":14}],"player_experience":2004432,"relics_obtained":[{"floor":7,"key":"Tiny Chest"},{"floor":9,"key":"Vajra"},{"floor":13,"key":"MealTicket"}],"event_choices":[{"damage_healed":0,"gold_gain":0,"player_choice":"Leave","damage_taken":0,"max_hp_gain":0,"max_hp_loss":0,"event_name":"The Cleric","floor":2,"gold_loss":0}],"is_beta":false,"boss_relics":[],"items_purged_floors":[],"is_endless":false,"potions_floor_spawned":[1,3,12,13],"killed_by":"Hexaghost","ascension_level":15}}