{"host":"nh70f3bv2bgakzh3","time":1611483701,"event":{"mods":["BaseMod","Downfall","Minty Spire (QoL Compilation)","StSLib","The Construct","The Mystic"],"gold_per_floor":[99,114,132,151,161,161,161,192,192,205,205,72,98,198,216,313,313,313,330,358,358,378,378,378,398,308,326,359,379,399,83,94,94,94,94],"floor_reached":33,"language":"ENG","playtime":3400,"items_purged":["bronze:Strike","bronze:Strike"],"score":296,"play_id":"2cbc9439-4912-403f-9fc8-8bff0aaf9769","local_time":"20210124052141","is_ascension_mode":false,"campfire_choices":[{"data":"bronze:Replicate","floor":1,"key":"SMITH"},{"data":"bronze:BugBarrage","floor":6,"key":"SMITH"},{"data":"bronze:Terminator","floor":11,"key":"SMITH"},{"data":"bronze:MaxOutput","floor":18,"key":"SMITH"},{"data":"bronze:ShipIt","floor":23,"key":"SMITH"}],"circlet_count":0,"master_deck":["bronze:Strike","bronze:Strike","bronze:Defend","bronze:Defend+1","bronze:Defend","bronze:Defend","bronze:Replicate+1","bronze:Goto","bronze:GetLatest","bronze:BugBarrage+1","bronze:MaxOutput+1","bronze:WildBeam","bronze:Terminator+1","bronze:Branch","bronze:ShipIt+1","bronze:Shield","bronze:Mutator","bronze:BronzeOrb","bronze:HardenedForm+1","bronze:CutThrough","bronze:Constructor+1","bronze:BronzeOrb","bronze:Repair","bronze:Separator","Mayhem","Madness","bronze:FollowUp"],"relics":["bronze:BronzeCore","Toy Ornithopter","HornCleat","Odd Mushroom","downfall:GremlinWheel","bronze:MakeshiftBattery","bronze:ProtectiveGoggles","Red Mask","InkBottle","Boot","bronze:CableSpool"],"acts_visited":["Exordium","TheCity"],"potions_floor_usage":[8,13,14,20,26,28,31,33],"damage_taken":[{"damage":10,"enemies":"Small Slimes","floor":2,"turns":3},{"damage":0,"enemies":"Cultist","floor":3,"turns":3},{"damage":0,"enemies":"2 Louse","floor":4,"turns":2},{"damage":0,"enemies":"Large Slime","floor":5,"turns":5},{"damage":31,"enemies":"Gremlin Nob","floor":8,"turns":5},{"damage":1,"enemies":"Exordium Thugs","floor":10,"turns":3},{"damage":0,"enemies":"downfall:FleeingMerchant","floor":12,"turns":4},{"damage":0,"enemies":"The Mushroom Lair","floor":13,"turns":2},{"damage":0,"enemies":"The Mushroom Lair","floor":14,"turns":3},{"damage":0,"enemies":"3 Louse","floor":15,"turns":2},{"damage":80,"enemies":"SI_SHIV_ARCHETYPE","floor":16,"turns":9},{"damage":4,"enemies":"Shell Parasite","floor":19,"turns":4},{"damage":28,"enemies":"Masked Bandits","floor":20,"turns":6},{"damage":0,"enemies":"Cultist and Chosen","floor":22,"turns":3},{"damage":9,"enemies":"Chosen and Byrds","floor":25,"turns":6},{"damage":0,"enemies":"downfall:FleeingMerchant","floor":26,"turns":4},{"damage":18,"enemies":"Snecko","floor":27,"turns":5},{"damage":0,"enemies":"Gremlin Leader","floor":28,"turns":5},{"damage":0,"enemies":"Snake Plant","floor":29,"turns":3},{"damage":0,"enemies":"Chosen and Byrds","floor":30,"turns":4},{"damage":0,"enemies":"downfall:FleeingMerchant","floor":31,"turns":4},{"damage":4,"enemies":"Centurion and Healer","floor":32,"turns":6},{"damage":80,"enemies":"IC_MUSHROOM_ARCHETYPE","floor":33,"turns":8}],"seed_played":"-7281310777048391669","potions_obtained":[{"floor":2,"key":"Regen Potion"},{"floor":3,"key":"hexamod:SoulburnPotion"},{"floor":10,"key":"Fire Potion"},{"floor":14,"key":"FairyPotion"},{"floor":15,"key":"Regen Potion"},{"floor":20,"key":"champ:CounterPotion"},{"floor":27,"key":"Swift Potion"},{"floor":28,"key":"hexamod:SoulburnPotion"},{"floor":30,"key":"Swift Potion"},{"floor":32,"key":"Guardian:BlockOnCardUsePotion"}],"is_trial":false,"path_per_floor":["R","M","M","M","M","R","T","E","?","M","R","$","?","?","M","B",null,"R","M","?","?","M","R","T","M","$","M","E","M","M","$","M","B"],"character_chosen":"THE_AUTOMATON","items_purchased":["bronze:ShipIt","bronze:Shield","Mayhem","bronze:CableSpool","Madness"],"campfire_rested":0,"item_purchase_floors":[12,12,31,31,31],"current_hp_per_floor":[77,67,67,67,67,67,67,53,53,52,52,52,57,62,62,6,77,77,73,56,48,48,48,48,39,44,33,45,45,45,57,60,0,0,0],"gold":94,"neow_bonus":"TEN_PERCENT_HP_BONUS","is_daily":false,"chose_seed":false,"campfire_upgraded":5,"win_rate":0.0,"timestamp":1611483701,"path_taken":["R","M","M","M","M","R","T","E","?","M","R","$","?","?","M","BOSS","R","M","?","?","M","R","T","M","$","M","E","?","M","$","M","BOSS"],"items_purchased_type":["Card","Card","Card","Relic","Card"],"build_version":"2020-12-22","purchased_purges":2,"victory":false,"max_hp_per_floor":[77,77,77,77,77,77,77,77,77,77,77,77,77,77,77,77,77,77,77,77,77,77,77,77,77,77,77,77,77,77,77,77,77,77,77],"card_choices":[{"not_picked":["bronze:Flail","bronze:ItsAFeature"],"picked":"bronze:GetLatest","floor":2},{"not_picked":["bronze:BuggyMess","bronze:Fortify"],"picked":"bronze:BugBarrage","floor":3},{"not_picked":["bronze:Frontload","bronze:Turbo","bronze:Fortify"],"picked":"SKIP","floor":4},{"not_picked":["bronze:FollowUp","bronze:FineTuning"],"picked":"bronze:MaxOutput","floor":5},{"not_picked":["bronze:WhirlingStrike","bronze:OilSpill"],"picked":"bronze:WildBeam","floor":8},{"not_picked":["bronze:Separator","bronze:Invalidate"],"picked":"bronze:Terminator","floor":10},{"not_picked":["bronze:BuggyMess","bronze:Fortify"],"picked":"bronze:Branch","floor":12},{"not_picked":["bronze:Repair","bronze:FollowUp"],"picked":"bronze:Mutator","floor":13},{"not_picked":["bronze:Iterate","bronze:Backtrace"],"picked":"bronze:BronzeOrb","floor":15},{"not_picked":["bronze:SpaghettiCode","bronze:Assembly"],"picked":"bronze:HardenedForm","floor":16},{"not_picked":["bronze:DelayedGuard","bronze:Shell+1"],"picked":"bronze:CutThrough","floor":19},{"not_picked":["bronze:DelayedSlice","bronze:ChosenStrike"],"picked":"bronze:Constructor+1","floor":20},{"not_picked":["bronze:FollowUp","bronze:ClassDefault"],"picked":"bronze:BronzeOrb","floor":22},{"not_picked":["bronze:DelayedGuard+1","bronze:Allocate+1"],"picked":"bronze:Repair","floor":25},{"not_picked":["bronze:GetLatest","bronze:Fortify","bronze:ChosenStrike"],"picked":"SKIP","floor":26},{"not_picked":["bronze:OilSpill","bronze:Shield"],"picked":"bronze:Separator","floor":27},{"not_picked":["bronze:Fortify","bronze:ChosenStrike","bronze:DelayedGuard"],"picked":"SKIP","floor":28},{"not_picked":["bronze:Frontload+1","bronze:Shield","bronze:Repair"],"picked":"SKIP","floor":29},{"not_picked":["bronze:ForLoop","bronze:BitShift","bronze:DelayedSlice"],"picked":"SKIP","floor":30},{"not_picked":["bronze:DarkDash+1","bronze:Frontload+1","bronze:FineTuning"],"picked":"SKIP","floor":31},{"not_picked":["bronze:Philosophize+1","bronze:RecursiveStrike"],"picked":"bronze:FollowUp","floor":32}],"player_experience":62053,"relics_obtained":[{"floor":7,"key":"Toy Ornithopter"},{"floor":8,"key":"HornCleat"},{"floor":13,"key":"Odd Mushroom"},{"floor":14,"key":"downfall:GremlinWheel"},{"floor":18,"key":"bronze:ProtectiveGoggles"},{"floor":20,"key":"Red Mask"},{"floor":24,"key":"InkBottle"},{"floor":28,"key":"Boot"}],"event_choices":[{"damage_healed":0,"gold_gain":0,"player_choice":"Fought Mushrooms","damage_taken":0,"max_hp_gain":0,"max_hp_loss":0,"event_name":"Mushrooms","floor":13,"gold_loss":0},{"damage_healed":0,"gold_gain":0,"player_choice":"Relic","damage_taken":0,"max_hp_gain":0,"max_hp_loss":0,"event_name":"Wheel of Change","floor":18,"gold_loss":0},{"damage_healed":0,"gold_gain":0,"player_choice":"Fought Bandits","damage_taken":0,"max_hp_gain":0,"max_hp_loss":0,"event_name":"Masked Bandits","floor":20,"gold_loss":0}],"is_beta":false,"boss_relics":[{"not_picked":["SlaversCollar","Black Star"],"picked":"bronze:MakeshiftBattery"}],"items_purged_floors":[26,31],"is_endless":false,"potions_floor_spawned":[2,3,10,14,15,20,27,28,30,32],"killed_by":"IC_MUSHROOM_ARCHETYPE","ascension_level":0}}