{"host":"4gr5irrdjh39ysed","time":1611468178,"event":{"mods":["AchievementEnabler","BaseMod","Colored Map","Downfall","Hermit","Minty Spire (QoL Compilation)","Random Character Button","StSLib","The Construct","The Cursed","The Disciple","The Hierophant","The Mystic","The Necromancer","The Runesmith"],"gold_per_floor":[109,122,137,137,37,37,48,76,76,95,95,106,56,90,90,185,185,200,215,235,108,108,108,23,23,23,23,41,67,89,130,130,242,242,261,147,147,34,34,34,72,91,166,191,232,249,271,30,30,30,30,30,30,65,65],"floor_reached":56,"language":"ENG","playtime":2643,"items_purged":["Defend_B","Defend_B"],"score":1781,"play_id":"19a3bc84-74d3-4c6c-99ec-19cb8dbc7c50","local_time":"20210123230258","is_ascension_mode":true,"campfire_choices":[{"floor":6,"key":"RECALL"},{"data":"Hyperbeam","floor":11,"key":"SMITH"},{"data":"Reprogram","floor":15,"key":"SMITH"},{"data":"Doom and Gloom","floor":23,"key":"SMITH"},{"data":"Hello World","floor":25,"key":"SMITH"},{"data":"Beam Cell","floor":27,"key":"SMITH"},{"data":"Core Surge","floor":32,"key":"SMITH"},{"data":"Gash","floor":40,"key":"SMITH"},{"data":"Scrape","floor":49,"key":"SMITH"},{"data":"Rip and Tear","floor":52,"key":"SMITH"}],"circlet_count":0,"master_deck":["AscendersBane","Strike_B","Strike_B","Strike_B","Strike_B","Zap+1","Beam Cell+1","Compile Driver","Skim","Sweeping Beam","Reprogram+1","Hyperbeam+1","Recycle+1","Sweeping Beam","Doom and Gloom+1","Fission+1","Streamline","Rebound","Beam Cell","Hello World+1","Recycle+1","Core Surge+1","Conserve Battery+1","BootSequence+1","Gash+1","Machine Learning+1","Turbo+1","Streamline","Gash+1","Swift Strike","Rip and Tear+1","Go for the Eyes","Skim+1","Chill+1","Scrape+1","Chrysalis+1","Biased Cognition"],"relics":["Cracked Core","Thread and Needle","Toxic Egg 2","Sundial","Empty Cage","CeramicFish","HornCleat","Tiny Chest","SlaversCollar","Oddly Smooth Stone","Blue Candle","Pen Nib","DataDisk"],"acts_visited":["Exordium","TheCity","TheBeyond","TheEnding"],"potions_floor_usage":[8,16,29,41,42,42,46,54,55,55,55,55,55],"damage_taken":[{"damage":7,"enemies":"2 Louse","floor":1,"turns":3},{"damage":12,"enemies":"Jaw Worm","floor":2,"turns":2},{"damage":1,"enemies":"Cultist","floor":3,"turns":3},{"damage":14,"enemies":"Blue Slaver","floor":7,"turns":3},{"damage":24,"enemies":"Gremlin Nob","floor":8,"turns":4},{"damage":12,"enemies":"Large Slime","floor":10,"turns":4},{"damage":10,"enemies":"Red Slaver","floor":12,"turns":2},{"damage":6,"enemies":"3 Sentries","floor":14,"turns":2},{"damage":14,"enemies":"Slime Boss","floor":16,"turns":7},{"damage":18,"enemies":"2 Thieves","floor":18,"turns":2},{"damage":10,"enemies":"Shell Parasite","floor":19,"turns":2},{"damage":8,"enemies":"3 Cultists","floor":20,"turns":3},{"damage":29,"enemies":"Snake Plant","floor":29,"turns":3},{"damage":0,"enemies":"Snecko","floor":30,"turns":3},{"damage":30,"enemies":"Book of Stabbing","floor":31,"turns":5},{"damage":70,"enemies":"Automaton","floor":33,"turns":9},{"damage":28,"enemies":"3 Shapes","floor":35,"turns":4},{"damage":138,"enemies":"Giant Head","floor":41,"turns":8},{"damage":1,"enemies":"Orb Walker","floor":42,"turns":3},{"damage":70,"enemies":"Transient","floor":44,"turns":5},{"damage":45,"enemies":"Reptomancer","floor":45,"turns":4},{"damage":22,"enemies":"Jaw Worm Horde","floor":46,"turns":4},{"damage":0,"enemies":"Spire Growth","floor":47,"turns":3},{"damage":240,"enemies":"Time Eater","floor":50,"turns":12},{"damage":65,"enemies":"Shield and Spear","floor":54,"turns":5},{"damage":313,"enemies":"The Heart","floor":55,"turns":10}],"seed_played":"5572006632976431933","potions_obtained":[{"floor":2,"key":"Fire Potion"},{"floor":7,"key":"hexamod:SoulburnPotion"},{"floor":8,"key":"construct:ShiftPotion"},{"floor":12,"key":"EntropicBrew"},{"floor":18,"key":"Dexterity Potion"},{"floor":41,"key":"EntropicBrew"},{"floor":44,"key":"Energy Potion"},{"floor":47,"key":"GamblersBrew"}],"is_trial":false,"path_per_floor":["M","M","M","?","$","R","M","E","T","M","R","M","?","E","R","B",null,"M","M","M","$","?","R","?","R","T","R","?","M","M","E","R","B",null,"M","$","?","$","?","R","E","M","T","M","E","M","M","$","R","B",null,"R","$","E","B",null],"character_chosen":"DEFECT","items_purchased":["Sweeping Beam","Beam Cell","Hello World","Streamline","Gash","Swift Strike","Scrape","Chrysalis+1"],"campfire_rested":0,"item_purchase_floors":[5,21,21,36,38,38,48,48],"current_hp_per_floor":[2161,2149,2148,2130,2130,2130,2116,2092,2092,2080,2080,2070,2070,2064,2064,2050,2144,2126,2116,2108,2108,1569,1569,1569,1569,1569,1569,1569,1540,1540,1510,1510,1440,1995,1967,1967,1967,1967,1967,1967,1829,1828,1828,1758,1713,1691,1691,1691,1691,1451,1998,1998,1998,1933,1620],"gold":65,"neow_bonus":"UPGRADE_CARD","is_daily":false,"chose_seed":false,"campfire_upgraded":9,"win_rate":0.0,"timestamp":1611468178,"path_taken":["M","M","M","?","$","R","M","E","T","M","R","M","?","E","R","BOSS","M","M","M","$","?","R","?","R","T","R","?","M","?","E","R","BOSS","M","$","?","$","?","R","E","M","T","M","E","M","M","$","R","BOSS","R","$","E","BOSS"],"items_purchased_type":["Card","Card","Card","Card","Card","Card","Card","Card"],"build_version":"2020-12-22","purchased_purges":2,"victory":true,"max_hp_per_floor":[2175,2175,2175,2175,2175,2175,2175,2175,2175,2175,2175,2175,2175,2175,2175,2175,2175,2175,2175,2175,2175,2180,2180,2180,2180,2180,2180,2180,2180,2180,2180,2180,2180,2180,2180,2180,2180,2180,2180,2180,2180,2180,2180,2180,2180,2180,2180,2180,2180,2180,2180,2180,2180,2180,2180],"card_choices":[{"not_picked":["Gash","Go for the Eyes"],"picked":"Beam Cell","floor":1},{"not_picked":["Tempest","Barrage"],"picked":"Compile Driver","floor":2},{"not_picked":["BootSequence","Blizzard"],"picked":"Skim","floor":3},{"not_picked":["Consume","Barrage"],"picked":"Reprogram","floor":7},{"not_picked":["Barrage","Hello World"],"picked":"Hyperbeam","floor":8},{"not_picked":["Self Repair","Coolheaded+1"],"picked":"Recycle+1","floor":10},{"not_picked":["Steam+1","Meteor Strike"],"picked":"Sweeping Beam","floor":12},{"not_picked":["Auto Shields+1","Reinforced Body+1"],"picked":"Doom and Gloom","floor":14},{"not_picked":["Amplify+1","Meteor Strike"],"picked":"Fission+1","floor":16},{"not_picked":["Gash","Hologram+1"],"picked":"Streamline","floor":18},{"not_picked":["Coolheaded+1","Glacier+1"],"picked":"Rebound","floor":19},{"not_picked":["Leap+1","Coolheaded+1"],"picked":"Go for the Eyes","floor":20},{"not_picked":["Steam Power+1","Chill+1"],"picked":"Conserve Battery+1","floor":29},{"not_picked":["Coolheaded+1","Rebound"],"picked":"BootSequence+1","floor":30},{"not_picked":["Hello World","Glacier+1"],"picked":"Gash+1","floor":31},{"not_picked":["Rainbow+1","Multi-Cast+1"],"picked":"Machine Learning","floor":33},{"not_picked":["Cold Snap+1","Hologram+1"],"picked":"Turbo+1","floor":35},{"not_picked":["Compile Driver+1","Force Field+1"],"picked":"Rip and Tear","floor":41},{"not_picked":["Coolheaded+1","Stack+1","Genetic Algorithm+1"],"picked":"SKIP","floor":42},{"not_picked":["Ball Lightning+1","Heatsinks+1"],"picked":"Go for the Eyes","floor":44},{"not_picked":["Cold Snap+1","Hologram+1"],"picked":"Skim+1","floor":45},{"not_picked":["Amplify+1","Streamline","Stack+1"],"picked":"SKIP","floor":46},{"not_picked":["Coolheaded+1","Self Repair+1"],"picked":"Chill+1","floor":47},{"not_picked":["Genetic Algorithm+1","Beam Cell"],"picked":"Biased Cognition","floor":54}],"player_experience":251008,"relics_obtained":[{"floor":8,"key":"Toxic Egg 2"},{"floor":14,"key":"Sundial"},{"floor":26,"key":"HornCleat"},{"floor":31,"key":"Tiny Chest"},{"floor":41,"key":"Oddly Smooth Stone"},{"floor":43,"key":"Blue Candle"},{"floor":45,"key":"Pen Nib"},{"floor":54,"key":"DataDisk"}],"event_choices":[{"damage_healed":0,"gold_gain":0,"player_choice":"Success","damage_taken":18,"relics_obtained":["Thread and Needle"],"max_hp_gain":0,"max_hp_loss":0,"event_name":"Scrap Ooze","floor":4,"gold_loss":0},{"cards_removed":["Dualcast"],"damage_healed":0,"gold_gain":0,"player_choice":"Card Removal","damage_taken":0,"max_hp_gain":0,"max_hp_loss":0,"event_name":"The Cleric","floor":13,"gold_loss":50},{"damage_healed":0,"gold_gain":0,"player_choice":"Shed Blood","damage_taken":544,"max_hp_gain":5,"max_hp_loss":0,"event_name":"Forgotten Altar","floor":22,"gold_loss":0},{"damage_healed":0,"gold_gain":0,"player_choice":"Obtained Relic","damage_taken":0,"relics_obtained":["CeramicFish"],"max_hp_gain":0,"max_hp_loss":0,"event_name":"Addict","floor":24,"gold_loss":85},{"damage_healed":0,"gold_gain":0,"player_choice":"2 cards matched","damage_taken":0,"max_hp_gain":0,"max_hp_loss":0,"event_name":"Match and Keep!","floor":28,"gold_loss":0,"cards_obtained":["Recycle","Core Surge"]},{"cards_removed":["Go for the Eyes"],"damage_healed":0,"gold_gain":0,"player_choice":"Removed Attack","damage_taken":0,"max_hp_gain":0,"max_hp_loss":0,"event_name":"Falling","floor":37,"gold_loss":0},{"damage_healed":0,"gold_gain":0,"player_choice":"Forge","damage_taken":0,"max_hp_gain":0,"max_hp_loss":0,"event_name":"Accursed Blacksmith","floor":39,"gold_loss":0,"cards_upgraded":["Machine Learning"]}],"is_beta":false,"boss_relics":[{"not_picked":["SacredBark","Busted Crown"],"picked":"Empty Cage"},{"not_picked":["Inserter","Calling Bell"],"picked":"SlaversCollar"}],"items_purged_floors":[5,36],"is_endless":false,"potions_floor_spawned":[2,7,8,12,18,20,41,44,47],"ascension_level":10}}