{"host":"j4g6ia6asvpyu2b0","time":1611452835,"event":{"mods":["BaseMod","Colored Map","Minty Spire (QoL Compilation)","Permanent Neow","Quick Restart","Relic Stats","StSLib","Unceasing Turn Reminder"],"gold_per_floor":[19,19,34,34,47,82,82,112,112,138,156,156,219,238,238,312,312,325,345,345,545,563,588,588,619,695,695,695,695,695,712,712,784,784,803,816,625,625,358,358,373,373,373,389,414,414,440,460,460,460,460,460,88,120,120,120],"floor_reached":55,"language":"ENG","playtime":2214,"items_purged":["Strike_G","Strike_G","Strike_G"],"score":1637,"play_id":"70d56cdf-c381-4023-87b1-e25eb62ad6bd","local_time":"20210123184715","is_ascension_mode":true,"campfire_choices":[{"floor":7,"key":"REST"},{"data":"Cloak And Dagger","floor":12,"key":"SMITH"},{"data":"Cloak And Dagger","floor":15,"key":"SMITH"},{"data":"Cloak And Dagger","floor":24,"key":"SMITH"},{"data":"Adrenaline","floor":28,"key":"SMITH"},{"data":"Well Laid Plans","floor":30,"key":"SMITH"},{"data":"Blade Dance","floor":32,"key":"SMITH"},{"data":"Burst","floor":40,"key":"SMITH"},{"data":"Blade Dance","floor":42,"key":"SMITH"},{"data":"Burst","floor":46,"key":"SMITH"},{"floor":49,"key":"RECALL"},{"data":"Cloak And Dagger","floor":52,"key":"SMITH"}],"circlet_count":0,"master_deck":["AscendersBane","Defend_G+1","Defend_G+1","Defend_G","Defend_G","Defend_G","Survivor","Neutralize","Terror","A Thousand Cuts+1","Blade Dance+1","Cloak And Dagger+1","Well Laid Plans+1","Cloak And Dagger+1","Quick Slash","Cloak And Dagger+1","Escape Plan","PiercingWail","Adrenaline+1","CurseOfTheBell","Distraction+1","Poisoned Stab","Outmaneuver+1","Prepared","Caltrops+1","Burst+1","Noxious Fumes+1","Deflect","Blade Dance+1","Flash of Steel","Footwork+1","Blur","Cloak And Dagger+1","Burst+1","PiercingWail","Dodge and Roll+1","Endless Agony+1","Accuracy+1","PiercingWail"],"relics":["Ring of the Snake","Tingsha","Kunai","Shuriken","Pen Nib","Ornamental Fan","Calling Bell","Bronze Scales","Frozen Egg 2","Thread and Needle","Bag of Marbles","Oddly Smooth Stone","HornCleat","Sozu","Toy Ornithopter","Regal Pillow","Anchor","Boot"],"acts_visited":["Exordium","TheCity","TheBeyond","TheEnding"],"potions_floor_usage":[8,10,13,22,23],"damage_taken":[{"damage":2,"enemies":"2 Louse","floor":1,"turns":4},{"damage":0,"enemies":"Small Slimes","floor":3,"turns":3},{"damage":4,"enemies":"Jaw Worm","floor":5,"turns":4},{"damage":3,"enemies":"Lagavulin","floor":6,"turns":6},{"damage":8,"enemies":"3 Sentries","floor":8,"turns":6},{"damage":6,"enemies":"Gremlin Nob","floor":10,"turns":5},{"damage":11,"enemies":"Exordium Thugs","floor":11,"turns":5},{"damage":0,"enemies":"Lagavulin Event","floor":13,"turns":3},{"damage":0,"enemies":"Looter","floor":14,"turns":3},{"damage":1,"enemies":"Hexaghost","floor":16,"turns":7},{"damage":0,"enemies":"Spheric Guardian","floor":18,"turns":4},{"damage":0,"enemies":"Chosen","floor":19,"turns":4},{"damage":5,"enemies":"Snecko","floor":22,"turns":6},{"damage":4,"enemies":"Slavers","floor":23,"turns":8},{"damage":5,"enemies":"Book of Stabbing","floor":25,"turns":5},{"damage":0,"enemies":"Centurion and Healer","floor":31,"turns":6},{"damage":6,"enemies":"Automaton","floor":33,"turns":8},{"damage":1,"enemies":"3 Shapes","floor":35,"turns":7},{"damage":0,"enemies":"Orb Walker","floor":36,"turns":3},{"damage":15,"enemies":"Spire Growth","floor":41,"turns":5},{"damage":0,"enemies":"3 Darklings","floor":44,"turns":3},{"damage":0,"enemies":"Giant Head","floor":45,"turns":6},{"damage":0,"enemies":"Nemesis","floor":47,"turns":5},{"damage":0,"enemies":"Sphere and 2 Shapes","floor":48,"turns":3},{"damage":0,"enemies":"Awakened One","floor":50,"turns":11},{"damage":39,"enemies":"Shield and Spear","floor":54,"turns":6},{"damage":53,"enemies":"The Heart","floor":55,"turns":2}],"seed_played":"1462868235913053600","potions_obtained":[{"floor":1,"key":"FairyPotion"},{"floor":3,"key":"Explosive Potion"},{"floor":8,"key":"Block Potion"},{"floor":11,"key":"CunningPotion"},{"floor":14,"key":"ColorlessPotion"},{"floor":18,"key":"Block Potion"},{"floor":19,"key":"PowerPotion"},{"floor":25,"key":"SteroidPotion"},{"floor":31,"key":"FearPotion"}],"is_trial":false,"path_per_floor":["M","?","M","?","M","E","R","E","T","E","M","R","?","M","R","B",null,"M","M","?","?","M","E","R","E","T","?","R","?","R","M","R","B",null,"M","M","$","?","$","R","M","R","T","M","E","R","E","M","R","B",null,"R","$","E","B"],"character_chosen":"THE_SILENT","items_purchased":["Blade Dance","Flash of Steel","Footwork+1","Blur","Accuracy+1","Anchor"],"campfire_rested":1,"item_purchase_floors":[37,37,39,39,53,53],"current_hp_per_floor":[57,57,57,37,33,30,49,41,41,35,24,24,24,24,24,23,55,55,55,55,55,50,46,46,41,41,23,23,37,37,37,37,31,61,60,60,60,60,60,60,45,45,45,45,45,45,45,45,45,45,65,65,65,26,0,0],"gold":120,"neow_bonus":"TRANSFORM_TWO_CARDS","is_daily":false,"chose_seed":false,"campfire_upgraded":10,"win_rate":0.0,"timestamp":1611452835,"path_taken":["M","?","M","?","M","E","R","E","T","E","M","R","?","M","R","BOSS","M","M","?","?","?","E","R","E","T","?","R","?","R","M","R","BOSS","M","M","$","?","$","R","M","R","T","M","E","R","E","M","R","BOSS","R","$","E","BOSS"],"items_purchased_type":["Card","Card","Card","Card","Card","Relic"],"build_version":"2020-12-22","purchased_purges":3,"victory":false,"max_hp_per_floor":[66,66,66,66,66,66,66,66,66,66,66,66,66,66,66,66,66,66,66,66,66,66,66,66,66,66,71,71,71,71,71,71,71,71,71,71,71,71,71,71,71,71,71,71,71,71,71,71,71,71,71,71,71,71,71,71],"relic_stats":{"Regal Pillow":0,"counters":[27,138],"Tingsha":[60],"Pen Nib":[37],"Boot":[1],"Sozu":2,"Shuriken":[93],"Ornamental Fan":[340],"Bronze Scales":[275],"Kunai":[93],"obtain_stats":[{"Regal Pillow":47,"Oddly Smooth Stone":25,"Tingsha":6,"Thread and Needle":17,"Pen Nib":10,"Frozen Egg 2":17,"Boot":54,"Calling Bell":17,"Sozu":34,"Anchor":53,"HornCleat":26,"Shuriken":9,"Ornamental Fan":13,"Bronze Scales":17,"Bag of Marbles":23,"Kunai":8,"Toy Ornithopter":45,"Ring of the Snake":0},{"Regal Pillow":23,"Oddly Smooth Stone":15,"Tingsha":4,"Thread and Needle":10,"Pen Nib":6,"Frozen Egg 2":10,"Boot":26,"Calling Bell":10,"Sozu":17,"Anchor":25,"HornCleat":15,"Shuriken":5,"Ornamental Fan":8,"Bronze Scales":10,"Bag of Marbles":14,"Kunai":5,"Toy Ornithopter":22,"Ring of the Snake":0},{"Regal Pillow":116,"Oddly Smooth Stone":73,"Tingsha":17,"Thread and Needle":46,"Pen Nib":28,"Frozen Egg 2":46,"Boot":136,"Calling Bell":46,"Sozu":87,"Anchor":130,"HornCleat":73,"Shuriken":23,"Ornamental Fan":36,"Bronze Scales":46,"Bag of Marbles":68,"Kunai":23,"Toy Ornithopter":111,"Ring of the Snake":0}],"Toy Ornithopter":0,"Ring of the Snake":[54]},"card_choices":[{"not_picked":["Cloak And Dagger","Leg Sweep"],"picked":"Blade Dance","floor":1},{"not_picked":["Concentrate","Underhanded Strike"],"picked":"Cloak And Dagger","floor":3},{"not_picked":["Reflex","Choke","Eviscerate"],"picked":"SKIP","floor":5},{"not_picked":["Sucker Punch","Underhanded Strike"],"picked":"Well Laid Plans","floor":6},{"not_picked":["Masterful Stab","Finisher"],"picked":"Cloak And Dagger","floor":8},{"not_picked":["Deflect","Flechettes"],"picked":"Quick Slash","floor":10},{"not_picked":["Bane","Backflip"],"picked":"Cloak And Dagger","floor":11},{"not_picked":["Grand Finale","Deadly Poison"],"picked":"Escape Plan","floor":13},{"not_picked":["Dagger Throw","Dagger Spray"],"picked":"PiercingWail","floor":14},{"not_picked":["Malaise","A Thousand Cuts"],"picked":"Adrenaline","floor":16},{"not_picked":["Prepared+1","Bane"],"picked":"Distraction+1","floor":18},{"not_picked":["Crippling Poison","Concentrate"],"picked":"Poisoned Stab","floor":19},{"not_picked":["Poisoned Stab","Predator"],"picked":"Outmaneuver+1","floor":22},{"not_picked":["Sucker Punch","Dagger Spray"],"picked":"Prepared","floor":23},{"not_picked":["Slice","Grand Finale","Acrobatics"],"picked":"SKIP","floor":25},{"not_picked":["Deadly Poison+1","Dagger Throw"],"picked":"Caltrops+1","floor":31},{"not_picked":["Grand Finale","Venomology"],"picked":"Burst","floor":33},{"not_picked":["Accuracy+1","PiercingWail"],"picked":"Noxious Fumes+1","floor":35},{"not_picked":["Crippling Poison","Bane"],"picked":"Deflect","floor":36},{"not_picked":["Deadly Poison+1","Underhanded Strike"],"picked":"Cloak And Dagger","floor":41},{"not_picked":["Quick Slash","Deadly Poison"],"picked":"Burst","floor":44},{"not_picked":["Grand Finale","Heel Hook"],"picked":"PiercingWail","floor":45},{"not_picked":["Dash","Riddle With Holes"],"picked":"Dodge and Roll+1","floor":47},{"not_picked":["Acrobatics","Sucker Punch"],"picked":"Endless Agony+1","floor":48},{"not_picked":["Outmaneuver","Heel Hook"],"picked":"PiercingWail","floor":54}],"player_experience":969308,"relics_obtained":[{"floor":6,"key":"Tingsha"},{"floor":8,"key":"Kunai"},{"floor":9,"key":"Shuriken"},{"floor":10,"key":"Pen Nib"},{"floor":13,"key":"Ornamental Fan"},{"floor":17,"key":"Bronze Scales"},{"floor":17,"key":"Frozen Egg 2"},{"floor":17,"key":"Thread and Needle"},{"floor":23,"key":"Bag of Marbles"},{"floor":25,"key":"Oddly Smooth Stone"},{"floor":26,"key":"HornCleat"},{"floor":45,"key":"Toy Ornithopter"},{"floor":47,"key":"Regal Pillow"},{"floor":54,"key":"Boot"}],"event_choices":[{"damage_healed":0,"gold_gain":0,"player_choice":"Grow","damage_taken":0,"max_hp_gain":0,"max_hp_loss":0,"event_name":"Living Wall","floor":2,"gold_loss":0,"cards_upgraded":["A Thousand Cuts"]},{"damage_healed":0,"gold_gain":0,"player_choice":"Entered Light","damage_taken":20,"max_hp_gain":0,"max_hp_loss":0,"event_name":"Shining Light","floor":4,"gold_loss":0,"cards_upgraded":["Defend_G","Defend_G"]},{"damage_healed":0,"gold_gain":0,"player_choice":"Searched \u00271\u0027 times","damage_taken":0,"max_hp_gain":0,"max_hp_loss":0,"event_name":"Dead Adventurer","floor":13,"gold_loss":0},{"damage_healed":0,"gold_gain":0,"player_choice":"Ignored","damage_taken":0,"max_hp_gain":0,"max_hp_loss":0,"event_name":"The Mausoleum","floor":20,"gold_loss":0},{"damage_healed":0,"gold_gain":200,"player_choice":"Gold","damage_taken":0,"max_hp_gain":0,"max_hp_loss":0,"event_name":"Wheel of Change","floor":21,"gold_loss":0},{"damage_healed":0,"gold_gain":0,"player_choice":"Shed Blood","damage_taken":23,"max_hp_gain":5,"max_hp_loss":0,"event_name":"Forgotten Altar","floor":27,"gold_loss":0},{"damage_healed":14,"gold_gain":0,"player_choice":"Heal","damage_taken":0,"max_hp_gain":0,"max_hp_loss":0,"event_name":"The Library","floor":29,"gold_loss":0},{"damage_healed":0,"gold_gain":0,"player_choice":"Ignored","damage_taken":0,"max_hp_gain":0,"max_hp_loss":0,"event_name":"Tomb of Lord Red Mask","floor":38,"gold_loss":0}],"is_beta":false,"boss_relics":[{"not_picked":["Snecko Eye","SacredBark"],"picked":"Calling Bell"},{"not_picked":["Empty Cage","Runic Dome"],"picked":"Sozu"}],"items_purged_floors":[37,39,53],"is_endless":false,"potions_floor_spawned":[1,3,8,11,14,18,19,25,31,44,48],"killed_by":"The Heart","ascension_level":17}}