{"host":"3zb3nk4wvq0dtbuh","time":1611481736,"event":{"mods":["AchievementEnabler","BaseMod","Lobotomy","Minty Spire (QoL Compilation)","StSLib","SuperFastMode","The Blackbeard"],"gold_per_floor":[117,117,133,133,143,143,143,156,156,175,175,100,118,20,20,121,121,139,189,92,105,105,105,14,28,28,28,28,127,143,157,157,157,157],"floor_reached":33,"language":"ZHS","playtime":529,"items_purged":["Strike_R"],"score":287,"play_id":"5651190d-f500-4628-9c29-7ba3595dcb11","local_time":"20210124174856","is_ascension_mode":false,"campfire_choices":[{"data":"Armaments","floor":6.0,"key":"SMITH"},{"data":"Whirlwind","floor":15.0,"key":"SMITH"},{"data":"Whirlwind","floor":23.0,"key":"SMITH"},{"floor":28,"key":"REST"},{"floor":32,"key":"REST"}],"circlet_count":0,"master_deck":["Strike_R+1","Strike_R+1","Strike_R+1","Strike_R+1","Defend_R+1","Defend_R+1","Defend_R+1","Defend_R+1","Bash","Shrug It Off","Uppercut","Armaments+1","Headbutt","Demon Form+1","Whirlwind+1","Deep Breath","Reaper","Finesse","Whirlwind+1","Panacea","Flex+1","Burning Pact+1","Flex"],"relics":["Cursed Key","Nilry\u0027s Codex"],"acts_visited":["Exordium","TheCity"],"potions_floor_usage":[33],"damage_taken":[{"damage":6.0,"enemies":"Jaw Worm","floor":1.0,"turns":2.0},{"damage":2.0,"enemies":"Small Slimes","floor":3.0,"turns":3.0},{"damage":0.0,"enemies":"Cultist","floor":5.0,"turns":3.0},{"damage":0.0,"enemies":"Looter","floor":8.0,"turns":3.0},{"damage":5.0,"enemies":"Lots of Slimes","floor":10.0,"turns":4.0},{"damage":6.0,"enemies":"Exordium Wildlife","floor":13.0,"turns":5.0},{"damage":0.0,"enemies":"Slime Boss","floor":16.0,"turns":4.0},{"damage":20.0,"enemies":"Spheric Guardian","floor":18.0,"turns":4.0},{"damage":5.0,"enemies":"Chosen","floor":21.0,"turns":4.0},{"damage":21.0,"enemies":"Snecko","floor":25.0,"turns":4.0},{"damage":12,"enemies":"Snake Plant","floor":30,"turns":4},{"damage":23,"enemies":"Shelled Parasite and Fungi","floor":31,"turns":4},{"damage":30,"enemies":"Automaton","floor":33,"turns":3}],"seed_played":"-8774520630037236941","potions_obtained":[{"floor":3.0,"key":"PowerPotion"},{"floor":16.0,"key":"Regen Potion"},{"floor":21.0,"key":"DistilledChaos"},{"floor":25.0,"key":"EntropicBrew"}],"is_trial":false,"path_per_floor":["M","?","M","?","M","R","?","M","T","M","?","$","M","$","R","B",null,"M","?","$","M","?","R","$","M","T","?","R","?","M","M","R","B"],"character_chosen":"IRONCLAD","items_purchased":["Deep Breath","Finesse","Panacea"],"campfire_rested":2,"item_purchase_floors":[14,20,24],"current_hp_per_floor":[74,79,77,77,77,77,77,77,77,72,72,72,66,66,66,66,85,65,65,65,65,49,49,49,34,34,34,59,59,47,24,49,31,31],"gold":157,"neow_bonus":"BOSS_RELIC","is_daily":false,"chose_seed":false,"campfire_upgraded":3,"win_rate":0.0,"timestamp":1611481736,"path_taken":["M","?","M","?","?","R","?","M","T","M","?","$","?","?","R","BOSS","M","?","$","?","?","R","$","M","T","?","R","?","M","M","R","BOSS"],"items_purchased_type":["Card","Card","Card"],"build_version":"2020-12-22","purchased_purges":1,"victory":false,"max_hp_per_floor":[80,85,85,85,85,85,85,85,85,85,85,85,85,85,85,85,85,85,85,85,85,85,85,85,85,85,85,85,85,85,85,85,85,85],"card_choices":[{"not_picked":["Pommel Strike","Warcry"],"picked":"Shrug It Off","floor":1.0},{"not_picked":["Thunderclap","Burning Pact"],"picked":"Uppercut","floor":3.0},{"not_picked":["True Grit","Twin Strike"],"picked":"Armaments","floor":5.0},{"not_picked":["Iron Wave","Perfected Strike"],"picked":"Headbutt","floor":8.0},{"not_picked":["Body Slam","Flex"],"picked":"Demon Form","floor":10.0},{"not_picked":["Infernal Blade","Warcry"],"picked":"Whirlwind","floor":13.0},{"not_picked":["Juggernaut","Bludgeon"],"picked":"Reaper","floor":16.0},{"not_picked":["Cleave+1","Wild Strike","Rupture+1"],"picked":"SKIP","floor":18.0},{"not_picked":["Wild Strike","Clash"],"picked":"Whirlwind","floor":21.0},{"not_picked":["Feel No Pain+1","Berserk"],"picked":"Flex+1","floor":25.0},{"not_picked":["Iron Wave","Sentinel"],"picked":"Burning Pact+1","floor":30},{"not_picked":["Armaments","Shockwave+1"],"picked":"Flex","floor":31}],"player_experience":13160,"relics_obtained":[{"floor":22.0,"key":"Nilry\u0027s Codex"}],"event_choices":[{"damage_healed":0.0,"max_hp_gain":5.0,"max_hp_loss":0.0,"gold_gain":0.0,"event_name":"Big Fish","player_choice":"Donut","floor":2.0,"gold_loss":0.0,"damage_taken":0.0},{"damage_healed":0.0,"max_hp_gain":0.0,"max_hp_loss":0.0,"gold_gain":0.0,"event_name":"NoteForYourself","player_choice":"Ignored","floor":4.0,"gold_loss":0.0,"damage_taken":0.0},{"damage_healed":0.0,"max_hp_gain":0.0,"max_hp_loss":0.0,"gold_gain":0.0,"event_name":"Golden Idol","player_choice":"Ignored","floor":7.0,"gold_loss":0.0,"damage_taken":0.0},{"damage_healed":0.0,"max_hp_gain":0.0,"max_hp_loss":0.0,"gold_gain":0.0,"event_name":"Upgrade Shrine","player_choice":"Upgraded","floor":11.0,"gold_loss":0.0,"damage_taken":0.0,"cards_upgraded":["Demon Form"]},{"damage_healed":0.0,"max_hp_gain":0.0,"max_hp_loss":0.0,"gold_gain":100.0,"event_name":"The Joust","player_choice":"Bet on Murderer","floor":19.0,"gold_loss":50.0,"damage_taken":0.0},{"damage_healed":0.0,"max_hp_gain":0.0,"max_hp_loss":0.0,"gold_gain":0.0,"event_name":"Cursed Tome","player_choice":"Obtained Book","floor":22.0,"gold_loss":0.0,"damage_taken":16.0},{"damage_healed":0,"gold_gain":0,"player_choice":"Simplicity","damage_taken":0,"max_hp_gain":0,"max_hp_loss":0,"event_name":"Back to Basics","floor":27,"gold_loss":0,"cards_upgraded":["Strike_R","Strike_R","Strike_R","Strike_R","Defend_R","Defend_R","Defend_R","Defend_R"]},{"damage_healed":0,"gold_gain":99,"player_choice":"Stole From Cult","damage_taken":0,"max_hp_gain":0,"max_hp_loss":0,"event_name":"Nest","floor":29,"gold_loss":0}],"is_beta":false,"boss_relics":[{"not_picked":["Black Star","Runic Cube","Tiny House"]}],"items_purged_floors":[12],"is_endless":false,"potions_floor_spawned":[3,16,21,25],"killed_by":"Automaton","ascension_level":0}}