{"host":"gttgmv2wah99hzdm","time":1611510204,"event":{"mods":["AchievementEnabler","BaseMod","Bestiary","Block Reminder","Filter the Spire","Minty Spire (QoL Compilation)","Relic Stats","Weighted Paths","ojb\u0027s Info Mod"],"gold_per_floor":[113,129,129,143,157,157,186,186,240,566,41,41,41,68,68,142,142,157,157,176,187,187,187,212,212,212,239,239,257,292,304,316,328,328],"floor_reached":33,"language":"ENG","playtime":1189,"items_purged":["Strike_R"],"score":746,"play_id":"c3af24b8-7923-4ed2-aa83-39551da073a6","local_time":"20210124114324","is_ascension_mode":true,"campfire_choices":[{"data":"Whirlwind","floor":6,"key":"SMITH"},{"data":"Bash","floor":8,"key":"SMITH"},{"floor":13,"key":"REST"},{"data":"Anger","floor":15,"key":"SMITH"},{"data":"Spot Weakness","floor":23,"key":"SMITH"},{"data":"Twin Strike","floor":25,"key":"SMITH"},{"data":"Ghostly Armor","floor":28,"key":"SMITH"},{"floor":32,"key":"REST"}],"circlet_count":0,"master_deck":["AscendersBane","Strike_R","Strike_R","Strike_R","Defend_R","Defend_R","Defend_R","Defend_R","Bash+1","Whirlwind+1","Twin Strike+1","Anger+1","Ghostly Armor+1","Spot Weakness+1","Pommel Strike+1"],"relics":["Busted Crown","Strawberry","White Beast Statue","Happy Flower","Old Coin","Sling","Potion Belt","Molten Egg 2","Cursed Key","Boot","Anchor","MawBank"],"acts_visited":["Exordium","TheCity"],"potions_floor_usage":[14,16,20,21,27,27,27,30,31,33],"damage_taken":[{"damage":0,"enemies":"Cultist","floor":1,"turns":3},{"damage":2,"enemies":"Small Slimes","floor":2,"turns":3},{"damage":0,"enemies":"2 Louse","floor":4,"turns":1},{"damage":2,"enemies":"Exordium Wildlife","floor":5,"turns":4},{"damage":10,"enemies":"3 Sentries","floor":7,"turns":3},{"damage":20,"enemies":"Lagavulin","floor":10,"turns":5},{"damage":0,"enemies":"3 Sentries","floor":14,"turns":1},{"damage":37,"enemies":"Hexaghost","floor":16,"turns":5},{"damage":0,"enemies":"2 Thieves","floor":18,"turns":1},{"damage":13,"enemies":"Chosen","floor":20,"turns":5},{"damage":0,"enemies":"Snake Plant","floor":21,"turns":3},{"damage":0,"enemies":"Slavers","floor":24,"turns":1},{"damage":24,"enemies":"Gremlin Leader","floor":27,"turns":5},{"damage":26,"enemies":"Centurion and Healer","floor":29,"turns":5},{"damage":30,"enemies":"Book of Stabbing","floor":30,"turns":4},{"damage":0,"enemies":"Cultist and Chosen","floor":31,"turns":3},{"damage":28,"enemies":"Automaton","floor":33,"turns":4}],"seed_played":"8825467216128488292","potions_obtained":[{"floor":1,"key":"Block Potion"},{"floor":10,"key":"SkillPotion"},{"floor":14,"key":"Strength Potion"},{"floor":16,"key":"Regen Potion"},{"floor":20,"key":"SkillPotion"},{"floor":21,"key":"ElixirPotion"},{"floor":24,"key":"BloodPotion"},{"floor":27,"key":"Ancient Potion"},{"floor":29,"key":"SmokeBomb"},{"floor":30,"key":"GamblersBrew"}],"is_trial":false,"path_per_floor":["M","M","T","M","M","R","E","R","T","E","$","?","R","E","R","B",null,"M","?","M","M","T","R","E","R","T","E","R","M","E","M","R","B"],"character_chosen":"IRONCLAD","items_purchased":["Sling","Potion Belt","SteroidPotion","AttackPotion"],"campfire_rested":2,"item_purchase_floors":[11,11,11,11],"current_hp_per_floor":[68,66,73,73,71,71,61,61,61,41,41,34,58,58,58,21,67,67,67,68,68,68,68,68,68,68,44,44,18,4,4,28,0,0],"gold":328,"neow_bonus":"BOSS_RELIC","is_daily":false,"chose_seed":false,"campfire_upgraded":6,"win_rate":0.0,"timestamp":1611510204,"path_taken":["M","M","?","?","M","R","E","R","T","E","?","?","R","E","R","BOSS","M","?","M","M","?","R","E","R","T","E","R","M","E","?","R","BOSS"],"items_purchased_type":["Relic","Relic","Potion","Potion"],"build_version":"2020-12-22","purchased_purges":1,"victory":false,"max_hp_per_floor":[75,75,82,82,82,82,82,82,82,82,82,82,82,82,82,82,82,82,82,82,82,82,82,82,82,82,82,82,82,82,82,82,82,82],"relic_stats":{"Busted Crown":30,"Happy Flower":[14],"counters":[17,56],"Cursed Key":0,"Boot":[3],"MawBank":36,"obtain_stats":[{"Potion Belt":11,"Happy Flower":9,"Sling":11,"Cursed Key":17,"Boot":24,"MawBank":30,"Burning Blood":0,"White Beast Statue":7,"Old Coin":10,"Anchor":27,"Busted Crown":0,"Strawberry":3,"Molten Egg 2":14},{"Potion Belt":6,"Happy Flower":5,"Sling":6,"Cursed Key":8,"Boot":12,"MawBank":15,"Burning Blood":0,"White Beast Statue":5,"Old Coin":6,"Anchor":13,"Busted Crown":0,"Strawberry":2,"Molten Egg 2":7},{"Potion Belt":19,"Happy Flower":14,"Sling":19,"Cursed Key":25,"Boot":35,"MawBank":49,"Burning Blood":0,"White Beast Statue":14,"Old Coin":19,"Anchor":40,"Busted Crown":0,"Strawberry":6,"Molten Egg 2":20}]},"card_choices":[{"not_picked":[],"picked":"Whirlwind","floor":1},{"not_picked":[],"picked":"Twin Strike","floor":2},{"not_picked":["Headbutt"],"picked":"SKIP","floor":4},{"not_picked":["Entrench"],"picked":"SKIP","floor":5},{"not_picked":[],"picked":"Anger","floor":7},{"not_picked":[],"picked":"Ghostly Armor","floor":10},{"not_picked":["Flex"],"picked":"SKIP","floor":14},{"not_picked":["True Grit"],"picked":"SKIP","floor":18},{"not_picked":["Armaments"],"picked":"SKIP","floor":20},{"not_picked":["Warcry"],"picked":"SKIP","floor":21},{"not_picked":[],"picked":"Pommel Strike+1","floor":24},{"not_picked":["Pommel Strike+1"],"picked":"SKIP","floor":27},{"not_picked":["Clash+1"],"picked":"SKIP","floor":29},{"not_picked":["Clash+1"],"picked":"SKIP","floor":30}],"player_experience":1068593,"relics_obtained":[{"floor":3,"key":"Strawberry"},{"floor":7,"key":"White Beast Statue"},{"floor":9,"key":"Happy Flower"},{"floor":10,"key":"Old Coin"},{"floor":14,"key":"Molten Egg 2"},{"floor":24,"key":"Boot"},{"floor":27,"key":"Anchor"},{"floor":30,"key":"MawBank"}],"event_choices":[{"cards_removed":["Strike_R"],"damage_healed":0,"gold_gain":0,"player_choice":"Card Removal","damage_taken":7,"max_hp_gain":0,"max_hp_loss":0,"event_name":"Golden Wing","floor":12,"gold_loss":0},{"damage_healed":0,"gold_gain":0,"player_choice":"Read","damage_taken":0,"max_hp_gain":0,"max_hp_loss":0,"event_name":"The Library","floor":19,"gold_loss":0,"cards_obtained":["Spot Weakness"]}],"is_beta":false,"boss_relics":[{"not_picked":["SlaversCollar","Velvet Choker"],"picked":"Cursed Key"}],"items_purged_floors":[11],"is_endless":false,"potions_floor_spawned":[1,10,14,16,18,20,21,24,27,29,30,31],"killed_by":"Automaton","ascension_level":20}}