{"host":"qwo6xnmc3tdsu8a2","time":1611453311,"event":{"mods":["BaseMod","Minty Spire (QoL Compilation)","Quick Restart","Shop Mod","Synergy Search"],"gold_per_floor":[109,109,109,20,33,66,66,82,82,104,142,185,185,204,204,324,324,337,337,337,311,325,366,382,413,413,449,485,536,579,610,622,765,777,805,840,852,864,876,928,960,1015,1027,250,263,263,303,303,303,303,303,303,2,46,46],"floor_reached":56,"language":"ENG","playtime":4715,"items_purged":[],"score":1533,"play_id":"fe524f3f-f3b7-4a71-96b4-0296d0766808","local_time":"20210124045511","is_ascension_mode":false,"campfire_choices":[{"data":"Zap","floor":7,"key":"SMITH"},{"data":"Consume","floor":15,"key":"SMITH"},{"data":"Amplify","floor":32,"key":"SMITH"},{"floor":46,"key":"RECALL"},{"data":"Capacitor","floor":49,"key":"SMITH"},{"data":"Defragment","floor":52,"key":"SMITH"}],"circlet_count":0,"master_deck":["Strike_B","Strike_B","Strike_B","Strike_B+1","Defend_B","Defend_B","Defend_B","Zap+1","Dualcast","Double Energy","Regret","The Bomb","Bandage Up","Go for the Eyes","Seek","Reprogram","Capacitor+1","Consume+1","Dramatic Entrance+1","Sweeping Beam","Aggregate","Steam","Gash","Buffer","Go for the Eyes","Ghostly","Ghostly","Ghostly","Ghostly","Ghostly","Defragment+1","Defragment","Double Energy","Compile Driver","Gash","Go for the Eyes","Beam Cell","Amplify+1","Electrodynamics","CurseOfTheBell","Conserve Battery+1","Lockon+1","BootSequence+1","Beam Cell","Gash","Compile Driver+1","Bandage Up","Beam Cell","Sweeping Beam+1","Machine Learning+1","Blind","Bandage Up","Swift Strike","Ball Lightning","Chaos+1"],"relics":["Cracked Core","NeowsBlessing","Golden Idol","WingedGreaves","Du-Vu Doll","Meat on the Bone","TungstenRod","ClockworkSouvenir","Bottled Lightning","Matryoshka","Blood Vial","Bottled Tornado","Sozu","Ice Cream","Bag of Marbles","Gremlin Horn","Letter Opener","Bronze Scales","MawBank","Potion Belt","Pear","Calling Bell","Juzu Bracelet","Kunai","Prayer Wheel","Anchor","Darkstone Periapt","Whetstone","Unceasing Top","Frozen Egg 2","TheAbacus","Smiling Mask","Bottled Flame","HornCleat"],"acts_visited":["Exordium","TheCity","TheBeyond","TheEnding"],"potions_floor_usage":[16,16,16],"damage_taken":[{"damage":0,"enemies":"Small Slimes","floor":1,"turns":1},{"damage":0,"enemies":"Jaw Worm","floor":5,"turns":1},{"damage":0,"enemies":"Gremlin Nob","floor":6,"turns":1},{"damage":15,"enemies":"Cultist","floor":8,"turns":4},{"damage":21,"enemies":"Lagavulin","floor":11,"turns":5},{"damage":19,"enemies":"Gremlin Nob","floor":12,"turns":3},{"damage":10,"enemies":"Large Slime","floor":14,"turns":5},{"damage":24,"enemies":"Slime Boss","floor":16,"turns":5},{"damage":11,"enemies":"Shell Parasite","floor":18,"turns":4},{"damage":3,"enemies":"3 Byrds","floor":22,"turns":5},{"damage":31,"enemies":"Gremlin Leader","floor":23,"turns":8},{"damage":11,"enemies":"Shelled Parasite and Fungi","floor":24,"turns":7},{"damage":0,"enemies":"Book of Stabbing","floor":25,"turns":6},{"damage":11,"enemies":"Cultist and Chosen","floor":27,"turns":5},{"damage":8,"enemies":"3 Cultists","floor":28,"turns":5},{"damage":21,"enemies":"Gremlin Leader","floor":29,"turns":8},{"damage":15,"enemies":"Book of Stabbing","floor":30,"turns":6},{"damage":0,"enemies":"Snake Plant","floor":31,"turns":4},{"damage":48,"enemies":"Champ","floor":33,"turns":12},{"damage":17,"enemies":"Orb Walker","floor":35,"turns":3},{"damage":0,"enemies":"3 Darklings","floor":36,"turns":4},{"damage":4,"enemies":"Reptomancer","floor":40,"turns":5},{"damage":0,"enemies":"Jaw Worm Horde","floor":41,"turns":5},{"damage":8,"enemies":"Giant Head","floor":42,"turns":10},{"damage":15,"enemies":"Spire Growth","floor":45,"turns":3},{"damage":44,"enemies":"Nemesis","floor":47,"turns":6},{"damage":62,"enemies":"Time Eater","floor":50,"turns":11},{"damage":0,"enemies":"Shield and Spear","floor":54,"turns":6},{"damage":48,"enemies":"The Heart","floor":55,"turns":11}],"seed_played":"-1532902444310226889","potions_obtained":[{"floor":1,"key":"EssenceOfSteel"},{"floor":6,"key":"PotionOfCapacity"},{"floor":8,"key":"Explosive Potion"},{"floor":13,"key":"PotionOfCapacity"},{"floor":13,"key":"Regen Potion"},{"floor":14,"key":"CultistPotion"}],"is_trial":false,"path_per_floor":["M","?","?","$","M","E","R","M","T","$","E","E","?","M","R","B",null,"M","?","?","$","M","E","M","E","T","M","M","E","E","M","R","B",null,"M","M","?","?","?","E","M","E","T","$","M","R","E","?","R","B",null,"R","$","E","B",null],"character_chosen":"DEFECT","items_purchased":["Du-Vu Doll","The Bomb","Bandage Up","Capacitor","Consume","Dramatic Entrance","ClockworkSouvenir","Bottled Lightning","Matryoshka","FTL","Sweeping Beam","Ice Cream","Bag of Marbles","Defragment","Unceasing Top","Frozen Egg 2","TheAbacus","Bandage Up","Beam Cell","Bottled Flame","Ball Lightning"],"campfire_rested":0,"item_purchase_floors":[4,4,4,10,10,10,10,10,10,10,10,21,21,21,44,44,44,44,44,53,53],"current_hp_per_floor":[75,57,57,57,57,61,61,50,50,50,45,40,40,48,48,42,75,68,37,34,34,33,20,27,33,33,28,26,23,36,38,38,28,52,39,41,52,52,52,52,52,48,48,48,35,35,20,11,11,38,52,52,52,52,24],"gold":46,"neow_bonus":"THREE_ENEMY_KILL","is_daily":false,"chose_seed":false,"campfire_upgraded":5,"win_rate":0.0,"timestamp":1611453311,"path_taken":["M","?","?","?","M","E","R","M","T","$","E","E","?","?","R","BOSS","M","?","?","$","M","E","M","E","T","M","M","E","E","M","R","BOSS","M","M","?","?","?","E","M","E","T","$","M","R","E","?","R","BOSS","R","$","E","BOSS"],"items_purchased_type":["Relic","Card","Card","Card","Card","Card","Relic","Relic","Relic","Card","Card","Relic","Relic","Card","Relic","Relic","Relic","Card","Card","Relic","Card"],"build_version":"2020-12-22","purchased_purges":0,"victory":true,"max_hp_per_floor":[75,75,75,75,75,75,75,75,75,75,75,75,75,75,75,75,75,75,37,42,42,42,42,42,42,42,42,42,42,52,52,52,52,52,52,52,52,52,52,52,52,52,52,52,52,52,52,52,52,52,52,52,52,52,52],"card_choices":[{"not_picked":["Coolheaded","Compile Driver"],"picked":"Double Energy","floor":1},{"not_picked":["Redo","Hologram"],"picked":"Go for the Eyes","floor":5},{"not_picked":["Cold Snap","Leap"],"picked":"Seek","floor":6},{"not_picked":["Hologram","Cold Snap"],"picked":"Reprogram","floor":8},{"not_picked":["Self Repair","Leap"],"picked":"Aggregate","floor":11},{"not_picked":["Streamline","Barrage"],"picked":"Steam","floor":12},{"not_picked":["Barrage","Stack"],"picked":"Gash","floor":14},{"not_picked":["Fission","Amplify"],"picked":"Buffer","floor":16},{"not_picked":["Redo","Double Energy"],"picked":"Go for the Eyes","floor":18},{"not_picked":["Conserve Battery","Chill"],"picked":"Defragment","floor":22},{"not_picked":["Compile Driver","Barrage+1"],"picked":"Double Energy","floor":23},{"not_picked":["Force Field","Stack","Blizzard"],"picked":"SKIP","floor":24},{"not_picked":["Barrage","Fusion"],"picked":"Compile Driver","floor":25},{"not_picked":["Sweeping Beam","Cold Snap"],"picked":"Gash","floor":27},{"not_picked":["Tempest","Barrage"],"picked":"Go for the Eyes","floor":28},{"not_picked":["Aggregate","Chill"],"picked":"Beam Cell","floor":29},{"not_picked":["Leap","Redo"],"picked":"Amplify","floor":30},{"not_picked":["Coolheaded","Leap","Stack"],"picked":"SKIP","floor":31},{"not_picked":["Seek","Thunder Strike"],"picked":"Electrodynamics","floor":33},{"not_picked":["Beam Cell","Capacitor+1"],"picked":"Conserve Battery+1","floor":35},{"not_picked":["Barrage+1","Leap","Hello World"],"picked":"SKIP","floor":35},{"not_picked":["Conserve Battery","Compile Driver+1"],"picked":"Lockon+1","floor":36},{"not_picked":["Double Energy","Aggregate"],"picked":"BootSequence+1","floor":36},{"not_picked":["Stack+1","Fission"],"picked":"Beam Cell","floor":40},{"not_picked":["Barrage","Capacitor"],"picked":"Gash","floor":41},{"not_picked":["Heatsinks+1","Streamline+1","Sweeping Beam+1"],"picked":"SKIP","floor":41},{"not_picked":["Hello World+1","Conserve Battery"],"picked":"Compile Driver+1","floor":42},{"not_picked":["Redo+1","Loop+1"],"picked":"Sweeping Beam+1","floor":45},{"not_picked":["Leap","Streamline"],"picked":"Machine Learning+1","floor":45},{"not_picked":["Blizzard","Coolheaded","Streamline"],"picked":"SKIP","floor":47},{"not_picked":["Trip","Transmutation"],"picked":"Blind","floor":48},{"not_picked":["PanicButton","Deep Breath"],"picked":"Bandage Up","floor":48},{"not_picked":["Deep Breath","Purity"],"picked":"Swift Strike","floor":48},{"not_picked":["Steam+1","Auto Shields"],"picked":"Chaos+1","floor":54}],"player_experience":24155,"relics_obtained":[{"floor":6,"key":"Meat on the Bone"},{"floor":9,"key":"TungstenRod"},{"floor":11,"key":"Blood Vial"},{"floor":12,"key":"Bottled Tornado"},{"floor":23,"key":"Gremlin Horn"},{"floor":25,"key":"Letter Opener"},{"floor":26,"key":"Bronze Scales"},{"floor":26,"key":"MawBank"},{"floor":29,"key":"Potion Belt"},{"floor":30,"key":"Pear"},{"floor":34,"key":"Juzu Bracelet"},{"floor":34,"key":"Kunai"},{"floor":34,"key":"Prayer Wheel"},{"floor":40,"key":"Anchor"},{"floor":42,"key":"Darkstone Periapt"},{"floor":43,"key":"Whetstone"},{"floor":47,"key":"Smiling Mask"},{"floor":54,"key":"HornCleat"}],"event_choices":[{"damage_healed":0,"gold_gain":0,"player_choice":"Take Damage","damage_taken":18,"relics_obtained":["Golden Idol"],"max_hp_gain":0,"max_hp_loss":0,"event_name":"Golden Idol","floor":2,"gold_loss":0},{"damage_healed":0,"gold_gain":0,"player_choice":"Box","damage_taken":0,"relics_obtained":["WingedGreaves"],"max_hp_gain":0,"max_hp_loss":0,"event_name":"Big Fish","floor":3,"gold_loss":0,"cards_obtained":["Regret"]},{"damage_healed":0,"gold_gain":0,"player_choice":"Got Potions","damage_taken":0,"max_hp_gain":0,"max_hp_loss":0,"event_name":"Lab","floor":13,"gold_loss":0},{"damage_healed":0,"gold_gain":0,"player_choice":"Became a Ghost","damage_taken":0,"max_hp_gain":0,"max_hp_loss":38,"event_name":"Ghosts","floor":19,"gold_loss":0,"cards_obtained":["Ghostly","Ghostly","Ghostly","Ghostly","Ghostly"]},{"damage_healed":0,"gold_gain":0,"player_choice":"Shed Blood","damage_taken":9,"max_hp_gain":5,"max_hp_loss":0,"event_name":"Forgotten Altar","floor":20,"gold_loss":0},{"cards_removed":["FTL"],"damage_healed":11,"gold_gain":0,"player_choice":"Offered Uncommon","damage_taken":0,"max_hp_gain":0,"max_hp_loss":0,"event_name":"Bonfire Elementals","floor":37,"gold_loss":0},{"cards_removed":["Defend_B"],"damage_healed":0,"gold_gain":0,"player_choice":"Removed Skill","damage_taken":0,"max_hp_gain":0,"max_hp_loss":0,"event_name":"Falling","floor":38,"gold_loss":0},{"damage_healed":0,"gold_gain":0,"player_choice":"Ignored","damage_taken":0,"max_hp_gain":0,"max_hp_loss":0,"event_name":"The Moai Head","floor":39,"gold_loss":0},{"damage_healed":0,"gold_gain":0,"player_choice":"Memory 3","damage_taken":10,"max_hp_gain":0,"max_hp_loss":0,"event_name":"SensoryStone","floor":48,"gold_loss":0}],"is_beta":false,"boss_relics":[{"not_picked":["Runic Dome","Busted Crown"],"picked":"Sozu"},{"not_picked":["SacredBark","Fusion Hammer"],"picked":"Calling Bell"}],"items_purged_floors":[],"is_endless":false,"potions_floor_spawned":[1,6,8,14,25,27,30,33,36,47],"ascension_level":0}}