{"host":"qdfumeom6htv8yxl","time":1611460547,"event":{"mods":["AchievementEnabler","BaseMod","Bestiary","Block Reminder","Minty Spire (QoL Compilation)","Quick Restart","Relic Stats"],"gold_per_floor":[119,119,135,285,10,53,66,66,66,107,132,172,172,216,216,311,311,335,335,360,50,64,64,88,88,88,88,109,109,109],"floor_reached":29,"language":"ENG","playtime":1395,"items_purged":["Doubt","Injury"],"score":528,"play_id":"5bff1951-4300-4f8d-a2bb-03126ad3b27f","local_time":"20210123215547","is_ascension_mode":true,"campfire_choices":[{"data":"Apotheosis","floor":8,"key":"SMITH"},{"data":"Darkness","floor":13,"key":"SMITH"},{"data":"Skim","floor":15,"key":"SMITH"},{"data":"Defragment","floor":23,"key":"SMITH"},{"floor":25,"key":"REST"},{"floor":27,"key":"REST"}],"circlet_count":0,"master_deck":["AscendersBane","Strike_B","Strike_B","Strike_B","Strike_B","Defend_B","Zap+1","Dualcast","Cold Snap","Conserve Battery","Apotheosis+1","Darkness+1","Sweeping Beam","Skim+1","Core Surge","Double Energy+1","Go for the Eyes+1","Redo+1","Ball Lightning+1","Leap","Defragment+1","Ball Lightning+1"],"relics":["Cracked Core","NeowsBlessing","Golden Idol","Symbiotic Virus","StrikeDummy","Gremlin Horn","The Courier","Omamori","Astrolabe","Molten Egg 2","Letter Opener"],"acts_visited":["Exordium","TheCity"],"potions_floor_usage":[10,10,11,14,16,16,24,28],"damage_taken":[{"damage":0,"enemies":"Jaw Worm","floor":1,"turns":1},{"damage":0,"enemies":"2 Louse","floor":3,"turns":1},{"damage":0,"enemies":"3 Sentries","floor":6,"turns":1},{"damage":1,"enemies":"Cultist","floor":7,"turns":4},{"damage":2,"enemies":"Lagavulin","floor":10,"turns":5},{"damage":0,"enemies":"Gremlin Gang","floor":11,"turns":3},{"damage":6,"enemies":"Gremlin Nob","floor":12,"turns":3},{"damage":20,"enemies":"3 Sentries","floor":14,"turns":4},{"damage":4,"enemies":"Hexaghost","floor":16,"turns":6},{"damage":9,"enemies":"Spheric Guardian","floor":18,"turns":3},{"damage":13,"enemies":"2 Thieves","floor":20,"turns":3},{"damage":0,"enemies":"3 Cultists","floor":22,"turns":3},{"damage":31,"enemies":"Shelled Parasite and Fungi","floor":24,"turns":3},{"damage":24,"enemies":"Snake Plant","floor":28,"turns":3},{"damage":31,"enemies":"Snecko","floor":29,"turns":4}],"seed_played":"-6910257006195890372","potions_obtained":[{"floor":6,"key":"EntropicBrew"},{"floor":10,"key":"Weak Potion"},{"floor":12,"key":"LiquidMemories"},{"floor":14,"key":"DistilledChaos"},{"floor":16,"key":"LiquidBronze"},{"floor":22,"key":"ColorlessPotion"},{"floor":24,"key":"Ancient Potion"}],"is_trial":false,"path_per_floor":["M","?","M","?","$","E","M","R","T","E","M","E","R","E","R","B",null,"M","?","M","$","M","R","M","R","T","R","M","M"],"character_chosen":"DEFECT","items_purchased":["Apotheosis","Molten Egg 2"],"campfire_rested":2,"item_purchase_floors":[5,21],"current_hp_per_floor":[64,64,64,64,64,64,63,63,63,61,61,55,55,35,35,31,61,52,52,39,39,39,39,8,29,29,50,26,0,0],"gold":109,"neow_bonus":"THREE_ENEMY_KILL","is_daily":false,"chose_seed":false,"campfire_upgraded":4,"win_rate":0.0,"timestamp":1611460547,"path_taken":["M","?","M","?","$","E","M","R","T","E","M","E","R","E","R","BOSS","M","?","M","$","?","R","M","R","T","R","M","?"],"items_purchased_type":["Card","Relic"],"build_version":"2020-12-22","purchased_purges":2,"victory":false,"max_hp_per_floor":[71,71,71,71,71,71,71,71,71,71,71,71,71,71,71,71,71,71,71,71,71,71,71,71,71,71,71,71,71,71],"relic_stats":{"Gremlin Horn":[9,9],"counters":[15,47],"Golden Idol":86,"Astrolabe":["Double Energy","Go for the Eyes","Redo"],"Letter Opener":[10],"obtain_stats":[{"NeowsBlessing":0,"Gremlin Horn":10,"Golden Idol":2,"Astrolabe":17,"Molten Egg 2":21,"The Courier":12,"Omamori":14,"Letter Opener":26,"Cracked Core":0,"Symbiotic Virus":6,"StrikeDummy":9},{"NeowsBlessing":0,"Gremlin Horn":5,"Golden Idol":1,"Astrolabe":9,"Molten Egg 2":11,"The Courier":7,"Omamori":8,"Letter Opener":13,"Cracked Core":0,"Symbiotic Virus":3,"StrikeDummy":4},{"NeowsBlessing":0,"Gremlin Horn":12,"Golden Idol":1,"Astrolabe":28,"Molten Egg 2":34,"The Courier":18,"Omamori":22,"Letter Opener":40,"Cracked Core":0,"Symbiotic Virus":3,"StrikeDummy":7}]},"card_choices":[{"not_picked":["Stack","White Noise"],"picked":"Cold Snap","floor":1},{"not_picked":["Chill","Recycle"],"picked":"Conserve Battery","floor":3},{"not_picked":["Beam Cell","Steam","White Noise"],"picked":"SKIP","floor":6},{"not_picked":["Hello World","Chill","Gash"],"picked":"SKIP","floor":7},{"not_picked":["Sunder","Reprogram"],"picked":"Darkness","floor":10},{"not_picked":["Force Field","Beam Cell"],"picked":"Sweeping Beam","floor":11},{"not_picked":["Recycle","Barrage","Gash"],"picked":"SKIP","floor":12},{"not_picked":["All For One","Streamline"],"picked":"Skim","floor":14},{"not_picked":["Rainbow","Fission"],"picked":"Core Surge","floor":16},{"not_picked":["Cold Snap","Recycle"],"picked":"Ball Lightning+1","floor":18},{"not_picked":["Consume","Barrage"],"picked":"Leap","floor":20},{"not_picked":["Rebound+1","Double Energy"],"picked":"Defragment","floor":22},{"not_picked":["Recycle","Barrage+1","Static Discharge"],"picked":"SKIP","floor":24},{"not_picked":["Force Field","Beam Cell+1"],"picked":"Ball Lightning+1","floor":28}],"player_experience":1817735,"relics_obtained":[{"floor":6,"key":"Symbiotic Virus"},{"floor":9,"key":"StrikeDummy"},{"floor":10,"key":"Gremlin Horn"},{"floor":12,"key":"The Courier"},{"floor":14,"key":"Omamori"},{"floor":26,"key":"Letter Opener"}],"event_choices":[{"damage_healed":0,"gold_gain":0,"player_choice":"Take Wound","damage_taken":0,"relics_obtained":["Golden Idol"],"max_hp_gain":0,"max_hp_loss":0,"event_name":"Golden Idol","floor":2,"gold_loss":0,"cards_obtained":["Injury"]},{"damage_healed":0,"gold_gain":150,"player_choice":"AGREE","damage_taken":0,"max_hp_gain":0,"max_hp_loss":0,"event_name":"Liars Game","floor":4,"gold_loss":0,"cards_obtained":["Doubt"]},{"damage_healed":0,"gold_gain":0,"player_choice":"Upgraded","damage_taken":0,"max_hp_gain":0,"max_hp_loss":0,"event_name":"Upgrade Shrine","floor":19,"gold_loss":0,"cards_upgraded":["Zap"]}],"is_beta":false,"boss_relics":[{"not_picked":["Velvet Choker","Pandora\u0027s Box"],"picked":"Astrolabe"}],"items_purged_floors":[5,21],"is_endless":false,"potions_floor_spawned":[6,10,12,14,16,22,24],"killed_by":"Snecko","ascension_level":18}}