{"host":"ebj6lkgm8suah319","time":1611530023,"event":{"mods":["2.2 Compatiblity","AchievementEnabler","BaseMod","Block Reminder","Colored Map","Colored Powertips","Minty Spire (QoL Compilation)","Quick Restart","Rare Cards Sparkle","Relic Stats","SuperFastMode"],"gold_per_floor":[113,188,202,217,54,66,92,92,92,92,242,7,7,19,19,95,95,106,106,86,98,98,123,123,142,142,142,142,142,66,94,94,94,94],"floor_reached":33,"language":"ENG","playtime":916,"items_purged":["Doubt"],"score":587,"play_id":"620bdbc0-5e8e-4ee9-87d9-ed5d2f42eab7","local_time":"20210124181343","is_ascension_mode":true,"campfire_choices":[{"data":"True Grit","floor":8.0,"key":"SMITH"},{"data":"Inflame","floor":10.0,"key":"SMITH"},{"data":"Bash","floor":13.0,"key":"SMITH"},{"data":"Disarm","floor":15.0,"key":"SMITH"},{"floor":24,"key":"REST"},{"data":"Inflame","floor":27,"key":"SMITH"},{"data":"Heavy Blade","floor":29,"key":"SMITH"},{"data":"Disarm","floor":32,"key":"SMITH"}],"circlet_count":0,"master_deck":["AscendersBane","Strike_R+1","Strike_R+1","Strike_R+1","Strike_R+1","Strike_R+1","Defend_R+1","Defend_R+1","Defend_R+1","Defend_R+1","Bash+1","Cleave","Wild Strike","Inflame+1","True Grit+1","Feed","Inflame+1","Disarm+1","Exhume","Shrug It Off","Flame Barrier","Offering","Heavy Blade+1","Feel No Pain","Disarm+1"],"relics":["Burning Blood","ClockworkSouvenir","Pen Nib","Pantograph","Velvet Choker","Regal Pillow","FossilizedHelix","Nunchaku"],"acts_visited":["Exordium","TheCity"],"potions_floor_usage":[23,33,33],"damage_taken":[{"damage":5.0,"enemies":"Small Slimes","floor":1.0,"turns":3.0},{"damage":9.0,"enemies":"Jaw Worm","floor":3.0,"turns":6.0},{"damage":0.0,"enemies":"2 Louse","floor":4.0,"turns":2.0},{"damage":6.0,"enemies":"2 Fungi Beasts","floor":6.0,"turns":3.0},{"damage":24.0,"enemies":"Gremlin Nob","floor":7.0,"turns":4.0},{"damage":5.0,"enemies":"Lots of Slimes","floor":14.0,"turns":3.0},{"damage":22.0,"enemies":"The Guardian","floor":16.0,"turns":14.0},{"damage":43,"enemies":"2 Thieves","floor":18,"turns":4},{"damage":3,"enemies":"Spheric Guardian","floor":21,"turns":4},{"damage":36,"enemies":"Slavers","floor":23,"turns":7},{"damage":0,"enemies":"Centurion and Healer","floor":25,"turns":5},{"damage":21,"enemies":"Gremlin Leader","floor":31,"turns":5},{"damage":98,"enemies":"Champ","floor":33,"turns":11}],"seed_played":"1906798138494035699","potions_obtained":[{"floor":3.0,"key":"SkillPotion"},{"floor":4.0,"key":"Weak Potion"},{"floor":6.0,"key":"Block Potion"},{"floor":18,"key":"ElixirPotion"},{"floor":20,"key":"FearPotion"},{"floor":25,"key":"SteroidPotion"},{"floor":31,"key":"PowerPotion"}],"is_trial":false,"path_per_floor":["M","?","M","M","$","M","E","R","T","R","?","$","R","M","R","B",null,"M","?","?","M","T","E","R","M","T","R","?","R","$","E","R","B"],"character_chosen":"IRONCLAD","items_purchased":["ClockworkSouvenir","Feed","Inflame","Feel No Pain"],"campfire_rested":1,"item_purchase_floors":[5,12,12,30],"current_hp_per_floor":[76,65,62,68,68,68,50,50,50,50,50,50,50,54,54,66,83,52,52,52,55,55,28,72,84,84,84,84,84,84,72,72,0,0],"gold":94,"neow_bonus":"TEN_PERCENT_HP_BONUS","is_daily":false,"chose_seed":false,"campfire_upgraded":7,"win_rate":0.0,"timestamp":1611530023,"path_taken":["M","?","M","M","$","M","E","R","T","R","?","$","R","?","R","BOSS","M","?","?","?","?","E","R","M","T","R","?","R","$","E","R","BOSS"],"items_purchased_type":["Relic","Card","Card","Card"],"build_version":"2020-12-22","purchased_purges":1,"victory":false,"max_hp_per_floor":[82,82,82,82,82,82,82,82,82,82,82,82,82,85,85,88,88,94,94,94,94,94,97,97,103,103,103,103,103,103,106,106,106,106],"relic_stats":{"Regal Pillow":15,"Nunchaku":[1],"counters":[13,71],"Pantograph":50,"Pen Nib":[8],"obtain_stats":[{"Regal Pillow":22,"Nunchaku":31,"Pantograph":9,"Velvet Choker":17,"Pen Nib":7,"Burning Blood":0,"FossilizedHelix":23,"ClockworkSouvenir":5},{"Regal Pillow":9,"Nunchaku":12,"Pantograph":5,"Velvet Choker":7,"Pen Nib":5,"Burning Blood":0,"FossilizedHelix":10,"ClockworkSouvenir":3},{"Regal Pillow":43,"Nunchaku":60,"Pantograph":18,"Velvet Choker":35,"Pen Nib":18,"Burning Blood":0,"FossilizedHelix":50,"ClockworkSouvenir":11}],"Burning Blood":72},"card_choices":[{"not_picked":["Clash","Body Slam"],"picked":"Cleave","floor":1.0},{"not_picked":["Rupture","Second Wind"],"picked":"Wild Strike","floor":3.0},{"not_picked":["Wild Strike","Sentinel","Body Slam"],"picked":"SKIP","floor":4.0},{"not_picked":["Disarm","Brutality"],"picked":"Inflame","floor":6.0},{"not_picked":["Power Through","Cleave"],"picked":"True Grit","floor":7.0},{"not_picked":["Anger","Heavy Blade"],"picked":"Disarm","floor":14.0},{"not_picked":["Juggernaut","Double Tap"],"picked":"Exhume","floor":16.0},{"not_picked":["Heavy Blade","Iron Wave"],"picked":"Shrug It Off","floor":18},{"not_picked":["Warcry","Ghostly Armor"],"picked":"Flame Barrier","floor":21},{"not_picked":["Sword Boomerang","True Grit"],"picked":"Offering","floor":23},{"not_picked":["Twin Strike","Power Through"],"picked":"Heavy Blade","floor":25},{"not_picked":["Twin Strike","Clash"],"picked":"Disarm","floor":31}],"player_experience":76610,"relics_obtained":[{"floor":7.0,"key":"Pen Nib"},{"floor":9.0,"key":"Pantograph"},{"floor":22,"key":"Regal Pillow"},{"floor":23,"key":"FossilizedHelix"},{"floor":31,"key":"Nunchaku"}],"event_choices":[{"damage_healed":0.0,"max_hp_gain":0.0,"max_hp_loss":0.0,"gold_gain":75.0,"event_name":"World of Goop","player_choice":"Gather Gold","floor":2.0,"gold_loss":0.0,"damage_taken":11.0},{"damage_healed":0.0,"max_hp_gain":0.0,"max_hp_loss":0.0,"gold_gain":150.0,"event_name":"Liars Game","player_choice":"AGREE","floor":11.0,"gold_loss":0.0,"damage_taken":0.0,"cards_obtained":["Doubt"]},{"damage_healed":0,"gold_gain":0,"player_choice":"Simplicity","damage_taken":0,"max_hp_gain":0,"max_hp_loss":0,"event_name":"Back to Basics","floor":19,"gold_loss":0,"cards_upgraded":["Strike_R","Strike_R","Strike_R","Strike_R","Strike_R","Defend_R","Defend_R","Defend_R","Defend_R"]},{"damage_healed":0,"gold_gain":0,"player_choice":"Bought 1 Potion","damage_taken":0,"max_hp_gain":0,"max_hp_loss":0,"event_name":"The Woman in Blue","floor":20,"gold_loss":0},{"damage_healed":0,"gold_gain":0,"player_choice":"Ignored","damage_taken":0,"max_hp_gain":0,"max_hp_loss":0,"event_name":"The Mausoleum","floor":28,"gold_loss":0}],"is_beta":false,"boss_relics":[{"not_picked":["Empty Cage","Philosopher\u0027s Stone"],"picked":"Velvet Choker"}],"items_purged_floors":[12],"is_endless":false,"potions_floor_spawned":[3,4,6,18,25,31],"killed_by":"Champ","ascension_level":20}}