{"host":"c95txy58ipbu969e","time":1611471111,"event":{"mods":["Act Like it!","BaseMod","Downfall","Minty Spire (QoL Compilation)","Quick Restart","StSLib"],"gold_per_floor":[99,113,127,127,138,166,166,166,182,216,228,245,259,274,293,395,395,395,414,425,436,453,480,480,630,662,678,903,921,921,953,973,1076,1076,876,894,906,906,921,950,1010,1022,1022,1022],"floor_reached":42,"language":"ZHS","playtime":2091,"items_purged":["bronze:Strike"],"score":740,"play_id":"dad9f487-9af6-4d64-aca2-4ef85eaa43aa","local_time":"20210124145151","is_ascension_mode":true,"campfire_choices":[{"data":"bronze:Goto","floor":1.0,"key":"SMITH"},{"data":"bronze:DarkDash","floor":8.0,"key":"SMITH"},{"data":"bronze:DigitalCarnage","floor":18.0,"key":"SMITH"},{"data":"bronze:Boost","floor":35,"key":"SMITH"}],"circlet_count":0,"master_deck":["bronze:Defend","bronze:Defend","bronze:Defend","bronze:Replicate","bronze:Goto+1","bronze:DarkDash+1","bronze:Repulsor","bronze:HyperBeam","bronze:DigitalCarnage+1","bronze:HardenedForm","bronze:Invalidate+1","bronze:HardenedForm+1","bronze:Overheat","bronze:Boost+1","bronze:Overheat+1","bronze:Philosophize+1","bronze:DigitalCarnage","bronze:Frontload","bronze:CleanCode","bronze:Overheat+1","bronze:Overheat+1","bronze:DarkDash+1"],"relics":["Snecko Eye","Shuriken","Art of War","Astrolabe","Bottled Tornado","Strawberry","Oddly Smooth Stone","Black Star","downfall:HeartBlessingGreen","downfall:HeartBlessingBlue","The Courier","MawBank","MealTicket"],"acts_visited":["Exordium","TheCity","TheBeyond"],"potions_floor_usage":[40,40],"damage_taken":[{"damage":0.0,"enemies":"Small Slimes","floor":2.0,"turns":2.0},{"damage":0.0,"enemies":"Cultist","floor":3.0,"turns":3.0},{"damage":0.0,"enemies":"2 Louse","floor":5.0,"turns":1.0},{"damage":0.0,"enemies":"3 Sentries","floor":6.0,"turns":2.0},{"damage":0.0,"enemies":"Large Slime","floor":9.0,"turns":4.0},{"damage":4.0,"enemies":"Gremlin Nob","floor":10.0,"turns":3.0},{"damage":0.0,"enemies":"Exordium Wildlife","floor":11.0,"turns":1.0},{"damage":0.0,"enemies":"2 Fungi Beasts","floor":12.0,"turns":1.0},{"damage":8.0,"enemies":"Gremlin Gang","floor":13.0,"turns":2.0},{"damage":2.0,"enemies":"Blue Slaver","floor":14.0,"turns":2.0},{"damage":0.0,"enemies":"3 Louse","floor":15.0,"turns":1.0},{"damage":24.0,"enemies":"DF_ARCHETYPE_STREAMLINE","floor":16.0,"turns":9.0},{"damage":5.0,"enemies":"3 Byrds","floor":19.0,"turns":2.0},{"damage":0.0,"enemies":"Chosen","floor":20.0,"turns":2.0},{"damage":0.0,"enemies":"Shelled Parasite and Fungi","floor":21.0,"turns":2.0},{"damage":0.0,"enemies":"Cultist and Chosen","floor":22.0,"turns":2.0},{"damage":16.0,"enemies":"Gremlin Leader","floor":23.0,"turns":4.0},{"damage":0.0,"enemies":"Slavers","floor":26.0,"turns":1.0},{"damage":0.0,"enemies":"Snecko","floor":27.0,"turns":2.0},{"damage":0.0,"enemies":"downfall:FleeingMerchant","floor":28.0,"turns":4.0},{"damage":0.0,"enemies":"Snake Plant","floor":29.0,"turns":1.0},{"damage":0.0,"enemies":"Gremlin Leader","floor":31.0,"turns":3.0},{"damage":0,"enemies":"Centurion and Healer","floor":32,"turns":2},{"damage":0,"enemies":"WA_ARCHETYPE_CALM","floor":33,"turns":5},{"damage":0,"enemies":"Orb Walker","floor":36,"turns":2},{"damage":3,"enemies":"3 Darklings","floor":37,"turns":3},{"damage":0,"enemies":"4 Shapes","floor":39,"turns":3},{"damage":73,"enemies":"Giant Head","floor":40,"turns":10},{"damage":30,"enemies":"Reptomancer","floor":42,"turns":2}],"seed_played":"3953460236329448237","potions_obtained":[{"floor":2.0,"key":"ColorlessPotion"},{"floor":3.0,"key":"ColorlessPotion"},{"floor":9.0,"key":"Swift Potion"},{"floor":21.0,"key":"Block Potion"},{"floor":23.0,"key":"DuplicationPotion"},{"floor":29.0,"key":"bronze:FreeFunctionsPotion"}],"is_trial":false,"path_per_floor":["R","M","M","?","M","E","T","R","M","E","M","M","M","M","M","B",null,"R","M","M","M","M","E","T","?","E","M","$","M","?","E","M","B",null,"R","M","M","?","M","E","T","E"],"character_chosen":"THE_AUTOMATON","items_purchased":[],"campfire_rested":0,"item_purchase_floors":[],"current_hp_per_floor":[70,70,70,70,70,70,70,70,70,66,66,66,58,56,56,32,70,70,65,65,65,65,49,49,49,56,56,56,56,56,56,56,56,77,87,87,84,84,84,11,11,0,0,0],"gold":1022,"neow_bonus":"BOSS_RELIC","is_daily":false,"chose_seed":false,"campfire_upgraded":4,"win_rate":0.0,"timestamp":1611471111,"path_taken":["R","M","M","?","M","E","T","R","M","E","?","M","M","M","M","BOSS","R","M","M","M","M","E","T","?","E","M","$","?","?","E","M","BOSS","R","M","M","?","M","E","T","E"],"items_purchased_type":[],"build_version":"2020-12-22","purchased_purges":1,"victory":false,"max_hp_per_floor":[70,70,70,70,70,70,70,70,70,70,70,70,70,70,70,70,70,70,70,70,70,70,70,70,70,77,77,77,77,77,77,77,77,77,87,87,87,87,87,87,87,87,87,87],"card_choices":[{"not_picked":["bronze:BuggyMess","bronze:Refactor"],"picked":"bronze:DarkDash","floor":2.0},{"not_picked":["bronze:BugBarrage","bronze:Iterate"],"picked":"bronze:Repulsor","floor":3.0},{"not_picked":["bronze:OilSpill","bronze:WhirlingStrike","bronze:Optimize"],"picked":"SKIP","floor":5.0},{"not_picked":["bronze:Deprecate","bronze:DarkDash","bronze:ThunderWave"],"picked":"SKIP","floor":6.0},{"not_picked":["bronze:Optimize","bronze:ChosenStrike","bronze:CutThrough"],"picked":"SKIP","floor":9.0},{"not_picked":["bronze:Constructor","bronze:Return","bronze:Shield"],"picked":"SKIP","floor":10.0},{"not_picked":["bronze:BuggyMess","bronze:BugBarrage","bronze:Shell"],"picked":"SKIP","floor":11.0},{"not_picked":["bronze:Shield","bronze:Safeguard","bronze:Constructor"],"picked":"SKIP","floor":12.0},{"not_picked":["bronze:Shield","bronze:Break"],"picked":"bronze:DigitalCarnage","floor":13.0},{"not_picked":["bronze:Turbo","bronze:DelayedSlice","bronze:Refactor"],"picked":"SKIP","floor":14.0},{"not_picked":["bronze:BugBarrage","bronze:BronzeArmor","bronze:DelayedGuard"],"picked":"SKIP","floor":15.0},{"not_picked":["bronze:FindAndReplace","bronze:CleanCode"],"picked":"bronze:HardenedForm","floor":16.0},{"not_picked":["bronze:BuggyMess","bronze:BugBarrage"],"picked":"bronze:Overheat","floor":19.0},{"not_picked":["bronze:Safeguard","bronze:Overheat"],"picked":"bronze:Boost","floor":20.0},{"not_picked":["bronze:Turbo","bronze:DelayedSlice","bronze:Constructor"],"picked":"SKIP","floor":21.0},{"not_picked":["bronze:WhirlingStrike","bronze:InfiniteBeams+1"],"picked":"bronze:Overheat+1","floor":22.0},{"not_picked":["bronze:ForLoop","bronze:Overload"],"picked":"bronze:Philosophize+1","floor":23.0},{"not_picked":["bronze:Overload+1","bronze:BuggyMess"],"picked":"bronze:DigitalCarnage","floor":26.0},{"not_picked":["bronze:Assembly","bronze:DelayedSlice+1","bronze:Constructor"],"picked":"SKIP","floor":27.0},{"not_picked":["bronze:Invalidate+1","bronze:Branch+1","bronze:Virus"],"picked":"SKIP","floor":28.0},{"not_picked":["bronze:DelayedSlice+1","bronze:BugBarrage","bronze:Turbo"],"picked":"SKIP","floor":29.0},{"not_picked":["bronze:Repulsor","bronze:WhirlingStrike+1","bronze:BronzeArmor+1"],"picked":"SKIP","floor":31.0},{"not_picked":["bronze:Branch+1","bronze:ForLoop"],"picked":"bronze:CleanCode","floor":32},{"not_picked":["bronze:OilSpill+1","bronze:GetLatest"],"picked":"bronze:Overheat+1","floor":36},{"not_picked":["bronze:BronzeArmor+1","bronze:ItsAFeature","bronze:Deprecate"],"picked":"SKIP","floor":37},{"not_picked":["bronze:Refactor+1","bronze:BitShift+1"],"picked":"bronze:Overheat+1","floor":39},{"not_picked":["bronze:Repair","bronze:Allocate"],"picked":"bronze:DarkDash+1","floor":40}],"player_experience":502654,"relics_obtained":[{"floor":6.0,"key":"Shuriken"},{"floor":7.0,"key":"bronze:ProtectiveGoggles"},{"floor":10.0,"key":"Art of War"},{"floor":23.0,"key":"Bottled Tornado"},{"floor":26.0,"key":"Strawberry"},{"floor":31.0,"key":"Oddly Smooth Stone"},{"floor":40,"key":"The Courier"},{"floor":40,"key":"MawBank"},{"floor":41,"key":"MealTicket"}],"event_choices":[{"damage_healed":0.0,"max_hp_gain":0.0,"max_hp_loss":0.0,"gold_gain":0.0,"event_name":"The Library","player_choice":"Read","floor":30.0,"gold_loss":0.0,"damage_taken":0.0,"cards_obtained":["bronze:Frontload"]},{"cards_removed":["bronze:WildBeam"],"damage_healed":0,"gold_gain":0,"player_choice":"Removed Attack","damage_taken":0,"max_hp_gain":0,"max_hp_loss":0,"event_name":"Falling","floor":38,"gold_loss":0}],"is_beta":false,"boss_relics":[{"not_picked":["Pandora\u0027s Box","Philosopher\u0027s Stone"],"picked":"Astrolabe"},{"not_picked":["sneckomod:SneckoTalon","Cursed Key"],"picked":"Black Star"}],"items_purged_floors":[28],"is_endless":false,"potions_floor_spawned":[2,3,9,12,13,21,23,29,33,36,37],"killed_by":"Reptomancer","ascension_level":1}}