{"host":"7sni158j623xchr2","time":1611470606,"event":{"mods":["BaseMod","Colored Map","Highlight Path","Minty Spire (QoL Compilation)","Permanent Neow","Potion Indicator Mod","Rare Cards Sparkle","Relic Sorter","Relic Stats","StSLib","everything is the same but u backflip on backflip"],"gold_per_floor":[111,121,22,32,32,32,64,64,64,77,107,131,131,142,142,245,245,261,261,261,273,9,34,34,34,34],"floor_reached":25,"language":"ENG","playtime":700,"items_purged":["Strike_P"],"score":263,"play_id":"028ce2a7-9799-4e91-aa55-fb22485c4e85","local_time":"20210124004326","is_ascension_mode":true,"campfire_choices":[{"data":"Eruption","floor":6,"key":"SMITH"},{"data":"Scrawl","floor":13,"key":"SMITH"},{"data":"Fasting2","floor":15,"key":"SMITH"},{"data":"DeusExMachina","floor":24,"key":"SMITH"}],"circlet_count":0,"master_deck":["Strike_P","Strike_P+1","Strike_P+1","Defend_P","Defend_P","Defend_P","Eruption+1","Vigilance","FearNoEvil","EmptyFist","Consecrate","Protect","Scrawl+1","Fasting2+1","CutThroughFate","DeusExMachina+1","WheelKick"],"relics":["Philosopher\u0027s Stone","Singing Bowl","Matryoshka","Pen Nib","Omamori","Whetstone","Snecko Eye","Membership Card","Happy Flower","Vajra"],"acts_visited":["Exordium","TheCity"],"potions_floor_usage":[7,11,16,18,18,25],"damage_taken":[{"damage":0,"enemies":"2 Louse","floor":1,"turns":3},{"damage":0,"enemies":"Jaw Worm","floor":2,"turns":3},{"damage":0,"enemies":"Cultist","floor":4,"turns":2},{"damage":26,"enemies":"3 Sentries","floor":7,"turns":7},{"damage":0,"enemies":"Exordium Thugs","floor":10,"turns":3},{"damage":2,"enemies":"Gremlin Nob","floor":11,"turns":3},{"damage":0,"enemies":"3 Louse","floor":14,"turns":1},{"damage":9,"enemies":"Hexaghost","floor":16,"turns":6},{"damage":24,"enemies":"3 Byrds","floor":18,"turns":2},{"damage":0,"enemies":"Spheric Guardian","floor":21,"turns":2},{"damage":3,"enemies":"Book of Stabbing","floor":23,"turns":4},{"damage":37,"enemies":"Slavers","floor":25,"turns":3}],"seed_played":"1278302571912020276","potions_obtained":[{"floor":1,"key":"BottledMiracle"},{"floor":2,"key":"PowerPotion"},{"floor":4,"key":"StancePotion"},{"floor":14,"key":"Block Potion"},{"floor":16,"key":"AttackPotion"},{"floor":23,"key":"Explosive Potion"}],"is_trial":false,"path_per_floor":["M","M","$","M","?","R","E","?","T","M","E","T","R","M","R","B",null,"M","?","?","M","$","E","R","E"],"character_chosen":"WATCHER","items_purchased":["EmptyFist","Consecrate","Membership Card","Happy Flower"],"campfire_rested":0,"item_purchase_floors":[3,3,22,22],"current_hp_per_floor":[72,72,72,72,65,65,39,39,39,39,37,37,37,39,39,30,74,52,38,38,40,40,37,37,0,0],"gold":34,"neow_bonus":"BOSS_RELIC","is_daily":false,"chose_seed":false,"campfire_upgraded":4,"win_rate":0.0,"timestamp":1611470606,"path_taken":["M","M","$","M","?","R","E","?","T","?","E","?","R","M","R","BOSS","M","?","?","M","$","E","R","E"],"items_purchased_type":["Card","Card","Relic","Relic"],"build_version":"2020-12-22","purchased_purges":1,"victory":false,"max_hp_per_floor":[72,72,72,72,72,72,72,72,72,72,72,72,72,74,74,74,74,76,81,81,83,83,83,83,83,83],"relic_stats":{"Singing Bowl":6,"Happy Flower":[2],"counters":[12,39],"Snecko Eye":[16,24,21,21],"Pen Nib":[4],"Whetstone":["Strike_P","Strike_P"],"obtain_stats":[{"Matryoshka":9,"Singing Bowl":7,"Happy Flower":22,"Snecko Eye":17,"Vajra":23,"Philosopher\u0027s Stone":0,"Pen Nib":11,"Omamori":12,"Whetstone":12,"Membership Card":22,"PureWater":0},{"Matryoshka":4,"Singing Bowl":4,"Happy Flower":10,"Snecko Eye":8,"Vajra":11,"Philosopher\u0027s Stone":0,"Pen Nib":6,"Omamori":6,"Whetstone":6,"Membership Card":10,"PureWater":0},{"Matryoshka":15,"Singing Bowl":15,"Happy Flower":32,"Snecko Eye":28,"Vajra":36,"Philosopher\u0027s Stone":0,"Pen Nib":21,"Omamori":21,"Whetstone":21,"Membership Card":32,"PureWater":0}]},"card_choices":[{"not_picked":["LikeWater","CrushJoints"],"picked":"FearNoEvil","floor":1},{"not_picked":["Crescendo","Vengeance","Evaluate"],"picked":"SKIP","floor":2},{"not_picked":["ClearTheMind","Crescendo"],"picked":"Protect","floor":4},{"not_picked":["EmptyFist","EmptyMind"],"picked":"Scrawl","floor":7},{"not_picked":["ClearTheMind","ForeignInfluence"],"picked":"Fasting2","floor":10},{"not_picked":["Wireheading","Crescendo"],"picked":"CutThroughFate","floor":11},{"not_picked":["ForeignInfluence","ClearTheMind","Indignation"],"picked":"Singing Bowl","floor":14},{"not_picked":["Devotion","SpiritShield"],"picked":"DeusExMachina","floor":16},{"not_picked":["Collect","FlyingSleeves","CrushJoints"],"picked":"Singing Bowl","floor":18},{"not_picked":["ThirdEye+1","FollowUp+1","Establishment"],"picked":"Singing Bowl","floor":21},{"not_picked":["BowlingBash","Consecrate"],"picked":"WheelKick","floor":23}],"player_experience":1689682,"relics_obtained":[{"floor":7,"key":"Singing Bowl"},{"floor":9,"key":"Matryoshka"},{"floor":11,"key":"Pen Nib"},{"floor":12,"key":"Omamori"},{"floor":12,"key":"Whetstone"},{"floor":23,"key":"Vajra"}],"event_choices":[{"cards_removed":["Defend_P"],"damage_healed":0,"gold_gain":0,"player_choice":"Card Removal","damage_taken":7,"max_hp_gain":0,"max_hp_loss":0,"event_name":"Golden Wing","floor":5,"gold_loss":0},{"damage_healed":0,"gold_gain":0,"player_choice":"Ignored","damage_taken":0,"max_hp_gain":0,"max_hp_loss":0,"event_name":"NoteForYourself","floor":8,"gold_loss":0},{"damage_healed":0,"gold_gain":0,"player_choice":"Shed Blood","damage_taken":19,"max_hp_gain":5,"max_hp_loss":0,"event_name":"Forgotten Altar","floor":19,"gold_loss":0},{"damage_healed":0,"gold_gain":0,"player_choice":"Ignored","damage_taken":0,"max_hp_gain":0,"max_hp_loss":0,"event_name":"Ghosts","floor":20,"gold_loss":0}],"is_beta":false,"boss_relics":[{"not_picked":["Coffee Dripper","Ectoplasm"],"picked":"Snecko Eye"}],"items_purged_floors":[22],"is_endless":false,"potions_floor_spawned":[1,2,4,14,16,23],"killed_by":"Slavers","ascension_level":3}}