{"host":"v3mpq6flurzldi5g","time":1611446899,"event":{"mods":["AchievementEnabler","BaseMod","Colored Powertips","Highlight Path","Minty Spire (QoL Compilation)","StSLib"],"gold_per_floor":[211,211,221,238,169,169,203,222,271,271,290,290,31,31,31,136,136,124,136,61,61,78,78,78],"floor_reached":23,"language":"ENG","playtime":1111,"items_purged":[],"score":296,"play_id":"ccc04afd-e990-4f83-93e1-ab2ce4d652af","local_time":"20210123190819","is_ascension_mode":true,"campfire_choices":[{"data":"Defend_B","floor":6,"key":"SMITH"},{"floor":10,"key":"REST"},{"data":"Defend_B","floor":12,"key":"SMITH"},{"data":"Genetic Algorithm","floor":15,"key":"SMITH"}],"circlet_count":0,"master_deck":["AscendersBane","Strike_B","Strike_B","Defend_B+1","Defend_B","Defend_B+1","Zap","Dualcast","BootSequence","Sunder","Reinforced Body","Capacitor","Leap","Genetic Algorithm+1","Rainbow","Rebound"],"relics":["Cracked Core","Meat on the Bone","Anchor","Cables","Busted Crown"],"acts_visited":["Exordium","TheCity"],"potions_floor_usage":[8,16],"damage_taken":[{"damage":2,"enemies":"2 Louse","floor":1,"turns":2},{"damage":0,"enemies":"Small Slimes","floor":3,"turns":3},{"damage":1,"enemies":"Cultist","floor":4,"turns":3},{"damage":16,"enemies":"Lagavulin","floor":7,"turns":8},{"damage":0,"enemies":"3 Louse","floor":8,"turns":3},{"damage":0,"enemies":"Red Slaver","floor":11,"turns":5},{"damage":56,"enemies":"The Guardian","floor":16,"turns":17},{"damage":7,"enemies":"2 Thieves","floor":18,"turns":4},{"damage":10,"enemies":"Spheric Guardian","floor":19,"turns":7},{"damage":20,"enemies":"Shelled Parasite and Fungi","floor":22,"turns":13},{"damage":53,"enemies":"Slavers","floor":23,"turns":4}],"seed_played":"7873275688988247899","potions_obtained":[{"floor":3,"key":"Swift Potion"},{"floor":4,"key":"Fire Potion"}],"is_trial":false,"path_per_floor":["M","?","M","M","$","R","E","M","T","R","M","R","$","?","R","B",null,"M","M","?","?","M","E"],"character_chosen":"DEFECT","items_purchased":["Capacitor","Cables"],"campfire_rested":1,"item_purchase_floors":[5,13],"current_hp_per_floor":[66,59,59,58,58,58,42,42,42,64,64,64,64,69,69,25,66,59,49,49,49,41,0,0],"gold":78,"neow_bonus":"HUNDRED_GOLD","is_daily":false,"chose_seed":false,"campfire_upgraded":3,"win_rate":0.0,"timestamp":1611446899,"path_taken":["M","?","M","M","$","R","E","M","T","R","M","R","$","?","R","BOSS","M","M","?","?","?","E"],"items_purchased_type":["Card","Relic"],"build_version":"2020-12-22","purchased_purges":0,"victory":false,"max_hp_per_floor":[75,75,75,75,75,75,75,75,75,75,75,75,75,80,80,80,80,80,80,80,80,80,80,80],"card_choices":[{"not_picked":["Gash","Go for the Eyes"],"picked":"BootSequence","floor":1},{"not_picked":["Barrage","Rebound"],"picked":"Sunder","floor":3},{"not_picked":["Double Energy","Ball Lightning"],"picked":"Reinforced Body","floor":4},{"not_picked":["Consume","Skim"],"picked":"Leap","floor":7},{"not_picked":["Storm","Rebound","Turbo"],"picked":"SKIP","floor":8},{"not_picked":["Redo","FTL"],"picked":"Genetic Algorithm","floor":11},{"not_picked":["Reboot","Amplify"],"picked":"Rainbow","floor":16},{"not_picked":["Genetic Algorithm"],"picked":"SKIP","floor":18},{"not_picked":["Gash+1"],"picked":"SKIP","floor":19},{"not_picked":["Hello World"],"picked":"SKIP","floor":22}],"player_experience":1015832,"relics_obtained":[{"floor":7,"key":"Meat on the Bone"},{"floor":9,"key":"Anchor"}],"event_choices":[{"cards_removed":["Strike_B"],"damage_healed":0,"gold_gain":0,"player_choice":"Card Removal","damage_taken":7,"max_hp_gain":0,"max_hp_loss":0,"event_name":"Golden Wing","floor":2,"gold_loss":0},{"damage_healed":0,"gold_gain":0,"player_choice":"Donut","damage_taken":0,"max_hp_gain":5,"max_hp_loss":0,"event_name":"Big Fish","floor":14,"gold_loss":0},{"cards_removed":["Strike_B"],"damage_healed":0,"gold_gain":0,"player_choice":"Gave Gold","damage_taken":0,"max_hp_gain":0,"max_hp_loss":0,"event_name":"Beggar","floor":20,"gold_loss":75},{"damage_healed":0,"gold_gain":0,"cards_transformed":["Defend_B"],"player_choice":"Transformed","damage_taken":0,"max_hp_gain":0,"max_hp_loss":0,"event_name":"Transmorgrifier","floor":21,"gold_loss":0,"cards_obtained":["Rebound"]}],"is_beta":false,"boss_relics":[{"not_picked":["Runic Dome","Coffee Dripper"],"picked":"Busted Crown"}],"items_purged_floors":[],"is_endless":false,"potions_floor_spawned":[3,4],"killed_by":"Slavers","ascension_level":11}}