{"host":"8srk5r1dwtmjotwd","time":1611526550,"event":{"mods":["AchievementEnabler","Act Like it!","BaseMod","Bestiary","Better Note","Better Third Choice","Colored Map","Colored Powertips","Friendly Minions","GifTheSpireLib","Halation","Hallownest","Hermit","Hubris","Minty Spire (QoL Compilation)","Quick Restart","Rare Cards Sparkle","Replay The Spire","Robot Space Explorer","Shop Mod","StSLib","SuperFastMode","Synergy Search","The Bug Knight","The Construct","The Jungle","Thieving Mod","Yohane!","everything is the same but u backflip on backflip","slay the spire mod where everything is the same but ironclad has a cowboy hat"],"gold_per_floor":[115,115,64,64,75,75,100,100,100,115,189,189,189,219,219,318,318,335,353,18,18,18,18,37,37,61,61,211,230,6,22,22,125,125,138,158,158,158,158,190,190,202,202,2,13,30,58,58,58,58],"floor_reached":51,"language":"ENG","playtime":4884,"items_purged":[],"score":731,"play_id":"f104a464-ed95-455c-9da0-4ad1b8573d95","local_time":"20210124171550","is_ascension_mode":false,"campfire_choices":[{"data":"hubris:ReadiedAction","floor":6.0,"key":"SMITH"},{"data":"Run Through","floor":8.0,"key":"SMITH"},{"data":"Cleave","floor":12.0,"key":"SMITH"},{"floor":23.0,"key":"REST"},{"data":"Dramatic Entrance","floor":25.0,"key":"SMITH"},{"floor":27.0,"key":"REST"},{"floor":32,"key":"REST"},{"floor":41,"key":"REST"}],"circlet_count":0,"master_deck":["Strike_R","Strike_R+1","Strike_R","Strike_R","Defend_R","Defend_R","Defend_R+1","Defend_R","Bash","Run Through+1","hubris:ReadiedAction+1","Anger","Cleave+1","ReplayTheSpireMod:Strike From Hell","Dark Embrace","Feed","Pommel Strike","Dramatic Entrance+1","Iron Wave+1","Thunderclap+1","Limit Break+1","Apotheosis","Flame Barrier+1","hubris:NaturalOne","Feed","Spot Weakness","Shrug It Off","hubris:Sloth","Inflame","Rage+1","Massacre+1","Parasite","Iron Wave+1","ReplayTheSpireMod:Splinters","Flex","Writhe"],"relics":["Burning Blood","NeowsBlessing","HollowMod:LifeEnderRelic","hubris:SlimyHat","Hallownest:DreamNailRelic","hubris:ChampionShield","Mark of Pain","halation:Komachan","Shuriken","hubris:Icosahedron","ReplayTheSpireMod:Lightbulb","Ooze Armor","halation:PapillonHeart","halation:PinkSoulGem","Ring of Misfortune","ReplayTheSpireMod:Ring of Exchange","halation:KoshaPiece","halation:QuantumPhysicsTextbook","Simple Rune","Lizard Tail"],"acts_visited":["Hallownest:Greenpath","Hallownest:Greenpath","TheBeyond"],"potions_floor_usage":[33,33,36,36,40,45,46],"damage_taken":[{"damage":0.0,"enemies":"Hallownest:2_Baldur","floor":1.0,"turns":1.0},{"damage":0.0,"enemies":"Hallownest:monsterHuskWarrior","floor":5.0,"turns":1.0},{"damage":0.0,"enemies":"Hallownest:eliteMossKnight","floor":7.0,"turns":1.0},{"damage":2.0,"enemies":"Hallownest:monsterHuskGuard","floor":10.0,"turns":3.0},{"damage":31.0,"enemies":"Hallownest:eliteCrystalGuardian","floor":14.0,"turns":4.0},{"damage":56.0,"enemies":"Hallownest:BossHornet","floor":16.0,"turns":8.0},{"damage":30.0,"enemies":"Shell Parasite","floor":18.0,"turns":6.0},{"damage":8.0,"enemies":"theJungle:5_Spyders","floor":19.0,"turns":6.0},{"damage":35.0,"enemies":"JungleHuntersEvent","floor":21.0,"turns":7.0},{"damage":0.0,"enemies":"theJungle:SlimyTreeVines","floor":24.0,"turns":3.0},{"damage":20,"enemies":"theJungle:JungleHuntersEncounter","floor":29,"turns":3},{"damage":21,"enemies":"theJungle:2_Snecko_Cultists","floor":31,"turns":5},{"damage":78,"enemies":"theJungle:TotemBoss","floor":33,"turns":9},{"damage":24,"enemies":"3 Shapes","floor":35,"turns":2},{"damage":27,"enemies":"Orb Walker","floor":36,"turns":3},{"damage":42,"enemies":"Nemesis","floor":40,"turns":3},{"damage":23,"enemies":"Jaw Worm Horde","floor":42,"turns":3},{"damage":24,"enemies":"4 Shapes","floor":45,"turns":4},{"damage":8,"enemies":"Writhing Mass","floor":46,"turns":4},{"damage":115,"enemies":"Awakened One","floor":50,"turns":11}],"seed_played":"340319184745006111","potions_obtained":[{"floor":1.0,"key":"Weak Potion"},{"floor":10.0,"key":"Fire Potion"},{"floor":14.0,"key":"CultistPotion"},{"floor":18.0,"key":"Adrenaline Potion"},{"floor":21.0,"key":"Swift Potion"},{"floor":31,"key":"Energy Potion"},{"floor":33,"key":"SteroidPotion"},{"floor":35,"key":"PowerPotion"},{"floor":36,"key":"Elixir"},{"floor":45,"key":"FearPotion"},{"floor":46,"key":"SmokeBomb"}],"is_trial":false,"path_per_floor":["M","?","$","?","M","R","E","R","T","M","?","R","?","E","R_BF","B",null,"M","M","$","?","?","R","M","R","T","R","?","M","$","M","R","B",null,"M","M","?","?","?","E","R","M","T","$","M","M","?","?","R_BF","B",null],"character_chosen":"IRONCLAD","items_purchased":["PowerPotion","halation:Komachan","Dramatic Entrance","ColorlessPotion","FearPotion","Apotheosis","Flame Barrier+1","AttackPotion","Simple Rune"],"campfire_rested":4,"item_purchase_floors":[3,20,20,20,20,30,30,44,44],"current_hp_per_floor":[80,80,80,80,80,80,80,80,80,80,80,80,80,59,59,9,80,59,60,60,31,31,56,65,65,65,86,86,75,75,60,86,18,93,78,57,57,57,57,25,53,36,36,36,21,19,19,44,73,20],"gold":58,"neow_bonus":"THREE_ENEMY_KILL","is_daily":false,"chose_seed":false,"campfire_upgraded":4,"win_rate":0.0,"timestamp":1611526550,"path_taken":["M","?","$","?","?","R","E","R","T","M","?","R","?","E","R_BF","BOSS","M","M","$","?","?","R","M","R","T","R","?","M","$","M","R","BOSS","M","M","?","?","?","E","R","M","T","$","M","M","?","?","R_BF","BOSS"],"items_purchased_type":["Potion","Relic","Card","Potion","Potion","Card","Card","Potion","Relic"],"build_version":"2020-12-22","purchased_purges":0,"victory":true,"max_hp_per_floor":[80,80,80,80,80,80,80,80,80,80,80,80,80,80,80,80,80,83,86,86,86,86,86,86,86,86,86,86,89,89,89,89,93,93,96,96,91,91,91,95,95,95,95,95,98,98,98,98,98,98],"card_choices":[{"not_picked":["Rupture","Pommel Strike"],"picked":"Run Through","floor":1.0},{"not_picked":["ReplayTheSpireMod:Strike From Hell","Sword Boomerang"],"picked":"hubris:ReadiedAction","floor":5.0},{"not_picked":["ReplayTheSpireMod:Limb From Limb","Second Wind"],"picked":"Anger","floor":7.0},{"not_picked":["Body Slam","Demonic Infusion"],"picked":"Cleave","floor":10.0},{"not_picked":["Second Wind","Dark Embrace"],"picked":"ReplayTheSpireMod:Strike From Hell","floor":14.0},{"not_picked":["Immolate","Impervious"],"picked":"Feed","floor":16.0},{"not_picked":["Perfected Strike+1","ReplayTheSpireMod:Strike From Hell"],"picked":"Pommel Strike","floor":18.0},{"not_picked":["Warcry","ReplayTheSpireMod:Strike From Hell","Combust"],"picked":"SKIP","floor":19.0},{"not_picked":["Battle Trance","Armaments"],"picked":"Iron Wave+1","floor":21.0},{"not_picked":["Iron Wave","Clothesline"],"picked":"Thunderclap+1","floor":24.0},{"not_picked":["Shrug It Off","Sword Boomerang+1"],"picked":"Limit Break","floor":29},{"not_picked":["Clothesline","Wild Strike","Cleave"],"picked":"SKIP","floor":31},{"not_picked":["Impervious","Reaper"],"picked":"Feed","floor":33},{"not_picked":["Body Slam","ReplayTheSpireMod:Muscle Training"],"picked":"Spot Weakness","floor":35},{"not_picked":["Blood for Blood","Warcry"],"picked":"Shrug It Off","floor":36},{"not_picked":["Perfected Strike","Shrug It Off"],"picked":"Inflame","floor":40},{"not_picked":["Flame Barrier+1","Body Slam+1"],"picked":"Rage+1","floor":42},{"not_picked":["Uppercut","Wild Strike"],"picked":"Massacre+1","floor":45},{"not_picked":["Whirlwind","Dual Wield+1"],"picked":"Iron Wave+1","floor":46},{"not_picked":["ReplayTheSpireMod:Muscle Training+1","Replay:Undeath\u0027s Touch+1"],"picked":"Flex","floor":47}],"player_experience":49907,"relics_obtained":[{"floor":7.0,"key":"HollowMod:LifeEnderRelic"},{"floor":9.0,"key":"hubris:SlimyHat"},{"floor":14.0,"key":"hubris:ChampionShield"},{"floor":21.0,"key":"Shuriken"},{"floor":26.0,"key":"ReplayTheSpireMod:Lightbulb"},{"floor":39,"key":"Ring of Misfortune"},{"floor":39,"key":"ReplayTheSpireMod:Ring of Exchange"},{"floor":40,"key":"halation:KoshaPiece"},{"floor":43,"key":"halation:QuantumPhysicsTextbook"},{"floor":47,"key":"Lizard Tail"}],"event_choices":[{"damage_healed":25,"gold_gain":0,"player_choice":"Writhe","damage_taken":0,"max_hp_gain":0,"max_hp_loss":0,"event_name":"Winding Halls","floor":48,"gold_loss":0,"cards_obtained":["Writhe"]}],"is_beta":false,"boss_relics":[{"not_picked":["hubris:CrackedHourglass","hubris:ScarierMask"],"picked":"Mark of Pain"},{"not_picked":["Sozu","Electric Blood"],"picked":"Ooze Armor"}],"items_purged_floors":[],"is_endless":false,"potions_floor_spawned":[1,10,14,18,21,31,33,35,36,45,46],"ascension_level":0}}