{"host":"4amcrcg6ktw8dbzk","time":1611490059,"event":{"mods":["ATMod(°¢èªMod)","Act Like it!","BaseMod","Dota2Spire","Gensokyo","Hallownest","Minty Spire (QoL Compilation)","MostiFishMod","Spicy Shops","StSLib","Waifu the Spire"],"gold_per_floor":[210,229,239,239,258,291,305,190,190,61,61,61,80,111,111,182,182,198,118,18,28,44,73,73,103,150,179,198,198,208,222,222,296,-1104,-1092,-1092,-1092,-1076,-1061,-1026,-1026,-1001,-1001,-1001,-1001,-841,-821,-821,-821,-821,-821,-821,-821,-821,-788,-788],"floor_reached":57,"language":"ZHS","playtime":2476,"items_purged":["Strike_B","Dualcast"],"score":3524,"play_id":"c95eef17-7464-43d2-99c8-062d3a77eaf9","local_time":"20210124200739","is_ascension_mode":true,"campfire_choices":[{"data":"Capacitor","floor":11,"key":"SMITH"},{"floor":15,"key":"RECALL"},{"data":"MostiFishMod:FluxCapactior","floor":24,"key":"SMITH"},{"data":"MostiFishMod:IntelligentEquipment","floor":32,"key":"SMITH"},{"data":"Hallownest:skillCityofTearsMap","floor":41,"key":"SMITH"},{"data":"AT_ThreeBodyProblem","floor":45,"key":"SMITH"},{"data":"Machine Learning","floor":49,"key":"SMITH"},{"data":"Coolheaded","floor":53,"key":"SMITH"}],"circlet_count":0,"master_deck":["AscendersBane","Strike_B","Strike_B","Strike_B","Defend_B","Defend_B","Defend_B","Zap","AT_EMC2","Turbo","Sweeping Beam","Capacitor+1","Core Surge","Ball Lightning","Coolheaded+1","Rainbow","Hallownest:skillCityofTearsMap+1","MostiFishMod:FluxCapactior+1","Skim","MostiFishMod:IntelligentEquipment+1","Meteor Strike+1","Machine Learning+1","Conserve Battery","AT_ThreeBodyProblem+1"],"relics":["Cracked Core","DaveBox","AT_ATBox","Civilization","SynthV:TestCard","Ancient Tea Set","Odd Mushroom","Juzu Bracelet","PatriotShield","Cables","AT_ForceNature","Dota2Spire:PowerTreads","Molten Egg 2","SynthV:MejaisSoulstealer","Hallownest:HeavyBlowRelic","Bottled Flame","Omamori","TungstenRod","AT_TimeSand","Hallownest:GodTamersBeastRelic","Hallownest:BeastSealRelic","AT_SilvercatRing"],"acts_visited":["Exordium","Hallownest:Greenpath","Hallownest:CityofTears","TheEnding"],"potions_floor_usage":[47,47,56,56],"damage_taken":[{"damage":2.0,"enemies":"Hallownest:monsterHuskGuard","floor":1.0,"turns":4.0},{"damage":2.0,"enemies":"Hallownest:monsterHuskWarrior","floor":2.0,"turns":3.0},{"damage":0.0,"enemies":"Hallownest:2_Baldur","floor":3.0,"turns":3.0},{"damage":0,"enemies":"Hallownest:MossCreep_and_Mosskin","floor":5,"turns":4},{"damage":19,"enemies":"Hallownest:eliteMossKnight","floor":6,"turns":5},{"damage":5,"enemies":"Hallownest:Guard_and_Warrior","floor":7,"turns":4},{"damage":10,"enemies":"Hallownest:1_Ooma_and_2_Uuma","floor":13,"turns":4},{"damage":0,"enemies":"Hallownest:eliteVengeflyKing","floor":14,"turns":3},{"damage":31,"enemies":"Hallownest:BossHornet","floor":16,"turns":7},{"damage":0,"enemies":"Hallownest:2_Mistakes","floor":18,"turns":2},{"damage":0,"enemies":"Hallownest:Guard_and_Sentry","floor":21,"turns":3},{"damage":0,"enemies":"Hallownest:2_Husk_Sentries","floor":22,"turns":3},{"damage":0,"enemies":"Hallownest:eliteWatcherKnight","floor":23,"turns":7},{"damage":0,"enemies":"Hallownest:Nosk","floor":25,"turns":4},{"damage":0,"enemies":"Hallownest:eliteSoulWarrior","floor":27,"turns":4},{"damage":0,"enemies":"Hallownest:Master_and_Novice","floor":28,"turns":2},{"damage":0,"enemies":"Hallownest:monsterShrumalOgre","floor":30,"turns":2},{"damage":0,"enemies":"Hallownest:Warrior_and_Youth","floor":31,"turns":3},{"damage":0,"enemies":"Hallownest:BossSoulMaster","floor":33,"turns":5},{"damage":0,"enemies":"Hallownest:Shield_Heavy","floor":35,"turns":2},{"damage":0,"enemies":"Hallownest:2_Littles","floor":38,"turns":3},{"damage":0,"enemies":"Hallownest:monsterPrimalAspid","floor":39,"turns":2},{"damage":0,"enemies":"Hallownest:eliteHiveKnight","floor":40,"turns":2},{"damage":0,"enemies":"Hallownest:eliteCollector","floor":42,"turns":2},{"damage":0,"enemies":"Hallownest:eliteCollector","floor":46,"turns":1},{"damage":0,"enemies":"Hallownest:eliteCollector","floor":46,"turns":1},{"damage":0,"enemies":"Hallownest:eliteCollector","floor":46,"turns":3},{"damage":0,"enemies":"Hallownest:eliteCollector","floor":46,"turns":3},{"damage":0,"enemies":"Hallownest:2_Wing_and_1_Kings","floor":47,"turns":2},{"damage":0,"enemies":"Hallownest:BossHollowKnight","floor":50,"turns":4},{"damage":0,"enemies":"Hallownest:Radiance","floor":51,"turns":4},{"damage":0,"enemies":"Shield and Spear","floor":55,"turns":2},{"damage":3,"enemies":"The Heart","floor":56,"turns":7}],"seed_played":"-1869332681624668398","potions_obtained":[{"floor":2.0,"key":"Energy Potion"},{"floor":3.0,"key":"AttackPotion"},{"floor":47,"key":"Fruit Juice"},{"floor":55,"key":"LiquidBronze"}],"is_trial":false,"path_per_floor":["M","M","M","?","M","E","M","?","T","$","R","$","M","E","R","B",null,"M","?","$","M","M","E","R","E","T","E","M","?","M","M","R","B",null,"M","?","?","M","M","E","R","E","T","T","R","?","M","?","R","B","B",null,"R","$","E","B",null],"character_chosen":"DEFECT","items_purchased":["Ball Lightning"],"campfire_rested":0,"item_purchase_floors":[10],"current_hp_per_floor":[63,63,67,67,72,58,58,58,58,58,58,58,53,58,58,32,89,94,94,94,99,104,109,109,114,114,119,124,118,123,128,128,133,152,157,157,157,162,167,172,172,177,177,177,177,197,207,207,207,212,217,222,222,222,227,229],"gold":-788,"neow_bonus":"HUNDRED_GOLD","is_daily":false,"chose_seed":false,"campfire_upgraded":7,"win_rate":0.0,"timestamp":1611490059,"path_taken":["M","M","M","?","M","E","M","?","T","$","R","?","M","E","R","BOSS","M","?","$","M","M","E","R","E","T","E","M","?","M","M","R","BOSS","M","?","?","M","M","E","R","E","T","?","R","?","M","?","R","BOSS","BOSS","R","$","E","BOSS"],"items_purchased_type":["Card"],"build_version":"2020-12-22","purchased_purges":2,"victory":true,"max_hp_per_floor":[72,74,78,78,83,88,93,93,93,93,93,93,98,103,103,108,108,113,113,113,118,123,128,128,133,133,138,143,143,148,153,153,158,158,163,163,163,168,173,178,178,183,183,183,183,203,213,213,213,218,223,223,223,223,228,233],"card_choices":[{"not_picked":["Go for the Eyes","AT_ThunderBolt"],"picked":"AT_EMC2","floor":1.0},{"not_picked":["Barrage","Reinforced Body","Leap","BootSequence"],"picked":"Turbo","floor":2.0},{"not_picked":["Leap","Compile Driver","Rebound","Beam Cell"],"picked":"Sweeping Beam","floor":3.0},{"not_picked":["Compile Driver","Conserve Battery","Barrage","Go for the Eyes"],"picked":"Capacitor","floor":5},{"not_picked":["Conserve Battery","Capacitor","Sweeping Beam","Storm","Force Field"],"picked":"SKIP","floor":6},{"not_picked":["Beam Cell","Force Field","Stack","Turbo"],"picked":"Core Surge","floor":7},{"not_picked":["Lockon","Conserve Battery","Hologram","Aggregate"],"picked":"Coolheaded","floor":13},{"not_picked":["Conserve Battery","Barrage","Gash","Redo","AT_WarpDrive"],"picked":"SKIP","floor":14},{"not_picked":["MostiFishMod:IceShield","Creative AI","MostiFishMod:SeaWaves","Hyperbeam"],"picked":"Rainbow","floor":16},{"not_picked":["Turbo","MostiFishMod:PushDownKick","AT_ThunderBolt","Sweeping Beam","AT_EMC2"],"picked":"SKIP","floor":18},{"not_picked":["Conserve Battery","Compile Driver","BootSequence","AT_RobotInSpace"],"picked":"MostiFishMod:FluxCapactior","floor":21},{"not_picked":["BootSequence+1","MostiFishMod:PushDownKick","Barrage+1","Hello World","Stack"],"picked":"SKIP","floor":22},{"not_picked":["Doom and Gloom","Scrape","AT_StudyProgram","MostiFishMod:GatherIntelligence"],"picked":"Skim","floor":23},{"not_picked":["MostiFishMod:PushDownKick","Capacitor","Stack","MostiFishMod:Impulse"],"picked":"MostiFishMod:IntelligentEquipment","floor":25},{"not_picked":["Ball Lightning+1","Genetic Algorithm","AT_HeatAcrobatics","Hologram"],"picked":"Meteor Strike+1","floor":27},{"not_picked":["MostiFishMod:FluxCapactior","Conserve Battery","Static Discharge+1","Compile Driver+1","Ball Lightning+1"],"picked":"SKIP","floor":28},{"not_picked":["MostiFishMod:FluxCapactior","Conserve Battery","Static Discharge+1","Compile Driver+1","Ball Lightning+1"],"picked":"SKIP","floor":28},{"not_picked":["Scrape+1","Turbo","Barrage+1","Streamline+1","Loop"],"picked":"SKIP","floor":30},{"not_picked":["AT_HeatAcrobatics","Leap","MostiFishMod:StrandedSiren","AT_EMC2","Compile Driver+1"],"picked":"SKIP","floor":31},{"not_picked":["MostiFishMod:IntelligentEquipment","Echo Form","MostiFishMod:Tomorrow","MostiFishMod:SeaWaves"],"picked":"Machine Learning","floor":33},{"not_picked":["Leap+1","Streamline+1","Compile Driver+1","Auto Shields","AT_HeatAcrobatics+1"],"picked":"SKIP","floor":35},{"not_picked":["Compile Driver+1","Sweeping Beam+1","MostiFishMod:IntelligentEquipment","Loop"],"picked":"Conserve Battery","floor":38},{"not_picked":["Cold Snap+1","Auto Shields","Beam Cell+1","MostiFishMod:FluxCapactior","AT_RobotInSpace"],"picked":"SKIP","floor":39},{"not_picked":["Echo Form","Cold Snap+1","Steam Power","Streamline+1","Undo"],"picked":"SKIP","floor":40},{"not_picked":["AT_HeatAcrobatics","Leap","Genetic Algorithm","Compile Driver+1"],"picked":"AT_ThreeBodyProblem","floor":42},{"not_picked":["MostiFishMod:PushDownKick+1","MostiFishMod:LinkProtocol","Gash+1","MostiFishMod:StarOceanB","Redo+1"],"picked":"SKIP","floor":47},{"not_picked":["MostiFishMod:FluxCapactior","Cold Snap+1","Compile Driver+1","Steam Power","Reinforced Body"],"picked":"SKIP","floor":55}],"player_experience":387263,"relics_obtained":[{"floor":1.0,"key":"SynthV:TestCard"},{"floor":6,"key":"Ancient Tea Set"},{"floor":14,"key":"Juzu Bracelet"},{"floor":23,"key":"Cables"},{"floor":25,"key":"AT_ForceNature"},{"floor":26,"key":"Dota2Spire:PowerTreads"},{"floor":27,"key":"Molten Egg 2"},{"floor":40,"key":"Bottled Flame"},{"floor":42,"key":"Omamori"},{"floor":43,"key":"TungstenRod"},{"floor":44,"key":"AT_TimeSand"},{"floor":55,"key":"AT_SilvercatRing"}],"event_choices":[],"is_beta":false,"boss_relics":[{"not_picked":["xbg","Empty Cage"],"picked":"PatriotShield"},{"not_picked":["TimeKeys","SacredBark"],"picked":"SynthV:MejaisSoulstealer"}],"items_purged_floors":[10,20],"is_endless":false,"potions_floor_spawned":[2,3,16,23,27,28,31,40,46,46,47,55],"ascension_level":20}}