{"host":"o6rpelx2jpc8yies","time":1611449184,"event":{"mods":["BaseMod","Downfall","Minty Spire (QoL Compilation)","StSLib"],"gold_per_floor":[99,116,116,136,236,136,136,136,149,184,84,100,200,38,51,155,155,155,168,30,30,30,30,78,95,106,6,31,31,44,56,74,175,175,175,190,11,24,24,37,91,109,125,225,225,235,253,280,298,298,298,298],"floor_reached":50,"language":"ENG","playtime":4709,"items_purged":["champ:IgnorePain"],"score":653,"play_id":"86f00efc-0973-4a12-8d05-27f7ae08dfb3","local_time":"20210123174624","is_ascension_mode":true,"campfire_choices":[{"floor":1,"key":"RECALL"},{"floor":6,"key":"REST"},{"data":"champ:Execute","floor":8,"key":"SMITH"},{"data":"champ:StrikeOfGenius","floor":11,"key":"SMITH"},{"data":"champ:DancingMaster","floor":18,"key":"SMITH"},{"data":"champ:MurderStrike","floor":23,"key":"SMITH"},{"data":"champ:UltimateStance","floor":27,"key":"SMITH"},{"data":"champ:AdrenalArmor","floor":29,"key":"SMITH"},{"data":"champ:DancingMaster","floor":35,"key":"SMITH"},{"floor":45,"key":"REST"}],"circlet_count":0,"master_deck":["champ:Execute+1","champ:Taunt","champ:IgnorePain","champ:DefensiveStyle","champ:IgnorePain","champ:BerserkersShout","champ:ShieldSlam","champ:AdrenalArmor+1","champ:StrikeOfGenius+1","champ:BringItOn","champ:EndlessRage","champ:DancingMaster+1","champ:SteelEdge","champ:UltimateStance+1","champ:BringItOn","champ:GladiatorStyle","champ:IronFortress","champ:GutPunch","champ:MurderStrike+1","champ:RisingSlash+1","champ:FanOfKnives","downfall:Bewildered","champ:Devastate","champ:Shatter","champ:Duel","champ:DefensiveShout","champ:DancingMaster+1","champ:LastStand","champ:CrownThrow","champ:DefensiveStyle","champ:EnchantCrown","Pain","champ:Backstep+1","champ:Taunt","champ:ShieldSigil","champ:RapidStrikes","champ:SteelEdge","Good Instincts","champ:RageSigil+1","champ:StanceDance","champ:HoldFirm","champ:SetATrap+1"],"relics":["champ:ChampionCrown","CloakClasp","downfall:HeartBlessingRed","Guardian:PocketSentry","hexamod:BolsterEngine","downfall:HeartBlessingGreen","Pandora\u0027s Box","sneckomod:BabySnecko","downfall:HeartBlessingBlue","InkBottle","Sozu","WarpedTongs","Omamori","downfall:GremlinSack","Art of War"],"acts_visited":["Exordium","TheCity","TheBeyond"],"potions_floor_usage":[10,28,28,32,43,48],"damage_taken":[{"damage":16,"enemies":"Jaw Worm","floor":2,"turns":5},{"damage":24,"enemies":"Cultist","floor":4,"turns":6},{"damage":123,"enemies":"Cultist","floor":5,"turns":11},{"damage":10,"enemies":"Small Slimes","floor":9,"turns":4},{"damage":43,"enemies":"3 Sentries","floor":10,"turns":15},{"damage":5,"enemies":"Exordium Wildlife","floor":12,"turns":3},{"damage":40,"enemies":"downfall:FleeingMerchant","floor":14,"turns":4},{"damage":10,"enemies":"Large Slime","floor":15,"turns":6},{"damage":20,"enemies":"SI_SHIV_ARCHETYPE","floor":16,"turns":8},{"damage":40,"enemies":"3 Byrds","floor":19,"turns":5},{"damage":25,"enemies":"downfall:FleeingMerchant","floor":20,"turns":4},{"damage":42,"enemies":"Centurion and Healer","floor":25,"turns":7},{"damage":18,"enemies":"Sentry and Sphere","floor":26,"turns":7},{"damage":40,"enemies":"Slavers","floor":28,"turns":6},{"damage":31,"enemies":"Shelled Parasite and Fungi","floor":30,"turns":3},{"damage":54,"enemies":"Centurion and Healer","floor":31,"turns":6},{"damage":17,"enemies":"Chosen and Byrds","floor":32,"turns":6},{"damage":32,"enemies":"IC_MUSHROOM_ARCHETYPE","floor":33,"turns":8},{"damage":10,"enemies":"Orb Walker","floor":36,"turns":3},{"damage":20,"enemies":"downfall:FleeingMerchant","floor":37,"turns":4},{"damage":25,"enemies":"3 Shapes","floor":38,"turns":3},{"damage":49,"enemies":"3 Darklings","floor":40,"turns":5},{"damage":49,"enemies":"4 Shapes","floor":42,"turns":5},{"damage":28,"enemies":"Transient","floor":43,"turns":5},{"damage":15,"enemies":"Transient","floor":44,"turns":3},{"damage":50,"enemies":"3 Darklings","floor":46,"turns":8},{"damage":29,"enemies":"Writhing Mass","floor":47,"turns":6},{"damage":69,"enemies":"Giant Head","floor":48,"turns":8},{"damage":6,"enemies":"4 Shapes","floor":49,"turns":4},{"damage":41,"enemies":"WA_ARCHETYPE_DIVINITY","floor":50,"turns":7}],"seed_played":"7217806024384911219","potions_obtained":[{"floor":4,"key":"Fire Potion"},{"floor":5,"key":"SkillPotion"},{"floor":12,"key":"BlessingOfTheForge"},{"floor":25,"key":"Regen Potion"},{"floor":30,"key":"Slimebound:ThreeZeroPotion"},{"floor":31,"key":"Regen Potion"},{"floor":33,"key":"Dexterity Potion"}],"is_trial":false,"path_per_floor":["R","M","?","M","?","R","T","R","M","E","R","M","?","$","M","B",null,"R","M","$","?","?","R","T","M","M","R","E","R","M","M","M","B",null,"R","M","$","M","?","M","T","M","M","?","R","M","M","E","M","B"],"character_chosen":"THE_CHAMP","items_purchased":["Strawberry","champ:FanOfKnives","champ:EnchantCrown"],"campfire_rested":2,"item_purchase_floors":[14,20,37],"current_hp_per_floor":[90,84,84,75,16,43,43,43,43,35,35,35,35,42,42,42,97,97,97,97,97,97,97,97,85,67,77,67,67,61,42,50,38,107,107,107,107,102,102,73,73,49,46,46,78,58,39,20,19,0,0,0],"gold":298,"neow_bonus":"ONE_RANDOM_RARE_CARD","is_daily":false,"chose_seed":false,"campfire_upgraded":7,"win_rate":0.0,"timestamp":1611449184,"path_taken":["R","M","?","?","?","R","T","R","M","E","R","M","?","$","M","BOSS","R","M","$","?","?","R","T","M","M","R","E","R","?","M","M","BOSS","R","M","$","M","?","M","T","M","?","?","R","?","M","E","M","BOSS"],"items_purchased_type":["Relic","Card","Card"],"build_version":"2020-12-22","purchased_purges":1,"victory":false,"max_hp_per_floor":[90,90,90,90,90,90,90,90,90,90,90,90,90,97,97,97,97,97,97,97,97,97,97,97,97,97,107,107,107,107,107,107,107,107,107,107,107,107,107,107,107,107,107,107,107,107,107,107,107,107,107,107],"card_choices":[{"not_picked":["champ:Circumvent","champ:ShieldSigil"],"picked":"champ:DefensiveStyle","floor":2},{"not_picked":["champ:HeartStrike","champ:EnGarde"],"picked":"champ:BerserkersShout","floor":4},{"not_picked":["champ:HeartStrike","champ:AdrenalArmor"],"picked":"champ:ShieldSlam","floor":5},{"not_picked":["champ:DefensiveStyle","champ:SwordSigil"],"picked":"champ:AdrenalArmor","floor":9},{"not_picked":["champ:HeavySlash","champ:CrownThrow"],"picked":"champ:StrikeOfGenius","floor":10},{"not_picked":["champ:FaceSlap","champ:CalledShot"],"picked":"champ:BringItOn","floor":12},{"not_picked":["champ:AdrenalArmor","champ:PerfectedStrike"],"picked":"champ:EndlessRage","floor":14},{"not_picked":["champ:Haymaker","champ:PerfectedStrike","champ:FaceSlap"],"picked":"SKIP","floor":15},{"not_picked":["champ:SwordThrow","champ:UltimateStance"],"picked":"champ:DancingMaster","floor":16},{"not_picked":["champ:Haymaker","champ:EnGarde+1","champ:FaceSlap"],"picked":"SKIP","floor":19},{"not_picked":["champ:Haymaker+1","champ:BerserkersShout"],"picked":"champ:RisingSlash+1","floor":20},{"not_picked":["champ:BerserkersShout","champ:Lariat+1"],"picked":"champ:Shatter","floor":25},{"not_picked":["champ:ShieldSigil","champ:Haymaker","champ:PreciseThrust+1"],"picked":"SKIP","floor":26},{"not_picked":["champ:FanOfKnives","champ:PreciseThrust"],"picked":"champ:Duel","floor":28},{"not_picked":["champ:Haymaker+1","champ:ShieldSlam+1"],"picked":"champ:DefensiveShout","floor":30},{"not_picked":["champ:GladiatorStyle","champ:FalseCounter","champ:Shatter+1"],"picked":"SKIP","floor":31},{"not_picked":["champ:DefensiveShout","champ:BerserkersShout+1"],"picked":"champ:DancingMaster","floor":32},{"not_picked":["champ:CheapShot","champ:HeavySlash"],"picked":"champ:LastStand","floor":33},{"not_picked":["champ:BladeFlurry+1","champ:EnGarde+1"],"picked":"champ:CrownThrow","floor":36},{"not_picked":["champ:GutPunch+1","champ:FlashCut"],"picked":"champ:DefensiveStyle","floor":37},{"not_picked":["champ:Shatter","champ:SwordThrow","champ:CrownThrow"],"picked":"SKIP","floor":38},{"not_picked":["champ:Haymaker+1","champ:PreciseThrust"],"picked":"champ:Backstep+1","floor":40},{"not_picked":["champ:Haymaker","champ:SwordThrow","champ:Shatter+1"],"picked":"SKIP","floor":42},{"not_picked":["champ:BerserkerStyle","champ:Backstep+1","champ:EnGarde"],"picked":"SKIP","floor":43},{"not_picked":["champ:Encircle","champ:RisingSlash"],"picked":"champ:RageSigil+1","floor":44},{"not_picked":["champ:AdrenalArmor","champ:Duel"],"picked":"champ:StanceDance","floor":46},{"not_picked":["champ:Shatter","champ:Backstep+1","champ:EnGarde+1"],"picked":"SKIP","floor":47},{"not_picked":["champ:Shatter+1","champ:SkillfulDodge"],"picked":"champ:HoldFirm","floor":48},{"not_picked":["champ:BringItOn","champ:DefensiveShout"],"picked":"champ:SetATrap+1","floor":49}],"player_experience":1831008,"relics_obtained":[{"floor":5,"key":"CloakClasp"},{"floor":7,"key":"Guardian:PocketSentry"},{"floor":10,"key":"hexamod:BolsterEngine"},{"floor":28,"key":"InkBottle"},{"floor":41,"key":"Omamori"},{"floor":44,"key":"downfall:GremlinSack"},{"floor":48,"key":"Art of War"}],"event_choices":[{"damage_healed":0,"gold_gain":0,"player_choice":"Rummage","damage_taken":0,"relics_obtained":["WarpedTongs"],"max_hp_gain":0,"max_hp_loss":0,"event_name":"Accursed Blacksmith","floor":39,"gold_loss":0,"cards_obtained":["Pain"]}],"is_beta":false,"boss_relics":[{"not_picked":["Runic Dome","SlaversCollar"],"picked":"Pandora\u0027s Box"},{"not_picked":["Busted Crown","Coffee Dripper"],"picked":"Sozu"}],"items_purged_floors":[20],"is_endless":false,"potions_floor_spawned":[4,5,12,25,26,30,31,33,40,42,43,47,48],"killed_by":"WA_ARCHETYPE_DIVINITY","ascension_level":2}}