{"host":"d61fcf2p3sjwe6yo","time":1611503773,"event":{"mods":["AchievementEnabler","BaseMod","Colored Map","Downfall","Minty Spire (QoL Compilation)","StSLib","SuperFastMode"],"gold_per_floor":[99,113,130,146,161,161,186,205,221,221,221,58,85,102,122,225,225,125,125,125,125,135,120,120,130,30,70,96,105,105,127,151,151,151,151],"floor_reached":33,"language":"ENG","playtime":1971,"items_purged":[],"score":459,"play_id":"90732a5e-0b79-4f17-bc2b-23828eac3016","local_time":"20210124185613","is_ascension_mode":true,"campfire_choices":[{"floor":11.0,"key":"RECALL"},{"data":"sneckomod:SerpentMind","floor":18,"key":"SMITH"}],"circlet_count":0,"master_deck":["AscendersBane","sneckomod:TailWhip","sneckomod:SnekBite","sneckomod:Unknown","Guardian:Clone","sneckomod:UnknownVulnerable","sneckomod:DiceBlock","champ:Duel","sneckomod:UnknownBlock","sneckomod:QuickBite","sneckomod:UnknownX","sneckomod:UnknownClassGUARDIAN","sneckomod:SerpentMind+1","Necronomicurse","sneckomod:UnknownUncommonPower","sneckomod:UnknownUncommonAttack","sneckomod:UnknownRareSkill","sneckomod:UnknownUncommonSkill","sneckomod:UnknownDexterity","sneckomod:UnknownBlock","sneckomod:UnknownDraw","champ:GladiatorStyle","sneckomod:Transmogrify","sneckomod:SerpentIdol","Guardian:CompilePackage","sneckomod:UnknownDraw+1","sneckomod:UnknownUncommonAttack+1"],"relics":["sneckomod:SneckoSoul","ClockworkSouvenir","downfall:HeartBlessingRed","Necronomicon","downfall:HeartBlessingBlue","bronze:MakeshiftBattery","Guardian:GemstoneGun","Ancient Tea Set"],"acts_visited":["Exordium","TheCity"],"potions_floor_usage":[14,16,16,33,33],"damage_taken":[{"damage":2.0,"enemies":"Cultist","floor":2.0,"turns":4.0},{"damage":7.0,"enemies":"2 Louse","floor":3.0,"turns":3.0},{"damage":2.0,"enemies":"Jaw Worm","floor":4.0,"turns":4.0},{"damage":16.0,"enemies":"Blue Slaver","floor":5.0,"turns":5.0},{"damage":26.0,"enemies":"Large Slime","floor":8.0,"turns":7.0},{"damage":8.0,"enemies":"Exordium Thugs","floor":9.0,"turns":5.0},{"damage":0.0,"enemies":"downfall:FleeingMerchant","floor":12.0,"turns":4.0},{"damage":40.0,"enemies":"3 Sentries","floor":13.0,"turns":10.0},{"damage":10,"enemies":"Gremlin Gang","floor":14,"turns":6},{"damage":8,"enemies":"3 Louse","floor":15,"turns":2},{"damage":11,"enemies":"WA_ARCHETYPE_RETAIN","floor":16,"turns":18},{"damage":4,"enemies":"Chosen","floor":22,"turns":4},{"damage":9,"enemies":"downfall:FleeingMerchant","floor":23,"turns":4},{"damage":0,"enemies":"Shell Parasite","floor":25,"turns":3},{"damage":21,"enemies":"Book of Stabbing","floor":27,"turns":4},{"damage":0,"enemies":"Snecko","floor":28,"turns":6},{"damage":18,"enemies":"3 Cultists","floor":31,"turns":5},{"damage":0,"enemies":"Shelled Parasite and Fungi","floor":32,"turns":3},{"damage":35,"enemies":"DF_ARCHETYPE_CLAW","floor":33,"turns":3}],"seed_played":"3266509046936079655","potions_obtained":[{"floor":2.0,"key":"DuplicationPotion"},{"floor":3.0,"key":"SpeedPotion"},{"floor":8.0,"key":"Strength Potion"},{"floor":14,"key":"hexamod:SoulburnPotion"},{"floor":16,"key":"hexamod:SoulburnPotion"},{"floor":20,"key":"CultistPotion"},{"floor":25,"key":"Dexterity Potion"},{"floor":27,"key":"Swift Potion"},{"floor":31,"key":"DuplicationPotion"}],"is_trial":false,"path_per_floor":["R","M","M","M","M","?","T","M","M","?","R","$","E","M","M","B",null,"R","?","?","?","M","$","T","M","R","E","M","R","?","M","M","B"],"character_chosen":"THE_SNECKO","items_purchased":["ClockworkSouvenir"],"campfire_rested":0,"item_purchase_floors":[12],"current_hp_per_floor":[90,88,81,79,63,63,63,39,33,66,66,68,30,22,16,7,76,76,60,60,60,58,51,51,53,63,44,46,46,46,30,32,0,0,0],"gold":151,"neow_bonus":"TEN_PERCENT_HP_BONUS","is_daily":false,"chose_seed":false,"campfire_upgraded":1,"win_rate":0.0,"timestamp":1611503773,"path_taken":["R","M","M","M","M","?","T","?","M","?","R","$","E","M","M","BOSS","R","?","?","?","M","?","T","?","R","E","M","R","?","M","M","BOSS"],"items_purchased_type":["Relic"],"build_version":"2020-12-22","purchased_purges":0,"victory":false,"max_hp_per_floor":[99,99,99,99,99,99,99,99,99,99,99,99,99,99,99,99,99,99,99,99,99,99,99,99,99,109,109,109,109,109,109,109,109,109,109],"card_choices":[{"not_picked":["sneckomod:Rotation","sneckomod:UnknownDraw"],"picked":"sneckomod:UnknownVulnerable","floor":2.0},{"not_picked":["sneckomod:Nope","sneckomod:ImprovisedAttack"],"picked":"sneckomod:DiceBlock","floor":3.0},{"not_picked":["sneckomod:QuickBite","sneckomod:SoulDraw"],"picked":"sneckomod:Memorize","floor":4.0},{"not_picked":["sneckomod:MixItUp","sneckomod:UnknownCommonSkill"],"picked":"sneckomod:UnknownBlock","floor":5.0},{"not_picked":["sneckomod:Rotation","sneckomod:CheapStock"],"picked":"sneckomod:UnknownBlock","floor":8.0},{"not_picked":["sneckomod:UnknownBlock","sneckomod:UnknownCommonAttack"],"picked":"sneckomod:QuickBite","floor":9.0},{"not_picked":["sneckomod:WideSting","sneckomod:TrashToTreasure","sneckomod:MasterEye"],"picked":"SKIP","floor":12.0},{"not_picked":["sneckomod:SnakeSap","sneckomod:ImprovisedGuard"],"picked":"sneckomod:UnknownUncommonPower","floor":13.0},{"not_picked":["sneckomod:SnakeSap","sneckomod:UnknownDraw"],"picked":"sneckomod:UnknownX","floor":14},{"not_picked":["sneckomod:PureSnecko","sneckomod:UnknownCommonAttack"],"picked":"sneckomod:UnknownClassGUARDIAN","floor":15},{"not_picked":["sneckomod:Restock","sneckomod:SoulExchange"],"picked":"sneckomod:SerpentMind","floor":16},{"not_picked":["sneckomod:UnknownCommonSkill","sneckomod:QuickBite"],"picked":"sneckomod:UnknownBlock","floor":22},{"not_picked":["sneckomod:QuickMove","sneckomod:RainOfDice"],"picked":"sneckomod:UnknownDraw","floor":23},{"not_picked":["sneckomod:Mudshield","sneckomod:QuickMove","sneckomod:Nope"],"picked":"SKIP","floor":25},{"not_picked":["sneckomod:RainOfDice","sneckomod:UnknownWeak"],"picked":"sneckomod:Transmogrify","floor":27},{"not_picked":["sneckomod:MasterEye","sneckomod:SoulRoll"],"picked":"sneckomod:SerpentIdol","floor":28},{"not_picked":["sneckomod:Unknown0Cost","sneckomod:DiceCrush"],"picked":"sneckomod:UnknownDraw+1","floor":31},{"not_picked":["sneckomod:UnknownBlock","sneckomod:UnknownStrength"],"picked":"sneckomod:UnknownUncommonAttack+1","floor":32}],"player_experience":689898,"relics_obtained":[{"floor":7.0,"key":"Blood Vial"},{"floor":13.0,"key":"Potion Belt"},{"floor":19,"key":"Necronomicon"},{"floor":27,"key":"CeramicFish"},{"floor":28,"key":"bronze:MakeshiftBattery"},{"floor":31,"key":"Ancient Tea Set"}],"event_choices":[{"damage_healed":33.0,"max_hp_gain":0.0,"max_hp_loss":0.0,"gold_gain":0.0,"event_name":"Big Fish","player_choice":"Banana","floor":10.0,"gold_loss":0.0,"damage_taken":0.0}],"is_beta":false,"boss_relics":[{"not_picked":["Runic Dome","Tiny House"],"picked":"bronze:MakeshiftBattery"}],"items_purged_floors":[],"is_endless":false,"potions_floor_spawned":[2,3,4,8,14,16,25,27,31],"killed_by":"DF_ARCHETYPE_CLAW","ascension_level":12}}