{"host":"7vyuhf36gh5rmcz2","time":1611511532,"event":{"mods":["AchievementEnabler","BaseMod","Highlight Path","Minty Spire (QoL Compilation)","StSLib"],"gold_per_floor":[111,36,46,59,69,69,89,89,166,180,190,209,209,222,222,319,319,339,168,184,12,23,23,56,56,79,89,89,121,121,139,139,244,244,263,263,117,167,179,179,179,212,212,212,227,103,103,122,122,122,122],"floor_reached":50,"language":"ENG","playtime":2976,"items_purged":["Strike_G","Strike_G"],"score":734,"play_id":"d996cb2c-52c8-44b5-88b9-230d05eba2b9","local_time":"20210124180532","is_ascension_mode":true,"campfire_choices":[{"data":"Neutralize","floor":6,"key":"SMITH"},{"data":"Crippling Poison","floor":8,"key":"SMITH"},{"data":"Noxious Fumes","floor":13,"key":"SMITH"},{"floor":15,"key":"REST"},{"data":"Apotheosis","floor":23,"key":"SMITH"},{"floor":25,"key":"REST"},{"floor":32,"key":"REST"},{"floor":40,"key":"REST"},{"floor":41,"key":"REST"},{"floor":47,"key":"REST"},{"floor":49,"key":"RECALL"}],"circlet_count":0,"master_deck":["Strike_G","Defend_G","Defend_G","Defend_G","Defend_G","Defend_G","Survivor","Neutralize+1","Crippling Poison+1","Acrobatics","Deadly Poison","Underhanded Strike","Noxious Fumes+1","Backflip","Malaise","Corpse Explosion","Caltrops","Apotheosis+1","Tools of the Trade","CurseOfTheBell","Backflip+1","PiercingWail","Wraith Form v2+1"],"relics":["Velvet Choker","Shuriken","Busted Crown","The Specimen","Blood Vial","Bag of Marbles","Calling Bell","Art of War","Frozen Egg 2","WingedGreaves","Shovel","Dream Catcher"],"acts_visited":["Exordium","TheCity","TheBeyond"],"potions_floor_usage":[10,12,22,22,24,33,33,42,45,48,50,50],"damage_taken":[{"damage":0,"enemies":"Cultist","floor":1,"turns":5},{"damage":7,"enemies":"Small Slimes","floor":3,"turns":4},{"damage":0,"enemies":"2 Louse","floor":4,"turns":3},{"damage":22,"enemies":"Gremlin Gang","floor":5,"turns":6},{"damage":7,"enemies":"Exordium Thugs","floor":7,"turns":5},{"damage":10,"enemies":"Large Slime","floor":10,"turns":6},{"damage":1,"enemies":"Blue Slaver","floor":11,"turns":4},{"damage":4,"enemies":"Exordium Thugs","floor":12,"turns":5},{"damage":3,"enemies":"Lots of Slimes","floor":14,"turns":2},{"damage":2,"enemies":"Hexaghost","floor":16,"turns":8},{"damage":10,"enemies":"2 Thieves","floor":18,"turns":3},{"damage":6,"enemies":"Spheric Guardian","floor":20,"turns":3},{"damage":1,"enemies":"Centurion and Healer","floor":22,"turns":5},{"damage":22,"enemies":"Slavers","floor":24,"turns":3},{"damage":15,"enemies":"3 Cultists","floor":27,"turns":4},{"damage":21,"enemies":"Gremlin Leader","floor":29,"turns":5},{"damage":5,"enemies":"Shelled Parasite and Fungi","floor":31,"turns":4},{"damage":37,"enemies":"Champ","floor":33,"turns":14},{"damage":8,"enemies":"Orb Walker","floor":35,"turns":5},{"damage":23,"enemies":"Mind Bloom Boss Battle","floor":38,"turns":8},{"damage":26,"enemies":"3 Shapes","floor":39,"turns":3},{"damage":36,"enemies":"Reptomancer","floor":42,"turns":5},{"damage":10,"enemies":"Maw","floor":45,"turns":8},{"damage":26,"enemies":"Jaw Worm Horde","floor":48,"turns":3},{"damage":20,"enemies":"Time Eater","floor":50,"turns":2}],"seed_played":"-4570090291269791706","potions_obtained":[{"floor":5,"key":"Regen Potion"},{"floor":7,"key":"Fire Potion"},{"floor":12,"key":"Weak Potion"},{"floor":16,"key":"PowerPotion"},{"floor":18,"key":"Ancient Potion"},{"floor":22,"key":"Fruit Juice"},{"floor":29,"key":"Weak Potion"},{"floor":31,"key":"GamblersBrew"},{"floor":33,"key":"Strength Potion"},{"floor":45,"key":"ColorlessPotion"}],"is_trial":false,"path_per_floor":["M","$","M","M","M","R","M","R","T","M","M","M","R","M","R","B",null,"M","$","M","$","M","R","E","R","T","M","?","E","?","M","R","B",null,"M","$","$","?","M","R","R","E","T","?","M","$","R","M","R","B"],"character_chosen":"THE_SILENT","items_purchased":["Caltrops","Apotheosis","DuplicationPotion","DuplicationPotion","PiercingWail","Ancient Potion"],"campfire_rested":6,"item_purchase_floors":[19,21,37,37,46,46],"current_hp_per_floor":[63,63,56,56,34,34,27,27,27,31,30,26,26,23,44,42,63,53,53,47,47,51,51,29,51,51,38,38,19,19,16,38,3,57,51,51,51,30,6,28,50,16,16,16,8,8,30,6,6,0,0],"gold":122,"neow_bonus":"BOSS_RELIC","is_daily":false,"chose_seed":false,"campfire_upgraded":4,"win_rate":0.0,"timestamp":1611511532,"path_taken":["M","$","M","M","M","R","M","R","T","M","M","M","R","?","R","BOSS","M","$","M","$","M","R","E","R","T","M","?","E","?","M","R","BOSS","M","$","$","?","M","R","R","E","T","?","?","?","R","M","R","BOSS"],"items_purchased_type":["Card","Card","Potion","Potion","Card","Potion"],"build_version":"2020-12-22","purchased_purges":2,"victory":false,"max_hp_per_floor":[70,70,70,70,70,70,70,70,70,70,70,70,70,70,70,70,70,70,70,70,70,75,75,75,75,75,75,75,75,75,75,75,75,75,75,75,75,75,75,75,75,75,75,75,75,75,75,75,75,75,75],"card_choices":[{"not_picked":["Prepared","Concentrate"],"picked":"Crippling Poison","floor":1},{"not_picked":["Setup","Slice"],"picked":"Acrobatics","floor":3},{"not_picked":["Eviscerate","Backflip"],"picked":"Deadly Poison","floor":4},{"not_picked":["Setup","Outmaneuver","Slice"],"picked":"SKIP","floor":5},{"not_picked":["Endless Agony","All Out Attack"],"picked":"Underhanded Strike","floor":7},{"not_picked":["Flechettes","Endless Agony"],"picked":"Noxious Fumes","floor":10},{"not_picked":["Underhanded Strike","Blade Dance","Deflect"],"picked":"SKIP","floor":11},{"not_picked":["Terror","Slice"],"picked":"Backflip","floor":12},{"not_picked":["Cloak And Dagger","Prepared"],"picked":"Malaise","floor":14},{"not_picked":["Bullet Time","Die Die Die"],"picked":"Corpse Explosion","floor":16},{"not_picked":["Endless Agony"],"picked":"SKIP","floor":18},{"not_picked":["Prepared"],"picked":"SKIP","floor":20},{"not_picked":["Dagger Spray"],"picked":"SKIP","floor":22},{"not_picked":["Flechettes"],"picked":"SKIP","floor":24},{"not_picked":["Sucker Punch"],"picked":"SKIP","floor":27},{"not_picked":["Dagger Spray"],"picked":"SKIP","floor":29},{"not_picked":["Quick Slash+1"],"picked":"SKIP","floor":31},{"not_picked":["Quick Slash+1"],"picked":"SKIP","floor":31},{"not_picked":[],"picked":"Tools of the Trade","floor":33},{"not_picked":["Cloak And Dagger"],"picked":"SKIP","floor":35},{"not_picked":[],"picked":"Backflip+1","floor":38},{"not_picked":["All Out Attack+1"],"picked":"SKIP","floor":39},{"not_picked":["Flying Knee"],"picked":"SKIP","floor":42},{"not_picked":["Acrobatics+1"],"picked":"SKIP","floor":45},{"not_picked":[],"picked":"Wraith Form v2+1","floor":48}],"player_experience":547607,"relics_obtained":[{"floor":9,"key":"Shuriken"},{"floor":24,"key":"The Specimen"},{"floor":26,"key":"Blood Vial"},{"floor":29,"key":"Bag of Marbles"},{"floor":34,"key":"Art of War"},{"floor":34,"key":"Frozen Egg 2"},{"floor":34,"key":"WingedGreaves"},{"floor":38,"key":"Shovel"},{"floor":42,"key":"Dream Catcher"}],"event_choices":[{"cards_removed":["Strike_G"],"damage_healed":0,"gold_gain":0,"player_choice":"Elegance","damage_taken":0,"max_hp_gain":0,"max_hp_loss":0,"event_name":"Back to Basics","floor":28,"gold_loss":0},{"damage_healed":0,"gold_gain":0,"player_choice":"Ignored","damage_taken":0,"max_hp_gain":0,"max_hp_loss":0,"event_name":"Beggar","floor":30,"gold_loss":0},{"damage_healed":0,"gold_gain":0,"player_choice":"Fight","damage_taken":0,"max_hp_gain":0,"max_hp_loss":0,"event_name":"MindBloom","floor":38,"gold_loss":0},{"cards_removed":["Strike_G"],"damage_healed":0,"gold_gain":0,"player_choice":"Purged","damage_taken":0,"max_hp_gain":0,"max_hp_loss":0,"event_name":"Purifier","floor":44,"gold_loss":0}],"is_beta":false,"boss_relics":[{"not_picked":["Empty Cage","Fusion Hammer"],"picked":"Busted Crown"},{"not_picked":["Black Star","HoveringKite"],"picked":"Calling Bell"}],"items_purged_floors":[2,19],"is_endless":false,"potions_floor_spawned":[5,7,12,16,18,22,29,31,33,39,45],"killed_by":"Time Eater","ascension_level":9}}