{"host":"sum4dy402bbv9y4o","time":1611455177,"event":{"mods":["Aspiration","BaseMod","Conspire","Highlight Path","Minty Spire (QoL Compilation)","StSLib"],"gold_per_floor":[109,30,30,30,30,64,64,84,84,84,111,126,137,149,149,228,228,239,164,183,183,183,183],"floor_reached":22,"language":"ENG","playtime":879,"items_purged":["Strike_B"],"score":388,"play_id":"68ab078b-cb4b-4b5f-9e26-39c37fb4823e","local_time":"20210124052617","is_ascension_mode":true,"campfire_choices":[{"data":"Zap","floor":7,"key":"SMITH"},{"floor":10,"key":"REST"},{"floor":15,"key":"REST"}],"circlet_count":0,"master_deck":["AscendersBane","Strike_B","Strike_B","Defend_B","Defend_B","Defend_B","Zap+1","Dualcast+1","Streamline","Cold Snap","Go for the Eyes","Barrage","Defragment","Fission","Capacitor","Cold Snap","Gash","Machine Learning","Anger+1","Capacitor","Limit Break","Gash"],"relics":["Cracked Core","aspiration:Nostalgia","PureWater","conspire:Flyswatter","Sundial","Boot","aspiration:IroncladSkillbook"],"acts_visited":["Exordium","TheCity"],"potions_floor_usage":[11,11,13,16,20,20],"damage_taken":[{"damage":7,"enemies":"Jaw Worm","floor":1,"turns":3},{"damage":31,"enemies":"Lagavulin","floor":6,"turns":6},{"damage":10,"enemies":"Small Slimes","floor":8,"turns":2},{"damage":15,"enemies":"3 Sentries","floor":11,"turns":7},{"damage":1,"enemies":"2 Louse","floor":12,"turns":2},{"damage":9,"enemies":"2 Fungi Beasts","floor":13,"turns":3},{"damage":7,"enemies":"Lots of Slimes","floor":14,"turns":4},{"damage":5,"enemies":"The Guardian","floor":16,"turns":11},{"damage":27,"enemies":"Spheric Guardian","floor":18,"turns":5},{"damage":20,"enemies":"2 Thieves","floor":20,"turns":4},{"damage":36,"enemies":"Cultist and Chosen","floor":22,"turns":4}],"seed_played":"-8404256450394639255","potions_obtained":[{"floor":6,"key":"SteroidPotion"},{"floor":8,"key":"SpeedPotion"},{"floor":12,"key":"Regen Potion"},{"floor":13,"key":"Swift Potion"},{"floor":16,"key":"SteroidPotion"},{"floor":18,"key":"Regen Potion"}],"is_trial":false,"path_per_floor":["M","$","?","?","?","E","R","M","T","R","E","M","M","M","R","B",null,"M","$","M","?","M"],"character_chosen":"DEFECT","items_purchased":["Cold Snap","Go for the Eyes"],"campfire_rested":2,"item_purchase_floors":[2,2],"current_hp_per_floor":[57,57,53,53,53,22,22,12,12,33,18,17,17,10,31,26,60,37,37,33,33,0,0],"gold":183,"neow_bonus":"NOSTALGIA","is_daily":false,"chose_seed":false,"campfire_upgraded":1,"win_rate":0.0,"timestamp":1611455177,"path_taken":["M","$","?","?","?","E","R","M","T","R","E","?","M","M","R","BOSS","M","$","M","?","M"],"items_purchased_type":["Card","Card"],"build_version":"2020-12-22","purchased_purges":1,"victory":false,"max_hp_per_floor":[71,71,71,71,71,71,71,71,71,71,71,71,71,71,71,71,71,71,71,71,71,71,71],"card_choices":[{"not_picked":["Rebound","Coolheaded"],"picked":"Streamline","floor":1},{"not_picked":["Streamline","Blizzard"],"picked":"Barrage","floor":6},{"not_picked":["Genetic Algorithm","Stack"],"picked":"Defragment","floor":8},{"not_picked":["Compile Driver","Leap"],"picked":"Fission","floor":11},{"not_picked":["Go for the Eyes","Conserve Battery"],"picked":"Capacitor","floor":12},{"not_picked":["Conserve Battery","Redo"],"picked":"Cold Snap","floor":13},{"not_picked":["Coolheaded","Fusion"],"picked":"Gash","floor":14},{"not_picked":["Hyperbeam","Rainbow"],"picked":"Machine Learning","floor":16},{"not_picked":["Skim","Cleave","Static Discharge"],"picked":"Anger+1","floor":18},{"not_picked":["Entrench","Storm+1","Anger"],"picked":"Capacitor","floor":20}],"player_experience":2973187,"relics_obtained":[{"floor":6,"key":"conspire:Flyswatter"},{"floor":9,"key":"Sundial"},{"floor":11,"key":"Boot"}],"event_choices":[{"damage_healed":0,"gold_gain":0,"player_choice":"Leave","damage_taken":0,"max_hp_gain":0,"max_hp_loss":0,"event_name":"conspire:Investor","floor":3,"gold_loss":0},{"damage_healed":0,"gold_gain":0,"player_choice":"Grow","damage_taken":0,"max_hp_gain":0,"max_hp_loss":0,"event_name":"Living Wall","floor":5,"gold_loss":0,"cards_upgraded":["Dualcast"]},{"damage_healed":0,"gold_gain":0,"cards_transformed":["Strike_B","Defend_B"],"player_choice":"Became Test Subject","damage_taken":0,"max_hp_gain":0,"max_hp_loss":0,"event_name":"Drug Dealer","floor":21,"gold_loss":0,"cards_obtained":["Limit Break","Gash"]}],"is_beta":false,"boss_relics":[{"not_picked":["aspiration:Stellarator","Black Star"],"picked":"aspiration:IroncladSkillbook"}],"items_purged_floors":[19],"is_endless":false,"potions_floor_spawned":[6,8,12,13,16,18],"killed_by":"Cultist and Chosen","ascension_level":20}}