{"host":"lnt5dzsuhru0aonl","time":1611498294,"event":{"mods":["2.2 Compatiblity","BaseMod","Colored Map","Colored Powertips","DeckTracker","Keyboard Shortcuts","Minty Spire (QoL Compilation)","Permanent Neow","Rare Cards Sparkle","StSLib","SuperFastMode","everything is the same but u backflip on backflip"],"gold_per_floor":[115,125,125,21,32,32,47,77,77,77,94,122,142,142,142,142,142],"floor_reached":16,"language":"KOR","playtime":304,"items_purged":["Strike_B"],"score":204,"play_id":"6784da7f-3ec5-4f64-87ec-6c9b9a1d2513","local_time":"20210124232454","is_ascension_mode":true,"campfire_choices":[{"data":"Chaos","floor":6.0,"key":"SMITH"},{"data":"Streamline","floor":15,"key":"SMITH"}],"circlet_count":0,"master_deck":["AscendersBane","Strike_B","Strike_B","Strike_B+1","Defend_B","Defend_B","Defend_B","Defend_B","Zap+1","Dualcast+1","Sweeping Beam","Chaos+1","Streamline+1","Conserve Battery","Defragment","Turbo","Chill"],"relics":["Cracked Core","InkBottle","Bottled Flame","Matryoshka","Orichalcum","Bird Faced Urn"],"acts_visited":["Exordium"],"potions_floor_usage":[],"damage_taken":[{"damage":4.0,"enemies":"Small Slimes","floor":1.0,"turns":3.0},{"damage":1.0,"enemies":"Cultist","floor":2.0,"turns":3.0},{"damage":0.0,"enemies":"2 Louse","floor":5.0,"turns":2.0},{"damage":7.0,"enemies":"Blue Slaver","floor":7.0,"turns":4.0},{"damage":0.0,"enemies":"2 Fungi Beasts","floor":11.0,"turns":2.0},{"damage":11,"enemies":"Gremlin Nob","floor":12,"turns":3},{"damage":2,"enemies":"Exordium Wildlife","floor":13,"turns":3},{"damage":25,"enemies":"Slime Boss","floor":16,"turns":6}],"seed_played":"-5074076702839144750","potions_obtained":[{"floor":2.0,"key":"SteroidPotion"},{"floor":7.0,"key":"BlessingOfTheForge"}],"is_trial":false,"path_per_floor":["M","M","?","$","M","R","M","?","T","?","M","E","M","T","R","B"],"character_chosen":"DEFECT","items_purchased":["Streamline"],"campfire_rested":0,"item_purchase_floors":[4],"current_hp_per_floor":[60,59,59,59,59,59,52,52,52,31,31,20,18,18,18,0,0],"gold":142,"neow_bonus":"UPGRADE_CARD","is_daily":false,"chose_seed":false,"campfire_upgraded":2,"win_rate":0.0,"timestamp":1611498294,"path_taken":["M","M","?","$","M","R","?","?","T","?","M","E","M","?","R","BOSS"],"items_purchased_type":["Card"],"build_version":"2020-12-22","purchased_purges":1,"victory":false,"max_hp_per_floor":[71,71,71,71,71,71,71,71,71,71,71,71,71,71,71,71,71],"card_choices":[{"not_picked":["Static Discharge","Compile Driver"],"picked":"Sweeping Beam","floor":1.0},{"not_picked":["Stack","Hologram"],"picked":"Chaos","floor":2.0},{"not_picked":["Heatsinks","Steam"],"picked":"Conserve Battery","floor":5.0},{"not_picked":["Go for the Eyes","Force Field"],"picked":"Defragment","floor":7.0},{"not_picked":["Conserve Battery","Darkness"],"picked":"Turbo","floor":11.0},{"not_picked":["Gash","Rebound"],"picked":"Chill","floor":12},{"not_picked":["White Noise","Turbo","Darkness"],"picked":"SKIP","floor":13}],"player_experience":755813,"relics_obtained":[{"floor":9.0,"key":"Bottled Flame"},{"floor":12,"key":"Matryoshka"},{"floor":14,"key":"Orichalcum"},{"floor":14,"key":"Bird Faced Urn"}],"event_choices":[{"damage_healed":0.0,"max_hp_gain":0.0,"max_hp_loss":0.0,"gold_gain":0.0,"event_name":"WeMeetAgain","player_choice":"Gave Potion","floor":3.0,"gold_loss":0.0,"damage_taken":0.0,"relics_obtained":["InkBottle"]},{"damage_healed":0.0,"max_hp_gain":0.0,"max_hp_loss":0.0,"gold_gain":30.0,"event_name":"Dead Adventurer","player_choice":"Searched \u00271\u0027 times","floor":8.0,"gold_loss":0.0,"damage_taken":0.0},{"damage_healed":0.0,"max_hp_gain":0.0,"max_hp_loss":0.0,"gold_gain":0.0,"event_name":"Shining Light","player_choice":"Entered Light","floor":10.0,"gold_loss":0.0,"damage_taken":21.0,"cards_upgraded":["Strike_B","Dualcast"]}],"is_beta":false,"boss_relics":[],"items_purged_floors":[4],"is_endless":false,"potions_floor_spawned":[2,7],"killed_by":"Slime Boss","ascension_level":20}}