{"host":"e1zuqie93klo2ncl","time":1611476785,"event":{"mods":["AchievementEnabler","BaseMod","Minty Spire (QoL Compilation)","Relic Stats","StSLib"],"gold_per_floor":[118,118,136,148,167,167,177,189,189,214,234,234,234],"floor_reached":12,"language":"ENG","playtime":570,"items_purged":[],"score":168,"play_id":"bd3f3396-aec6-4bef-b8a8-a1ad21c4ee4f","local_time":"20210124082625","is_ascension_mode":true,"campfire_choices":[{"data":"Skewer","floor":6,"key":"SMITH"}],"circlet_count":0,"master_deck":["AscendersBane","Strike_G","Strike_G","Strike_G","Strike_G","Defend_G","Defend_G","Defend_G","Defend_G","Defend_G","Survivor","Neutralize","Flying Knee","Skewer+1","Dagger Spray","Deflect","Deflect","Heel Hook"],"relics":["Busted Crown","Gremlin Horn","Eternal Feather"],"acts_visited":["Exordium"],"potions_floor_usage":[5,10,12],"damage_taken":[{"damage":0,"enemies":"2 Louse","floor":1,"turns":4},{"damage":0,"enemies":"Cultist","floor":3,"turns":5},{"damage":0,"enemies":"Jaw Worm","floor":4,"turns":4},{"damage":4,"enemies":"Gremlin Gang","floor":5,"turns":9},{"damage":13,"enemies":"Exordium Wildlife","floor":7,"turns":4},{"damage":0,"enemies":"3 Louse","floor":8,"turns":2},{"damage":28,"enemies":"Lagavulin","floor":10,"turns":6},{"damage":0,"enemies":"Red Slaver","floor":11,"turns":2},{"damage":25,"enemies":"Gremlin Nob","floor":12,"turns":3}],"seed_played":"-7577239213818292163","potions_obtained":[{"floor":1,"key":"SkillPotion"},{"floor":3,"key":"Energy Potion"},{"floor":8,"key":"LiquidMemories"},{"floor":11,"key":"LiquidBronze"}],"is_trial":false,"path_per_floor":["M","?","M","M","M","R","M","M","T","E","M","E"],"character_chosen":"THE_SILENT","items_purchased":[],"campfire_rested":0,"item_purchase_floors":[],"current_hp_per_floor":[59,59,59,59,55,55,42,42,42,14,14,0,0],"gold":234,"neow_bonus":"BOSS_RELIC","is_daily":false,"chose_seed":false,"campfire_upgraded":1,"win_rate":0.0,"timestamp":1611476785,"path_taken":["M","?","?","M","?","R","M","M","T","E","M","E"],"items_purchased_type":[],"build_version":"2020-12-22","purchased_purges":0,"victory":false,"max_hp_per_floor":[66,66,66,66,66,66,66,66,66,66,66,66,66],"relic_stats":{"Busted Crown":16,"Gremlin Horn":[0,0],"counters":[9,39],"Eternal Feather":0,"obtain_stats":[{"Busted Crown":0,"Gremlin Horn":9,"Eternal Feather":10,"Ring of the Snake":0},{"Busted Crown":0,"Gremlin Horn":6,"Eternal Feather":7,"Ring of the Snake":0},{"Busted Crown":0,"Gremlin Horn":28,"Eternal Feather":34,"Ring of the Snake":0}]},"card_choices":[{"not_picked":[],"picked":"Flying Knee","floor":1},{"not_picked":[],"picked":"Skewer","floor":3},{"not_picked":[],"picked":"Dagger Spray","floor":4},{"not_picked":[],"picked":"Deflect","floor":5},{"not_picked":["Flechettes"],"picked":"SKIP","floor":7},{"not_picked":["Slice"],"picked":"SKIP","floor":8},{"not_picked":[],"picked":"Deflect","floor":10},{"not_picked":[],"picked":"Heel Hook","floor":11}],"player_experience":833614,"relics_obtained":[{"floor":9,"key":"Gremlin Horn"},{"floor":10,"key":"Eternal Feather"}],"event_choices":[{"cards_removed":["Strike_G"],"damage_healed":0,"gold_gain":0,"player_choice":"Offered Basic","damage_taken":0,"max_hp_gain":0,"max_hp_loss":0,"event_name":"Bonfire Elementals","floor":2,"gold_loss":0}],"is_beta":false,"boss_relics":[],"items_purged_floors":[],"is_endless":false,"potions_floor_spawned":[1,3,8,11],"killed_by":"Gremlin Nob","ascension_level":20}}