{"host":"fdq5pmhluajjrf8d","time":1611509884,"event":{"mods":["BaseMod","Minty Spire (QoL Compilation)"],"gold_per_floor":[111,111,126,126,140,140,175,195,263,277,277,294,294,129,129,129,129],"floor_reached":16,"language":"ENG","playtime":553,"items_purged":[],"score":204,"play_id":"11432754-b22e-4855-be02-b4523f0126a1","local_time":"20210124123804","is_ascension_mode":true,"campfire_choices":[{"data":"Recycle","floor":6,"key":"SMITH"},{"floor":11,"key":"REST"},{"floor":15,"key":"REST"}],"circlet_count":0,"master_deck":["AscendersBane","Strike_B","Strike_B","Strike_B","Strike_B","Defend_B","Defend_B","Defend_B","Defend_B","Zap","Dualcast","Electrodynamics","Tempest","Recycle+1","Redo"],"relics":["Cracked Core","NlothsMask","Pocketwatch","ClockworkSouvenir"],"acts_visited":["Exordium"],"potions_floor_usage":[7,7,16],"damage_taken":[{"damage":3,"enemies":"2 Louse","floor":1,"turns":3},{"damage":1,"enemies":"Cultist","floor":3,"turns":3},{"damage":10,"enemies":"Small Slimes","floor":5,"turns":3},{"damage":10,"enemies":"3 Sentries","floor":7,"turns":3},{"damage":10,"enemies":"Gremlin Gang","floor":8,"turns":2},{"damage":17,"enemies":"Exordium Wildlife","floor":10,"turns":2},{"damage":7,"enemies":"2 Fungi Beasts","floor":12,"turns":2},{"damage":45,"enemies":"Hexaghost","floor":16,"turns":9}],"seed_played":"-487650908340183043","potions_obtained":[{"floor":1,"key":"Fire Potion"},{"floor":3,"key":"Fire Potion"},{"floor":12,"key":"ColorlessPotion"}],"is_trial":false,"path_per_floor":["M","?","M","$","M","R","E","M","T","M","R","M","?","$","R","B"],"character_chosen":"DEFECT","items_purchased":["ClockworkSouvenir"],"campfire_rested":2,"item_purchase_floors":[14],"current_hp_per_floor":[61,61,60,60,50,50,40,30,30,13,32,25,25,25,44,0,0],"gold":129,"neow_bonus":"THREE_RARE_CARDS","is_daily":false,"chose_seed":false,"campfire_upgraded":1,"win_rate":0.0,"timestamp":1611509884,"path_taken":["M","?","?","?","M","R","E","M","T","M","R","M","?","$","R","BOSS"],"items_purchased_type":["Relic"],"build_version":"2020-12-22","purchased_purges":0,"victory":false,"max_hp_per_floor":[64,64,64,64,64,64,64,64,64,64,64,64,64,64,64,64,64],"card_choices":[{"not_picked":["All For One","Multi-Cast"],"picked":"Electrodynamics","floor":0},{"not_picked":["FTL","Steam"],"picked":"Tempest","floor":1},{"not_picked":["Aggregate","FTL","Turbo"],"picked":"SKIP","floor":3},{"not_picked":["Skim","Aggregate"],"picked":"Recycle","floor":5},{"not_picked":["White Noise","Coolheaded","Storm"],"picked":"SKIP","floor":7},{"not_picked":["Stack","Skim"],"picked":"Redo","floor":8},{"not_picked":["Lockon","Auto Shields","Steam"],"picked":"SKIP","floor":10},{"not_picked":["Heatsinks","Stack","Auto Shields"],"picked":"SKIP","floor":12}],"player_experience":1931320,"relics_obtained":[{"floor":7,"key":"Pocketwatch"}],"event_choices":[{"damage_healed":0,"gold_gain":0,"player_choice":"Trade","damage_taken":0,"relics_obtained":["NlothsMask"],"max_hp_gain":0,"max_hp_loss":0,"event_name":"FaceTrader","floor":2,"gold_loss":0},{"damage_healed":0,"gold_gain":0,"player_choice":"Ignored","damage_taken":0,"max_hp_gain":0,"max_hp_loss":0,"event_name":"Golden Wing","floor":13,"gold_loss":0}],"is_beta":false,"boss_relics":[],"items_purged_floors":[],"is_endless":false,"potions_floor_spawned":[1,3,5,12],"killed_by":"Hexaghost","ascension_level":20}}