{"host":"kgfs5ebhusfk1t4t","time":1611494941,"event":{"mods":["BaseMod","Colored Map","DeckTracker","Highlight Path","KOR Keyword Fix","Keyboard Shortcuts","Minty Spire (QoL Compilation)","Permanent Neow","Quick Restart","StSLib","SuperFastMode","everything is the same but u backflip on backflip"],"gold_per_floor":[14,32,46,321,341,373,383,383,407,424,434,445,457,477,477,477,477],"floor_reached":16,"language":"KOR","playtime":516,"items_purged":[],"score":110,"play_id":"d992cb24-9384-4406-b6f7-4feb4682d740","local_time":"20210124222901","is_ascension_mode":false,"campfire_choices":[{"data":"Berserk","floor":8,"key":"SMITH"},{"data":"Fire Breathing","floor":15,"key":"SMITH"}],"circlet_count":0,"master_deck":["Strike_R","Strike_R","Strike_R","Defend_R","Defend_R","Defend_R","Defend_R","Bash","Fire Breathing+1","Searing Blow","Headbutt","Regret","Reckless Charge","Carnage","Berserk+1","Clash","Wild Strike","Armaments","Spot Weakness","Thunderclap"],"relics":["Burning Blood","Paper Frog","Bag of Preparation"],"acts_visited":["Exordium"],"potions_floor_usage":[6,14],"damage_taken":[{"damage":5,"enemies":"Small Slimes","floor":1,"turns":5},{"damage":5,"enemies":"Cultist","floor":2,"turns":4},{"damage":0,"enemies":"2 Louse","floor":3,"turns":2},{"damage":25,"enemies":"Looter","floor":5,"turns":4},{"damage":37,"enemies":"Gremlin Nob","floor":6,"turns":5},{"damage":1,"enemies":"3 Louse","floor":7,"turns":2},{"damage":18,"enemies":"Red Slaver","floor":10,"turns":3},{"damage":5,"enemies":"Lots of Slimes","floor":11,"turns":2},{"damage":7,"enemies":"Exordium Wildlife","floor":12,"turns":3},{"damage":8,"enemies":"Looter","floor":13,"turns":3},{"damage":16,"enemies":"Gremlin Gang","floor":14,"turns":4},{"damage":40,"enemies":"Hexaghost","floor":16,"turns":8}],"seed_played":"-3181174218302960903","potions_obtained":[{"floor":1,"key":"Dexterity Potion"},{"floor":6,"key":"BloodPotion"},{"floor":7,"key":"EssenceOfSteel"},{"floor":11,"key":"SteroidPotion"},{"floor":14,"key":"BloodPotion"}],"is_trial":false,"path_per_floor":["M","M","M","?","M","E","M","R","T","M","M","M","M","M","R","B"],"character_chosen":"IRONCLAD","items_purchased":[],"campfire_rested":0,"item_purchase_floors":[],"current_hp_per_floor":[80,80,80,80,61,46,51,51,51,39,40,39,37,43,43,3,3],"gold":477,"neow_bonus":"REMOVE_TWO","is_daily":false,"chose_seed":false,"campfire_upgraded":2,"win_rate":0.0,"timestamp":1611494941,"path_taken":["M","M","M","?","M","E","?","R","T","M","M","M","M","M","R","BOSS"],"items_purchased_type":[],"build_version":"2020-12-22","purchased_purges":0,"victory":false,"max_hp_per_floor":[80,80,80,80,80,80,80,80,80,80,80,80,80,80,80,80,80],"card_choices":[{"not_picked":["Battle Trance","Clash"],"picked":"Fire Breathing","floor":1},{"not_picked":["Armaments","Cleave"],"picked":"Searing Blow","floor":2},{"not_picked":["Havoc","Sword Boomerang"],"picked":"Headbutt","floor":3},{"not_picked":["Intimidate","Havoc"],"picked":"Reckless Charge","floor":5},{"not_picked":["Spot Weakness","Havoc"],"picked":"Carnage","floor":6},{"not_picked":["Twin Strike","Uppercut"],"picked":"Berserk","floor":7},{"not_picked":["Rampage","Searing Blow"],"picked":"Clash","floor":10},{"not_picked":["Pommel Strike","Heavy Blade"],"picked":"Wild Strike","floor":11},{"not_picked":["Wild Strike","Headbutt"],"picked":"Armaments","floor":12},{"not_picked":["Uppercut","Whirlwind"],"picked":"Spot Weakness","floor":13},{"not_picked":["Disarm","Carnage"],"picked":"Thunderclap","floor":14}],"player_experience":153144,"relics_obtained":[{"floor":6,"key":"Paper Frog"},{"floor":9,"key":"Bag of Preparation"}],"event_choices":[{"damage_healed":0,"gold_gain":275,"player_choice":"Desecrate","damage_taken":0,"max_hp_gain":0,"max_hp_loss":0,"event_name":"Golden Shrine","floor":4,"gold_loss":0,"cards_obtained":["Regret"]}],"is_beta":false,"boss_relics":[],"items_purged_floors":[],"is_endless":false,"potions_floor_spawned":[1,6,7,11,14],"killed_by":"Hexaghost","ascension_level":0}}