{"host":"clf2hd4adhiiw0zf","time":1611524969,"event":{"mods":["AchievementEnabler","BaseMod","Beaked The Cultist","Bestiary","Dark Map","Downfall","Gremlin Mod","Hermit","Jorbs\u0027s Wanderer Trilogy","Marisa????????","Minty Spire (QoL Compilation)","Shop Mod","StSLib","The Cursed","The Servant 0.9.4","UnlockEverythingMod","Wide Potions"],"gold_per_floor":[99,119,119,119,294,37,37,70,55,55,67,67,67,87,102,197,197,97,197,197,197,207,242,269,301,130,143,43,55,55,40,55,156,156,156,156,156,156,431,118,118,131,131,147,165,174,192,223,123,123,123,160,5,5,5,5,5],"floor_reached":56,"language":"ENG","playtime":2929,"items_purged":["Doubt","Regret"],"score":845,"play_id":"f729b81d-b22d-403b-913e-fd8150ca0935","local_time":"20210124144929","is_ascension_mode":true,"campfire_choices":[{"data":"beaked:Ceremony","floor":1.0,"key":"SMITH"},{"floor":10.0,"key":"RECALL"},{"data":"expansioncontent:DashGenerateEvil","floor":13.0,"key":"SMITH"},{"data":"beaked:AwakenedForm","floor":18.0,"key":"SMITH"},{"data":"beaked:Sacrifice","floor":28.0,"key":"SMITH"},{"data":"beaked:Ceremony","floor":30.0,"key":"SMITH"},{"data":"beaked:AwakenedForm","floor":35.0,"key":"SMITH"},{"data":"J.A.X.","floor":43.0,"key":"SMITH"},{"data":"beaked:Pecker","floor":49.0,"key":"SMITH"},{"floor":54.0,"key":"REST"}],"circlet_count":0,"master_deck":["beaked:Strike_Y+1","beaked:Strike_Y","beaked:Strike_Y","beaked:Strike_Y+1","beaked:Defend_Y","beaked:Defend_Y","beaked:Defend_Y","beaked:Ceremony+1","beaked:Ceremony+1","beaked:Ceremony","beaked:WildInstinct","beaked:StunningBlow+1","beaked:Sacrifice+1","expansioncontent:DashGenerateEvil+1","beaked:Insight","beaked:Poke","beaked:CursingBlood","beaked:Evade","beaked:Foresight","beaked:AwakenedForm+1","CurseOfTheBell","beaked:Hexing","J.A.X.+1","beaked:FeelMyPain","beaked:Daydream+1","stsjorbsmod:Withering","beaked:CursingBlood","beaked:Pecker+1","beaked:FakeOut","beaked:AwakenedForm+1","expansioncontent:PolyBeam","beaked:BloodRitual+1","expansioncontent:DashGenerateEvil+1","beaked:FakeOut","beaked:ShadowFade"],"relics":["beaked:MendingPlumage","Meat on the Bone","Calling Bell","Bronze Scales","Mummified Hand","Thread and Needle","downfall:HeartBlessingRed","MutagenicStrength","Pantograph","Darkstone Periapt","Frozen Eye","downfall:HeartBlessingBlue","Snecko Eye","Pear","Bag of Marbles","CeramicFish","FossilizedHelix","downfall:HeartBlessingGreen","Boot","Oddly Smooth Stone"],"acts_visited":["Exordium","TheCity","TheBeyond","TheEnding"],"potions_floor_usage":[55],"damage_taken":[{"damage":18.0,"enemies":"2 Louse","floor":2.0,"turns":5.0},{"damage":5.0,"enemies":"downfall:FleeingMerchant","floor":6.0,"turns":4.0},{"damage":19.0,"enemies":"Lagavulin","floor":8.0,"turns":7.0},{"damage":5.0,"enemies":"downfall:FleeingMerchant","floor":9.0,"turns":4.0},{"damage":11.0,"enemies":"Small Slimes","floor":11.0,"turns":5.0},{"damage":11.0,"enemies":"Jaw Worm","floor":14.0,"turns":4.0},{"damage":14.0,"enemies":"Blue Slaver","floor":15.0,"turns":3.0},{"damage":44.0,"enemies":"IC_STATUS_ARCHETYPE","floor":16.0,"turns":13.0},{"damage":13.0,"enemies":"downfall:Augmenter","floor":19.0,"turns":5.0},{"damage":0.0,"enemies":"Chosen","floor":20.0,"turns":1.0},{"damage":55.0,"enemies":"Sentry and Sphere","floor":22.0,"turns":6.0},{"damage":26.0,"enemies":"Book of Stabbing","floor":23.0,"turns":3.0},{"damage":44.0,"enemies":"Slavers","floor":25.0,"turns":5.0},{"damage":24.0,"enemies":"downfall:FleeingMerchant","floor":26.0,"turns":4.0},{"damage":5.0,"enemies":"Snake Plant","floor":27.0,"turns":4.0},{"damage":39.0,"enemies":"Shelled Parasite and Fungi","floor":29.0,"turns":5.0},{"damage":0.0,"enemies":"downfall:FleeingMerchant","floor":31.0,"turns":4.0},{"damage":7.0,"enemies":"Chosen and Byrds","floor":32.0,"turns":5.0},{"damage":93.0,"enemies":"DF_ARCHETYPE_CLAW","floor":33.0,"turns":6.0},{"damage":0.0,"enemies":"3 Darklings","floor":36.0,"turns":2.0},{"damage":40.0,"enemies":"downfall:FleeingMerchant","floor":40.0,"turns":3.0},{"damage":3.0,"enemies":"3 Shapes","floor":42.0,"turns":3.0},{"damage":20.0,"enemies":"Maw","floor":44.0,"turns":5.0},{"damage":15.0,"enemies":"Spire Growth","floor":45.0,"turns":3.0},{"damage":3.0,"enemies":"Sphere and 2 Shapes","floor":47.0,"turns":4.0},{"damage":120.0,"enemies":"Reptomancer","floor":48.0,"turns":6.0},{"damage":88.0,"enemies":"WA_ARCHETYPE_DIVINITY","floor":50.0,"turns":6.0},{"damage":84.0,"enemies":"downfall:CharBossMerchant","floor":52.0,"turns":6.0},{"damage":114,"enemies":"downfall:NeowBoss","floor":55,"turns":14},{"damage":103,"enemies":"downfall:NeowBossFinal","floor":56,"turns":8}],"seed_played":"17292036322414557","potions_obtained":[{"floor":8.0,"key":"Swift Potion"},{"floor":12.0,"key":"Energy Potion"},{"floor":12.0,"key":"Dexterity Potion"},{"floor":15.0,"key":"SteroidPotion"},{"floor":29.0,"key":"Strength Potion"},{"floor":32.0,"key":"SmokeBomb"},{"floor":33.0,"key":"DistilledChaos"},{"floor":44.0,"key":"Strength Potion"},{"floor":48.0,"key":"SkillPotion"}],"is_trial":false,"path_per_floor":["R","M","?","?","?","$","T","E","$","R","M","?","R","M","M","B",null,"R","?","M","?","M","E","T","E","$","M","R","M","R","$","M","B",null,"R","M","?","?","?","$","T","M","R","M","M","?","M","E","R","B",null,"E","$","R","B","B"],"character_chosen":"BEAKED_THE_CULTIST","items_purchased":["expansioncontent:DashGenerateEvil","Frozen Eye","expansioncontent:DashGenerateEvil+1","Pear","Bag of Marbles","Oddly Smooth Stone"],"campfire_rested":1,"item_purchase_floors":[6,26,40,40,40,53],"current_hp_per_floor":[50,43,43,43,43,48,48,36,41,41,44,44,44,46,41,29,56,56,56,56,56,34,27,27,20,33,40,50,44,44,60,70,21,72,72,72,72,72,78,56,56,72,72,83,86,86,94,52,52,27,97,42,42,71,44,0,0],"gold":5,"neow_bonus":"THREE_RARE_CARDS","is_daily":false,"chose_seed":false,"campfire_upgraded":8,"win_rate":0.0,"timestamp":1611524969,"path_taken":["R","M","?","?","?","?","T","E","$","R","M","?","R","?","M","BOSS","R","?","M","?","M","E","T","E","$","?","R","M","R","?","M","BOSS","R","M","?","?","?","$","T","?","R","M","M","?","?","E","R","BOSS","E","$","R","BOSS","BOSS"],"items_purchased_type":["Card","Relic","Card","Relic","Relic","Relic"],"build_version":"2020-12-22","purchased_purges":2,"victory":false,"max_hp_per_floor":[50,50,50,50,50,50,50,50,50,50,53,53,53,56,56,56,56,56,56,56,56,56,56,56,59,59,59,69,69,69,69,72,72,72,72,72,72,72,78,91,91,94,94,94,94,94,94,97,97,97,97,97,97,97,97,97,97],"card_choices":[{"not_picked":["beaked:Brainwash","beaked:Caw"],"picked":"beaked:WildInstinct","floor":0.0},{"not_picked":["beaked:Overpower","beaked:MachineSpirit"],"picked":"beaked:StunningBlow","floor":2.0},{"not_picked":["beaked:Recite","beaked:Flinch"],"picked":"beaked:Sacrifice","floor":6.0},{"not_picked":["beaked:BraceForImpact","beaked:Resilience"],"picked":"beaked:Insight","floor":8.0},{"not_picked":["beaked:Cower","beaked:BloodRitual"],"picked":"beaked:Poke","floor":9.0},{"not_picked":["beaked:MimicWarrior","beaked:Poke"],"picked":"beaked:CursingBlood","floor":11.0},{"not_picked":["beaked:Poke","beaked:TuckingFeathers"],"picked":"beaked:Evade","floor":14.0},{"not_picked":["beaked:SacrificialDive","beaked:Daydream"],"picked":"beaked:Foresight","floor":15.0},{"not_picked":["beaked:MachineEssence","beaked:LiftOff"],"picked":"beaked:AwakenedForm","floor":16.0},{"not_picked":[],"picked":"J.A.X.","floor":19.0},{"not_picked":["beaked:Evade","beaked:Resilience"],"picked":"beaked:FeelMyPain","floor":19.0},{"not_picked":["beaked:BloodForTheGods","beaked:Recite"],"picked":"beaked:Daydream+1","floor":20.0},{"not_picked":["beaked:Insight","beaked:Poke","beaked:Brace+1"],"picked":"SKIP","floor":22.0},{"not_picked":["beaked:Overpower","beaked:Daydream"],"picked":"beaked:CursingBlood","floor":23.0},{"not_picked":["beaked:StunningBlow+1","beaked:VigorBurst","beaked:DigDeep+1"],"picked":"SKIP","floor":25.0},{"not_picked":["beaked:Cower+1","beaked:Replenish"],"picked":"beaked:Pecker","floor":26.0},{"not_picked":["beaked:SurvivalInstinct","beaked:Cower"],"picked":"beaked:FakeOut","floor":27.0},{"not_picked":["beaked:DesperateSwing","beaked:Daydream+1","beaked:Tradeoff"],"picked":"SKIP","floor":29.0},{"not_picked":["beaked:StunningBlow","beaked:TuckingFeathers+1","beaked:Pecker"],"picked":"SKIP","floor":31.0},{"not_picked":["beaked:Tweet","beaked:FeelMyPain+1","beaked:MimicHuntress"],"picked":"SKIP","floor":32.0},{"not_picked":["beaked:Sacrifice","beaked:LiftOff"],"picked":"beaked:AwakenedForm","floor":33.0},{"not_picked":["expansioncontent:YouAreMine","expansioncontent:GuardianWhirl"],"picked":"expansioncontent:PolyBeam","floor":38.0},{"not_picked":["beaked:SacrificialDive+1","beaked:BraceForImpact"],"picked":"beaked:BloodRitual+1","floor":40.0},{"not_picked":["beaked:SurvivalInstinct","beaked:Tradeoff+1","beaked:HuntressEssence"],"picked":"SKIP","floor":42.0},{"not_picked":["beaked:DigDeeper+1","beaked:BounceBack+1","beaked:StickSmack"],"picked":"SKIP","floor":44.0},{"not_picked":["beaked:Evade+1","beaked:Resilience+1","beaked:Windmill"],"picked":"SKIP","floor":45.0},{"not_picked":["beaked:Hexing","beaked:TuckingFeathers","beaked:Redirect+1"],"picked":"SKIP","floor":47.0},{"not_picked":["beaked:Windmill+1","beaked:SacrificialDive+1","beaked:CursingBlood"],"picked":"SKIP","floor":48.0},{"not_picked":["beaked:TuckingFeathers+1","beaked:MachineSpirit+1"],"picked":"beaked:ShadowFade","floor":52.0}],"player_experience":104431,"relics_obtained":[{"floor":7.0,"key":"Meat on the Bone"},{"floor":8.0,"key":"Centennial Puzzle"},{"floor":17.0,"key":"Bronze Scales"},{"floor":17.0,"key":"Mummified Hand"},{"floor":17.0,"key":"Thread and Needle"},{"floor":19.0,"key":"MutagenicStrength"},{"floor":23.0,"key":"Pantograph"},{"floor":25.0,"key":"Darkstone Periapt"},{"floor":41.0,"key":"CeramicFish"},{"floor":48.0,"key":"FossilizedHelix"},{"floor":52.0,"key":"Boot"}],"event_choices":[{"damage_healed":0.0,"max_hp_gain":0.0,"max_hp_loss":0.0,"gold_gain":0.0,"event_name":"Lab","player_choice":"Got Potions","floor":12.0,"gold_loss":0.0,"damage_taken":0.0},{"cards_removed":["beaked:Defend_Y"],"damage_healed":0.0,"max_hp_gain":0.0,"max_hp_loss":0.0,"gold_gain":0.0,"event_name":"Falling","player_choice":"Removed Skill","floor":37.0,"gold_loss":0.0,"damage_taken":0.0}],"is_beta":false,"boss_relics":[{"not_picked":["Tiny House","Astrolabe"],"picked":"Calling Bell"},{"not_picked":["Philosopher\u0027s Stone","Velvet Choker"],"picked":"Snecko Eye"}],"items_purged_floors":[6,40],"is_endless":false,"potions_floor_spawned":[8,15,16,23,29,32,33,44,48],"killed_by":"downfall:NeowBossFinal","ascension_level":1}}