{"host":"hv7yb09uheo1d113","time":1611453114,"event":{"mods":["Act Like it!","Ascension Unlocker","BaseMod","Better Altar","Better Note","Colored Map","Colored Powertips","Downfall","GifTheSpireLib","Minty Spire (QoL Compilation)","Reworked Bosses","Shop Mod","StSLib","Synergy Search"],"gold_per_floor":[99,99,99,25,133,174,174,185,200,200,0,36,55,55,74,74,74,74],"floor_reached":16,"language":"ENG","playtime":2376,"items_purged":[],"score":162,"play_id":"bf29d31f-6ced-49dd-ba0f-f9b503ff92fe","local_time":"20210123195154","is_ascension_mode":true,"campfire_choices":[{"data":"hexamod:Sear","floor":1,"key":"SMITH"},{"floor":10,"key":"REST"}],"circlet_count":0,"master_deck":["AscendersBane","hexamod:Strike","hexamod:Strike","hexamod:Strike","hexamod:Strike+1","hexamod:Defend","hexamod:Defend","hexamod:Defend+1","hexamod:Defend","hexamod:Sear+1","hexamod:Float","hexamod:FourthSeal","hexamod:Hexaguard+1","hexamod:NightmareStrike+1","hexamod:SecondSeal","hexamod:Sear","hexamod:GhostLash","hexamod:ChargedBarrage","hexamod:SixthSeal","Dark Shackles","Clumsy","hexamod:Hexaguard+1","hexamod:ThirdSeal","hexamod:SpectersWail+1","hexamod:InspiringFlames","hexamod:NightmareGuise","hexamod:SpectersWail+1","hexamod:BurningTouch","expansioncontent:DashGenerateEvil+1","hexamod:NecessarySacrifice","downfall:Aged","hexamod:GhostLash"],"relics":["hexamod:SpiritBrand","downfall:HeartsMalice","downfall:GremlinSack","Mango","Bottled Lightning","Eternal Feather"],"acts_visited":["Exordium"],"potions_floor_usage":[9,12,16],"damage_taken":[{"damage":0,"enemies":"Small Slimes","floor":2,"turns":1},{"damage":0,"enemies":"Cultist","floor":3,"turns":1},{"damage":0,"enemies":"downfall:FleeingMerchant","floor":4,"turns":1},{"damage":52,"enemies":"downfall:FleeingMerchant","floor":5,"turns":6},{"damage":1,"enemies":"Lagavulin","floor":6,"turns":7},{"damage":0,"enemies":"2 Louse","floor":8,"turns":3},{"damage":11,"enemies":"Exordium Thugs","floor":9,"turns":4},{"damage":5,"enemies":"downfall:FleeingMerchant","floor":11,"turns":4},{"damage":8,"enemies":"3 Sentries","floor":12,"turns":5},{"damage":0,"enemies":"2 Fungi Beasts","floor":13,"turns":5},{"damage":6,"enemies":"Exordium Thugs","floor":15,"turns":4},{"damage":24,"enemies":"DF_ARCHETYPE_STREAMLINE","floor":16,"turns":3}],"seed_played":"4273525528951038959","potions_obtained":[{"floor":5,"key":"LiquidBronze"},{"floor":6,"key":"hexamod:InfernoChargePotion"},{"floor":6,"key":"sneckomod:MuddlingPotion"},{"floor":9,"key":"FearPotion"},{"floor":11,"key":"CultistPotion"},{"floor":12,"key":"SneckoOil"}],"is_trial":false,"path_per_floor":["R","M","M","$","?","E","T","M","M","R","$","E","M","?","M","B"],"character_chosen":"THE_SPIRIT","items_purchased":["hexamod:SecondSeal","expansioncontent:DashGenerateEvil"],"campfire_rested":1,"item_purchase_floors":[4,11],"current_hp_per_floor":[63,63,63,63,11,24,24,24,13,38,33,25,25,25,19,0,0,0],"gold":74,"neow_bonus":"THREE_ENEMY_KILL","is_daily":false,"chose_seed":false,"campfire_upgraded":1,"win_rate":0.0,"timestamp":1611453114,"path_taken":["R","M","M","$","?","E","T","M","?","R","$","E","M","?","M","BOSS"],"items_purchased_type":["Card","Card"],"build_version":"2020-12-22","purchased_purges":0,"victory":false,"max_hp_per_floor":[70,70,70,70,70,84,84,84,84,84,84,84,84,84,84,84,84,84],"card_choices":[{"not_picked":["hexamod:SkipABeat","hexamod:ThermalTransfer"],"picked":"hexamod:FourthSeal","floor":2},{"not_picked":["hexamod:HeatShield","hexamod:AdvancingGuard"],"picked":"hexamod:Hexaguard","floor":3},{"not_picked":["hexamod:ShieldOfDarkness","hexamod:GhostLash"],"picked":"hexamod:NightmareStrike","floor":4},{"not_picked":["hexamod:NightmareGuise","hexamod:BurningTouch"],"picked":"hexamod:Hexaguard","floor":5},{"not_picked":["hexamod:Again","hexamod:TimeWarp"],"picked":"hexamod:ThirdSeal","floor":6},{"not_picked":["hexamod:GhostOfSpireFuture","hexamod:RadiantFlame"],"picked":"hexamod:SpectersWail","floor":8},{"not_picked":["hexamod:EmpoweredFlame","hexamod:Again"],"picked":"hexamod:InspiringFlames","floor":8},{"not_picked":["hexamod:InspiringFlames","hexamod:PhantomCloak"],"picked":"hexamod:NightmareGuise","floor":9},{"not_picked":["hexamod:AdvancingGuard","hexamod:SpectralAdrenaline","hexamod:SecondSeal"],"picked":"SKIP","floor":9},{"not_picked":["hexamod:ThermalTransfer","hexamod:NightmareGuise"],"picked":"hexamod:SpectersWail","floor":11},{"not_picked":["hexamod:EtherealExpedition","hexamod:CatchUp"],"picked":"hexamod:BurningTouch","floor":11},{"not_picked":["hexamod:DynamicBlow","hexamod:ThermalTransfer","hexamod:NightmareGuise"],"picked":"SKIP","floor":12},{"not_picked":["hexamod:SkipABeat","hexamod:ThermalTransfer"],"picked":"hexamod:NecessarySacrifice","floor":13},{"not_picked":["hexamod:BurningTouch","hexamod:ShieldOfDarkness","hexamod:HauntingEcho"],"picked":"SKIP","floor":13},{"not_picked":["hexamod:CatchUp","hexamod:HauntingEcho"],"picked":"hexamod:GhostLash","floor":15},{"not_picked":["hexamod:NecessarySacrifice","hexamod:BacktrackSmack","hexamod:NightmareGuise"],"picked":"SKIP","floor":15}],"player_experience":245772,"relics_obtained":[{"floor":5,"key":"downfall:GremlinSack"},{"floor":6,"key":"Mango"},{"floor":7,"key":"Bottled Lightning"},{"floor":12,"key":"Eternal Feather"}],"event_choices":[],"is_beta":false,"boss_relics":[],"items_purged_floors":[],"is_endless":false,"potions_floor_spawned":[5,6,12,13,15],"killed_by":"DF_ARCHETYPE_STREAMLINE","ascension_level":10}}