{"host":"08t08ld674si40tv","time":1611457008,"event":{"mods":["AchievementEnabler","BaseMod","Colored Map","Minty Spire (QoL Compilation)","StSLib","SuperFastMode"],"gold_per_floor":[115,115,126,126,143,143,165,165,165,185,110,120,120,155,155,254,254,229,129,129,129,84,117,117,137,137,137,163,163,163,176,176,176,176],"floor_reached":33,"language":"KOR","playtime":995,"items_purged":["Strike_G","Strike_G"],"score":331,"play_id":"4857012c-f2ae-4806-a276-500fef405259","local_time":"20210124115648","is_ascension_mode":false,"campfire_choices":[{"data":"Prepared","floor":6.0,"key":"SMITH"},{"floor":13.0,"key":"REST"},{"data":"Neutralize","floor":15.0,"key":"SMITH"},{"data":"Acrobatics","floor":24.0,"key":"SMITH"},{"data":"Tactician","floor":30,"key":"SMITH"},{"data":"Reflex","floor":32,"key":"SMITH"}],"circlet_count":0,"master_deck":["Strike_G","Strike_G","Defend_G","Defend_G","Defend_G","Survivor","Neutralize+1","Prepared+1","Eviscerate","Reflex+1","Tactician+1","Catalyst","Distraction","Acrobatics+1","Blur"],"relics":["Ring of the Snake","Odd Mushroom","Matryoshka","InkBottle","Du-Vu Doll","Philosopher\u0027s Stone","Nunchaku","Potion Belt","Pear"],"acts_visited":["Exordium","TheCity"],"potions_floor_usage":[33],"damage_taken":[{"damage":9.0,"enemies":"Small Slimes","floor":1.0,"turns":5.0},{"damage":0.0,"enemies":"2 Louse","floor":3.0,"turns":2.0},{"damage":1.0,"enemies":"Jaw Worm","floor":5.0,"turns":4.0},{"damage":20.0,"enemies":"The Mushroom Lair","floor":7.0,"turns":5.0},{"damage":0.0,"enemies":"Looter","floor":10.0,"turns":3.0},{"damage":6.0,"enemies":"3 Louse","floor":12.0,"turns":3.0},{"damage":22.0,"enemies":"Gremlin Nob","floor":14.0,"turns":4.0},{"damage":13.0,"enemies":"The Guardian","floor":16.0,"turns":14.0},{"damage":9.0,"enemies":"2 Thieves","floor":18.0,"turns":5.0},{"damage":32.0,"enemies":"Book of Stabbing","floor":23.0,"turns":9.0},{"damage":0.0,"enemies":"3 Byrds","floor":25.0,"turns":3.0},{"damage":7.0,"enemies":"Slavers","floor":28.0,"turns":6.0},{"damage":0,"enemies":"Centurion and Healer","floor":31,"turns":3},{"damage":42,"enemies":"Collector","floor":33,"turns":10}],"seed_played":"107028471177196911","potions_obtained":[{"floor":3.0,"key":"FearPotion"},{"floor":7.0,"key":"FearPotion"},{"floor":10.0,"key":"Ancient Potion"},{"floor":14.0,"key":"Weak Potion"},{"floor":25.0,"key":"BlessingOfTheForge"},{"floor":28,"key":"Fire Potion"}],"is_trial":false,"path_per_floor":["M","?","M","?","M","R","?","?","T","M","$","M","R","E","R","B",null,"M","$","?","?","$","E","R","M","T","?","E","?","R","M","R","B"],"character_chosen":"THE_SILENT","items_purchased":["Acrobatics"],"campfire_rested":1,"item_purchase_floors":[22],"current_hp_per_floor":[61,66,66,66,65,65,45,38,38,38,38,32,54,32,32,19,75,66,66,66,66,66,34,34,34,44,44,37,37,37,37,37,0,0],"gold":176,"neow_bonus":"REMOVE_CARD","is_daily":false,"chose_seed":false,"campfire_upgraded":5,"win_rate":0.0,"timestamp":1611457008,"path_taken":["M","?","M","?","M","R","?","?","T","M","$","M","R","E","R","BOSS","M","$","?","?","$","E","R","M","T","?","E","?","R","M","R","BOSS"],"items_purchased_type":["Card"],"build_version":"2020-12-22","purchased_purges":2,"victory":false,"max_hp_per_floor":[70,75,75,75,75,75,75,75,75,75,75,75,75,75,75,75,75,75,75,75,75,75,75,75,75,85,85,85,85,85,85,85,85,85],"card_choices":[{"not_picked":["Quick Slash","Dodge and Roll"],"picked":"Prepared","floor":1.0},{"not_picked":["Acrobatics","Concentrate"],"picked":"Eviscerate","floor":3.0},{"not_picked":["Cloak And Dagger","Eviscerate"],"picked":"Reflex","floor":5.0},{"not_picked":["Dagger Spray","Skewer"],"picked":"Tactician","floor":10.0},{"not_picked":["Slice","Prepared","Heel Hook"],"picked":"SKIP","floor":12.0},{"not_picked":["Accuracy","Distraction","Concentrate"],"picked":"SKIP","floor":14.0},{"not_picked":["Blade Dance","Infinite Blades+1","Catalyst"],"picked":"SKIP","floor":18.0},{"not_picked":["Underhanded Strike","Unload","Flying Knee"],"picked":"SKIP","floor":23.0},{"not_picked":["Quick Slash+1","Slice","Terror"],"picked":"SKIP","floor":25.0},{"not_picked":["PiercingWail","Quick Slash","Accuracy+1"],"picked":"SKIP","floor":28},{"not_picked":["Bouncing Flask","Eviscerate+1","Escape Plan"],"picked":"SKIP","floor":31}],"player_experience":260870,"relics_obtained":[{"floor":7.0,"key":"Odd Mushroom"},{"floor":9.0,"key":"InkBottle"},{"floor":14.0,"key":"Du-Vu Doll"},{"floor":23.0,"key":"Nunchaku"},{"floor":26.0,"key":"Potion Belt"},{"floor":26.0,"key":"Pear"}],"event_choices":[{"damage_healed":0.0,"max_hp_gain":5.0,"max_hp_loss":0.0,"gold_gain":0.0,"event_name":"Big Fish","player_choice":"Donut","floor":2.0,"gold_loss":0.0,"damage_taken":0.0},{"damage_healed":0.0,"max_hp_gain":0.0,"max_hp_loss":0.0,"gold_gain":0.0,"event_name":"Liars Game","player_choice":"Ignored","floor":4.0,"gold_loss":0.0,"damage_taken":0.0},{"damage_healed":0.0,"max_hp_gain":0.0,"max_hp_loss":0.0,"gold_gain":0.0,"event_name":"Mushrooms","player_choice":"Fought Mushrooms","floor":7.0,"gold_loss":0.0,"damage_taken":0.0},{"damage_healed":0.0,"max_hp_gain":0.0,"max_hp_loss":0.0,"gold_gain":0.0,"event_name":"Scrap Ooze","player_choice":"Success","floor":8.0,"gold_loss":0.0,"damage_taken":7.0,"relics_obtained":["Matryoshka"]},{"damage_healed":0.0,"max_hp_gain":0.0,"max_hp_loss":0.0,"gold_gain":0.0,"cards_transformed":["Strike_G","Defend_G"],"event_name":"Drug Dealer","player_choice":"Became Test Subject","floor":20.0,"gold_loss":0.0,"damage_taken":0.0,"cards_obtained":["Catalyst","Distraction"]},{"damage_healed":0.0,"max_hp_gain":0.0,"max_hp_loss":0.0,"gold_gain":0.0,"event_name":"Vampires","player_choice":"Ignored","floor":21.0,"gold_loss":0.0,"damage_taken":0.0},{"damage_healed":0.0,"max_hp_gain":0.0,"max_hp_loss":0.0,"gold_gain":0.0,"event_name":"The Mausoleum","player_choice":"Ignored","floor":27.0,"gold_loss":0.0,"damage_taken":0.0},{"damage_healed":0,"gold_gain":0,"player_choice":"Read","damage_taken":0,"max_hp_gain":0,"max_hp_loss":0,"event_name":"The Library","floor":29,"gold_loss":0,"cards_obtained":["Blur"]}],"is_beta":false,"boss_relics":[{"not_picked":["SlaversCollar","Snecko Eye"],"picked":"Philosopher\u0027s Stone"}],"items_purged_floors":[11,19],"is_endless":false,"potions_floor_spawned":[3,7,10,14,25,28],"killed_by":"Collector","ascension_level":0}}