{"host":"up2ld7cwom0c6tq3","time":1611485812,"event":{"mods":["Act Like it!","BaseMod","Conspire","Downfall","Gensokyo","Minty Spire (QoL Compilation)","StSLib","The Blackbeard","The Mystic","The Servant 0.9.4","Yuyuko"],"gold_per_floor":[99,118,131,131,142,42,65,80,80,80,98,110,10,29,43,145,145,145,162,181,193,204,229,254,254,254,254,265,276,291,291,291,291],"floor_reached":31,"language":"ZHS","playtime":3494,"items_purged":[],"score":305,"play_id":"80bef6fc-4f1e-48cd-8dfb-f944ccaf9be7","local_time":"20210124185652","is_ascension_mode":false,"campfire_choices":[{"floor":1,"key":"RECALL"},{"data":"champ:StanceDance","floor":6,"key":"SMITH"},{"data":"champ:Endure","floor":9,"key":"SMITH"},{"data":"champ:Taunt","floor":13,"key":"SMITH"},{"data":"champ:GladiatorForm","floor":18,"key":"SMITH"},{"floor":27,"key":"REST"}],"circlet_count":0,"master_deck":["champ:Strike","champ:Strike","champ:Strike","champ:Defend","champ:Defend","champ:Defend","champ:Defend","champ:Taunt+1","champ:GutPunch","champ:StanceDance+1","champ:DeathBlow","champ:Endure+1","Headbutt","champ:IronFortress","champ:CrownThrow","champ:RisingSlash","champ:GladiatorForm+1","champ:FancyFootwork","champ:ShieldSlam","champ:ShieldThrow","champ:MurderStrike"],"relics":["champ:ChampionCrown","downfall:HeartBlessingRed","downfall:HeartBlessingBlue","Runic Pyramid","Pen Nib","Happy Flower"],"acts_visited":["Exordium","TheCity"],"potions_floor_usage":[16,16,16,23,23,31,31],"damage_taken":[{"damage":10,"enemies":"2 Louse","floor":2,"turns":3},{"damage":10,"enemies":"Small Slimes","floor":3,"turns":2},{"damage":10,"enemies":"Cultist","floor":5,"turns":3},{"damage":10,"enemies":"Blue Slaver","floor":8,"turns":4},{"damage":35,"enemies":"Gremlin Gang","floor":11,"turns":5},{"damage":10,"enemies":"3 Louse","floor":12,"turns":2},{"damage":15,"enemies":"Blue Slaver","floor":14,"turns":3},{"damage":23,"enemies":"Lots of Slimes","floor":15,"turns":4},{"damage":91,"enemies":"WA_ARCHETYPE_RETAIN","floor":16,"turns":10},{"damage":83,"enemies":"Spheric Guardian","floor":19,"turns":7},{"damage":40,"enemies":"conspire:HollyBat","floor":20,"turns":8},{"damage":58,"enemies":"Cultist and Chosen","floor":21,"turns":7},{"damage":56,"enemies":"Snake Plant","floor":22,"turns":5},{"damage":15,"enemies":"Book of Stabbing","floor":23,"turns":5},{"damage":20,"enemies":"Snecko","floor":28,"turns":6},{"damage":64,"enemies":"Centurion and Healer","floor":29,"turns":4},{"damage":39,"enemies":"Snake Plant","floor":30,"turns":4},{"damage":5,"enemies":"Slavers","floor":31,"turns":1}],"seed_played":"7019566816236146168","potions_obtained":[{"floor":3,"key":"champ:TechniquePotion"},{"floor":8,"key":"FearPotion"},{"floor":12,"key":"GamblersBrew"},{"floor":16,"key":"GamblersBrew"},{"floor":21,"key":"AttackPotion"},{"floor":22,"key":"Explosive Potion"},{"floor":28,"key":"LiquidMemories"}],"is_trial":false,"path_per_floor":["R","M","M","?","M","R","T","M","R","?","M","M","R","M","M","B",null,"R","M","M","M","M","E","T","?","?","R","M","M","M","E"],"character_chosen":"THE_CHAMP","items_purchased":[],"campfire_rested":1,"item_purchase_floors":[],"current_hp_per_floor":[99,99,99,99,99,99,99,99,99,99,99,89,99,99,86,45,109,109,76,76,48,32,32,32,32,17,49,49,30,3,0,0,0],"gold":291,"neow_bonus":"TEN_PERCENT_HP_BONUS","is_daily":false,"chose_seed":false,"campfire_upgraded":4,"win_rate":0.0,"timestamp":1611485812,"path_taken":["R","M","M","?","M","R","T","M","R","?","M","?","R","M","M","BOSS","R","M","M","M","M","E","T","?","?","R","M","M","?","E"],"items_purchased_type":[],"build_version":"2020-12-22","purchased_purges":0,"victory":false,"max_hp_per_floor":[99,99,99,99,99,99,99,99,99,99,99,99,109,109,109,109,109,109,109,109,109,109,109,109,109,109,109,109,109,109,109,109,109],"card_choices":[{"not_picked":["champ:BringItOn","champ:FlashCut"],"picked":"champ:GutPunch","floor":2},{"not_picked":["champ:TornadoPunch","champ:EnGarde"],"picked":"champ:StanceDance","floor":3},{"not_picked":["champ:Shatter","champ:BladeFlurry"],"picked":"champ:DeathBlow","floor":5},{"not_picked":["champ:PreemptiveStrike","champ:EnGarde"],"picked":"champ:Endure","floor":8},{"not_picked":["champ:Encircle","champ:PerfectedStrike"],"picked":"champ:IronFortress","floor":11},{"not_picked":["champ:Shatter","champ:BladeFlurry","champ:PerfectedStrike"],"picked":"SKIP","floor":12},{"not_picked":["champ:Haymaker","champ:Shatter"],"picked":"champ:CrownThrow","floor":14},{"not_picked":["champ:FaceSlap","champ:CrookedStrike"],"picked":"champ:RisingSlash","floor":15},{"not_picked":["champ:VampiricStrike","champ:IgnorePain"],"picked":"champ:GladiatorForm","floor":16},{"not_picked":["champ:Haymaker","champ:SetATrap"],"picked":"champ:FancyFootwork","floor":19},{"not_picked":["champ:BringItOn+1","champ:HeartStrike"],"picked":"champ:ShieldSlam","floor":20},{"not_picked":["champ:PerfectedStrike","champ:PreemptiveStrike","champ:BladeFlurry+1"],"picked":"SKIP","floor":21},{"not_picked":["champ:RapidStrikes","champ:FlashCut"],"picked":"champ:ShieldThrow","floor":22},{"not_picked":["champ:PreemptiveStrike","champ:GutPunch","champ:RapidStrikes+1"],"picked":"SKIP","floor":23},{"not_picked":["champ:EnGarde","champ:StanceDance","champ:PerfectedStrike+1"],"picked":"SKIP","floor":28},{"not_picked":["champ:BladeFlurry","champ:Parry","champ:TornadoPunch+1"],"picked":"SKIP","floor":29},{"not_picked":["champ:HeartStrike","champ:FlashCut"],"picked":"champ:MurderStrike","floor":30}],"player_experience":52993,"relics_obtained":[{"floor":23,"key":"Pen Nib"},{"floor":24,"key":"Happy Flower"}],"event_choices":[{"damage_healed":0,"gold_gain":0,"player_choice":"Leave","damage_taken":0,"max_hp_gain":0,"max_hp_loss":0,"event_name":"conspire:Investor","floor":4,"gold_loss":0},{"cards_removed":["champ:Execute"],"damage_healed":0,"gold_gain":0,"player_choice":"Took Card","damage_taken":0,"max_hp_gain":0,"max_hp_loss":0,"event_name":"NoteForYourself","floor":10,"gold_loss":0,"cards_obtained":["Headbutt"]}],"is_beta":false,"boss_relics":[{"not_picked":["Busted Crown","Runic Dome"],"picked":"Runic Pyramid"}],"items_purged_floors":[],"is_endless":false,"potions_floor_spawned":[3,8,12,15,16,21,22,28],"killed_by":"Slavers","ascension_level":0}}