{"host":"6hzrz31j95f2y1pa","time":1611464814,"event":{"mods":["BaseMod","Colored Map","Downfall","Minty Spire (QoL Compilation)","StSLib"],"gold_per_floor":[0,11,21,6,24,24,24,24,57,77,77,103,121,221,238,340,340,240,253,264,174,184,216,216,226,261,261,335,335,346,372,389,486,486,286,297,347,347,362,394,394,429,449,482,496,249,283,283,295,295,295,322,33,33,33,33,33],"floor_reached":55,"language":"ENG","playtime":2892,"items_purged":["bronze:Defend","bronze:Strike","bronze:Strike","bronze:Strike"],"score":1161,"play_id":"653a8022-58ca-449c-b961-f615626e4ef7","local_time":"20210124000654","is_ascension_mode":true,"campfire_choices":[{"floor":1.0,"key":"RECALL"},{"data":"bronze:FineTuning","floor":6.0,"key":"SMITH"},{"data":"bronze:Separator","floor":8.0,"key":"SMITH"},{"floor":18,"key":"REST"}],"circlet_count":0,"master_deck":["bronze:Defend","bronze:Replicate","bronze:Goto","bronze:CutThrough","bronze:Separator+1","bronze:Constructor+1","bronze:FineTuning+1","bronze:Branch","bronze:ChildClass","bronze:Boost","bronze:Virus","bronze:Fortify+1","bronze:Format","bronze:AlphaBuild","expansioncontent:DashGenerateEvil","bronze:ForceShield+1"],"relics":["bronze:BronzeCore","Guardian:PocketSentry","Gambling Chip","Blue Candle","Fusion Hammer","downfall:HeartBlessingRed","Vajra","Shuriken","Letter Opener","Blood Vial","Question Card","Coffee Dripper","downfall:HeartBlessingGreen","downfall:HeartBlessingBlue","Ginger","bronze:ProtectiveGoggles","HornCleat","hexamod:CandleOfCauterizing","Smiling Mask","Akabeko","Art of War","bronze:CableSpool","Kunai"],"acts_visited":["Exordium","TheCity","TheBeyond","TheEnding"],"potions_floor_usage":[16,16,21,31,40,50,55],"damage_taken":[{"damage":1.0,"enemies":"Cultist","floor":2.0,"turns":4.0},{"damage":5.0,"enemies":"Small Slimes","floor":3.0,"turns":3.0},{"damage":5.0,"enemies":"downfall:FleeingMerchant","floor":4.0,"turns":4.0},{"damage":0.0,"enemies":"2 Louse","floor":5.0,"turns":4.0},{"damage":16.0,"enemies":"Gremlin Nob","floor":9.0,"turns":3.0},{"damage":4,"enemies":"Red Slaver","floor":10,"turns":2},{"damage":4,"enemies":"3 Sentries","floor":12,"turns":5},{"damage":6,"enemies":"Exordium Thugs","floor":13,"turns":4},{"damage":2,"enemies":"2 Fungi Beasts","floor":15,"turns":3},{"damage":22,"enemies":"SI_SHIV_ARCHETYPE","floor":16,"turns":8},{"damage":0,"enemies":"Chosen","floor":19,"turns":2},{"damage":0,"enemies":"Sentry and Sphere","floor":20,"turns":2},{"damage":0,"enemies":"downfall:FleeingMerchant","floor":21,"turns":4},{"damage":22,"enemies":"Snake Plant","floor":22,"turns":4},{"damage":0,"enemies":"Gremlin Leader","floor":23,"turns":4},{"damage":0,"enemies":"Chosen and Byrds","floor":25,"turns":3},{"damage":2,"enemies":"Book of Stabbing","floor":26,"turns":4},{"damage":5,"enemies":"downfall:FleeingMerchant","floor":28,"turns":3},{"damage":0,"enemies":"Centurion and Healer","floor":30,"turns":3},{"damage":0,"enemies":"Slavers","floor":31,"turns":3},{"damage":0,"enemies":"Cultist and Chosen","floor":32,"turns":4},{"damage":4,"enemies":"IC_MUSHROOM_ARCHETYPE","floor":33,"turns":4},{"damage":0,"enemies":"3 Shapes","floor":36,"turns":2},{"damage":0,"enemies":"3 Shapes","floor":37,"turns":5},{"damage":0,"enemies":"Orb Walker","floor":39,"turns":2},{"damage":20,"enemies":"Reptomancer","floor":40,"turns":4},{"damage":9,"enemies":"Nemesis","floor":42,"turns":3},{"damage":0,"enemies":"Transient","floor":43,"turns":5},{"damage":12,"enemies":"Giant Head","floor":44,"turns":6},{"damage":0,"enemies":"Spire Growth","floor":45,"turns":3},{"damage":30,"enemies":"Reptomancer","floor":47,"turns":4},{"damage":0,"enemies":"3 Darklings","floor":49,"turns":3},{"damage":0,"enemies":"DF_ARCHETYPE_ORBS","floor":50,"turns":7},{"damage":40,"enemies":"downfall:CharBossMerchant","floor":52,"turns":6},{"damage":32,"enemies":"downfall:NeowBoss","floor":55,"turns":3}],"seed_played":"-6097051415116717434","potions_obtained":[{"floor":3.0,"key":"Weak Potion"},{"floor":5.0,"key":"Regen Potion"},{"floor":10,"key":"Ancient Potion"},{"floor":20,"key":"Swift Potion"},{"floor":25,"key":"AttackPotion"},{"floor":27,"key":"DistilledChaos"},{"floor":27,"key":"LiquidBronze"},{"floor":30,"key":"bronze:FreeFunctionsPotion"},{"floor":31,"key":"champ:CounterPotion"},{"floor":32,"key":"EntropicBrew"},{"floor":36,"key":"DistilledChaos"},{"floor":40,"key":"FearPotion"},{"floor":44,"key":"Swift Potion"}],"is_trial":false,"path_per_floor":["R","M","M","$","M","R","T","R","E","M","?","E","M","?","M","B",null,"R","M","M","$","M","E","T","M","E","?","$","T","M","E","M","B",null,"R","M","?","T","M","E","T","E","M","E","M","$","E","?","M","B",null,"E","$","R","B"],"character_chosen":"THE_AUTOMATON","items_purchased":["Blood Vial","expansioncontent:DashGenerateEvil","Kunai"],"campfire_rested":1,"item_purchase_floors":[28,46,53],"current_hp_per_floor":[70,69,64,59,59,59,59,59,43,39,39,35,29,29,27,20,58,70,70,70,70,48,48,48,48,46,46,41,41,43,45,47,45,64,74,76,78,78,80,60,60,53,55,45,47,47,19,19,21,23,66,28,28,28,0,0,0],"gold":33,"neow_bonus":"REMOVE_TWO","is_daily":false,"chose_seed":false,"campfire_upgraded":2,"win_rate":0.0,"timestamp":1611464814,"path_taken":["R","M","M","?","M","R","T","R","E","M","?","E","M","?","M","BOSS","R","M","M","?","?","E","T","M","E","?","$","?","M","E","M","BOSS","R","M","?","?","M","E","T","E","M","E","M","$","E","?","M","BOSS","E","$","R","BOSS"],"items_purchased_type":["Relic","Card","Relic"],"build_version":"2020-12-22","purchased_purges":4,"victory":false,"max_hp_per_floor":[70,70,70,70,70,70,70,70,70,70,70,70,70,70,70,70,70,70,70,70,70,70,70,70,70,70,70,70,70,70,70,70,70,70,80,80,80,80,80,80,80,80,80,80,80,80,80,80,80,80,80,80,80,80,80,80,80],"card_choices":[{"not_picked":["bronze:BronzeArmor","bronze:WildBeam"],"picked":"bronze:CutThrough","floor":2.0},{"not_picked":["bronze:OilSpill","bronze:BugBarrage"],"picked":"bronze:Separator","floor":3.0},{"not_picked":["bronze:Frontload","bronze:Fortify"],"picked":"bronze:Constructor","floor":4.0},{"not_picked":["bronze:Turbo","bronze:Shell"],"picked":"bronze:FineTuning","floor":5.0},{"not_picked":["bronze:BuggyMess","bronze:Boost","bronze:Overheat"],"picked":"SKIP","floor":9},{"not_picked":["bronze:BuggyMess","bronze:Constructor"],"picked":"bronze:Branch","floor":10},{"not_picked":["bronze:OilSpill","bronze:Frontload"],"picked":"bronze:ChildClass","floor":12},{"not_picked":["bronze:Repulsor","bronze:Allocate"],"picked":"bronze:Boost","floor":13},{"not_picked":["bronze:Invalidate","bronze:Turbo","bronze:WildBeam"],"picked":"SKIP","floor":15},{"not_picked":["bronze:HyperBeam","bronze:TinkerersToolbox"],"picked":"bronze:Virus","floor":16},{"not_picked":["bronze:Allocate","bronze:ClassDefault","bronze:Shield"],"picked":"SKIP","floor":19},{"not_picked":["bronze:FollowUp","bronze:DelayedSlice","bronze:Turbo"],"picked":"SKIP","floor":20},{"not_picked":["bronze:BitShift","bronze:RecursiveStrike"],"picked":"bronze:Fortify+1","floor":21},{"not_picked":["bronze:CutThrough","bronze:ChosenStrike+1","bronze:ClassDefault+1"],"picked":"SKIP","floor":22},{"not_picked":["bronze:Turbo","bronze:DelayedGuard","bronze:Invalidate+1"],"picked":"SKIP","floor":23},{"not_picked":["bronze:Separator","bronze:WildBeam+1","bronze:BitShift"],"picked":"SKIP","floor":25},{"not_picked":["bronze:Refactor+1","bronze:Separator","bronze:DelayedSlice"],"picked":"SKIP","floor":26},{"not_picked":["bronze:Refactor+1","bronze:Separator","bronze:DelayedSlice"],"picked":"SKIP","floor":26},{"not_picked":["bronze:HyperBeam","bronze:WhirlingStrike","bronze:DelayedSlice"],"picked":"SKIP","floor":28},{"not_picked":["bronze:ChosenStrike","bronze:FineTuning+1","bronze:Constructor"],"picked":"SKIP","floor":30},{"not_picked":["bronze:Branch","bronze:DigitalCarnage","bronze:Backtrace+1"],"picked":"SKIP","floor":31},{"not_picked":["bronze:Frontload","bronze:Overheat","bronze:Separator+1","bronze:DelayedSlice"],"picked":"SKIP","floor":32},{"not_picked":["bronze:TinkerersToolbox","bronze:Verify","bronze:BurnOut"],"picked":"bronze:Format","floor":33},{"not_picked":["bronze:Shield","bronze:DigitalCarnage","bronze:WildBeam+1","bronze:BuggyMess+1"],"picked":"SKIP","floor":36},{"not_picked":["bronze:BuggyMess+1","bronze:Refactor","bronze:OilSpill","bronze:BugBarrage"],"picked":"SKIP","floor":39},{"not_picked":["bronze:CutThrough","bronze:BitShift+1","bronze:ForceShield","bronze:Break"],"picked":"SKIP","floor":40},{"not_picked":["bronze:GetLatest+1","bronze:Separator","bronze:Safeguard+1","bronze:Iterate"],"picked":"SKIP","floor":42},{"not_picked":["bronze:Overheat","bronze:DelayedSlice","bronze:Turbo"],"picked":"bronze:AlphaBuild","floor":43},{"not_picked":["bronze:Invalidate+1","bronze:Allocate+1","bronze:Deprecate","bronze:DigitalCarnage+1"],"picked":"SKIP","floor":44},{"not_picked":["bronze:DelayedGuard+1","bronze:DigitalCarnage+1","bronze:Optimize","bronze:BronzeOrb+1"],"picked":"SKIP","floor":45},{"not_picked":["bronze:WildBeam+1","bronze:FollowUp","bronze:Format","bronze:BugBarrage+1"],"picked":"SKIP","floor":47},{"not_picked":["bronze:Safeguard+1","bronze:WhirlingStrike+1","bronze:BugBarrage"],"picked":"bronze:ForceShield+1","floor":49},{"not_picked":["bronze:Backtrace","bronze:DelayedSlice+1","bronze:Philosophize","bronze:Assembly"],"picked":"SKIP","floor":52}],"player_experience":1388454,"relics_obtained":[{"floor":7.0,"key":"Guardian:PocketSentry"},{"floor":9,"key":"Gambling Chip"},{"floor":12,"key":"Blue Candle"},{"floor":23,"key":"Vajra"},{"floor":24,"key":"Shuriken"},{"floor":26,"key":"Letter Opener"},{"floor":31,"key":"Question Card"},{"floor":37,"key":"Ginger"},{"floor":38,"key":"bronze:ProtectiveGoggles"},{"floor":40,"key":"HornCleat"},{"floor":41,"key":"hexamod:CandleOfCauterizing"},{"floor":42,"key":"Smiling Mask"},{"floor":44,"key":"Akabeko"},{"floor":47,"key":"Art of War"},{"floor":52,"key":"bronze:CableSpool"}],"event_choices":[{"damage_healed":0,"gold_gain":0,"player_choice":"Grow","damage_taken":0,"max_hp_gain":0,"max_hp_loss":0,"event_name":"Living Wall","floor":11,"gold_loss":0,"cards_upgraded":["bronze:Constructor"]},{"damage_healed":0,"gold_gain":0,"player_choice":"Got Potions","damage_taken":0,"max_hp_gain":0,"max_hp_loss":0,"event_name":"Lab","floor":27,"gold_loss":0},{"cards_removed":["bronze:Defend"],"damage_healed":0,"gold_gain":0,"player_choice":"Removed Skill","damage_taken":0,"max_hp_gain":0,"max_hp_loss":0,"event_name":"Falling","floor":48,"gold_loss":0}],"is_beta":false,"boss_relics":[{"not_picked":["Busted Crown","Runic Pyramid"],"picked":"Fusion Hammer"},{"not_picked":["bronze:ElectromagneticCoil","Snecko Eye"],"picked":"Coffee Dripper"}],"items_purged_floors":[21,28,46,53],"is_endless":false,"potions_floor_spawned":[3,5,10,13,15,20,25,30,31,32,36,39,40,44],"killed_by":"downfall:NeowBoss","ascension_level":5}}