{"host":"1ekl8hlbnopmdapi","time":1611457153,"event":{"mods":["AchievementEnabler","BaseMod","Colored Map","Colored Powertips","DeckTracker","Googly Eyes","Highlight Path","Minty Spire (QoL Compilation)","Relic Sorter","StSLib","Synergy Search"],"gold_per_floor":[114,114,79,93,93,120,120,153,153,167,194,161,188,216,216,316,366,378,393,393,406,423,423,423,434,434,462,489,601,613,299,299,402,402,420,435,114,0,0,0,0],"floor_reached":40,"language":"ENG","playtime":1340,"items_purged":["Defend_P"],"score":557,"play_id":"68facc58-3704-42af-8304-24b4c43dbd63","local_time":"20210123215913","is_ascension_mode":true,"campfire_choices":[{"floor":7,"key":"RECALL"},{"floor":15,"key":"REST"},{"floor":23,"key":"REST"},{"floor":30,"key":"REST"},{"floor":32,"key":"REST"}],"circlet_count":0,"master_deck":["Strike_P","Strike_P","Strike_P+1","Strike_P","Defend_P","Defend_P+1","Defend_P+1","Eruption","Vigilance","SandsOfTime","FollowUp","FollowUp","Conclude","Alpha","Swivel","BowlingBash","TalkToTheHand","Judgement","MentalFortress","Evaluate","Wallop+1","FollowUp","ThirdEye","BowlingBash+1","FlyingSleeves+1","DevaForm","FlyingSleeves+1","Flash of Steel"],"relics":["PureWater","Gambling Chip","Blood Vial","CloakClasp","Omamori","Letter Opener","Happy Flower","Odd Mushroom","Tiny House","FaceOfCleric","MawBank","Eternal Feather","Calling Bell","Juzu Bracelet","Shuriken","Dead Branch","War Paint","Red Mask"],"acts_visited":["Exordium","TheCity","TheBeyond"],"potions_floor_usage":[6,14,22,22,22,28,33,40],"damage_taken":[{"damage":30,"enemies":"Jaw Worm","floor":1,"turns":4},{"damage":0,"enemies":"Small Slimes","floor":4,"turns":2},{"damage":0,"enemies":"Gremlin Nob","floor":6,"turns":3},{"damage":9,"enemies":"Lagavulin","floor":8,"turns":5},{"damage":0,"enemies":"2 Louse","floor":10,"turns":1},{"damage":13,"enemies":"3 Sentries","floor":11,"turns":8},{"damage":0,"enemies":"Gremlin Nob","floor":13,"turns":3},{"damage":1,"enemies":"The Mushroom Lair","floor":14,"turns":2},{"damage":29,"enemies":"The Guardian","floor":16,"turns":7},{"damage":22,"enemies":"Shell Parasite","floor":18,"turns":6},{"damage":18,"enemies":"2 Thieves","floor":19,"turns":3},{"damage":23,"enemies":"Centurion and Healer","floor":21,"turns":5},{"damage":10,"enemies":"3 Cultists","floor":22,"turns":3},{"damage":18,"enemies":"Chosen and Byrds","floor":25,"turns":6},{"damage":35,"enemies":"Centurion and Healer","floor":27,"turns":5},{"damage":5,"enemies":"Cultist and Chosen","floor":28,"turns":4},{"damage":38,"enemies":"Champ","floor":33,"turns":12},{"damage":52,"enemies":"3 Darklings","floor":35,"turns":5},{"damage":12,"enemies":"3 Shapes","floor":36,"turns":5},{"damage":29,"enemies":"Nemesis","floor":40,"turns":4}],"seed_played":"4893654855302235458","potions_obtained":[{"floor":1,"key":"Block Potion"},{"floor":6,"key":"Ambrosia"},{"floor":8,"key":"DistilledChaos"},{"floor":10,"key":"PowerPotion"},{"floor":14,"key":"SpeedPotion"},{"floor":17,"key":"PowerPotion"},{"floor":18,"key":"Swift Potion"},{"floor":22,"key":"Ancient Potion"},{"floor":25,"key":"SkillPotion"},{"floor":28,"key":"Weak Potion"},{"floor":36,"key":"BottledMiracle"}],"is_trial":false,"path_per_floor":["M","?","?","M","T","E","R","E","T","M","E","?","E","?","R","B",null,"M","M","?","M","M","R","?","M","T","M","M","?","R","$","R","B",null,"M","M","$","?","$","E"],"character_chosen":"WATCHER","items_purchased":["Eternal Feather","DevaForm","Flash of Steel","War Paint"],"campfire_rested":4,"item_purchase_floors":[31,31,37,37],"current_hp_per_floor":[42,35,53,53,53,55,55,48,48,50,39,39,41,42,63,36,77,55,39,39,19,12,35,61,46,46,14,12,12,36,36,75,40,83,32,23,23,23,23,0,0],"gold":0,"neow_bonus":"ONE_RARE_RELIC","is_daily":false,"chose_seed":false,"campfire_upgraded":0,"win_rate":0.0,"timestamp":1611457153,"path_taken":["M","?","?","M","?","E","R","E","T","M","E","?","E","?","R","BOSS","M","M","?","M","?","R","?","M","T","M","M","?","R","$","R","BOSS","M","M","$","?","$","E"],"items_purchased_type":["Relic","Card","Card","Relic"],"build_version":"2020-12-22","purchased_purges":1,"victory":false,"max_hp_per_floor":[72,72,72,72,72,72,72,72,72,72,72,72,72,72,72,72,77,77,77,77,78,79,79,79,80,80,81,82,82,82,82,82,83,83,84,85,85,85,85,85,85],"card_choices":[{"not_picked":["EmptyBody","Crescendo"],"picked":"SandsOfTime","floor":1},{"not_picked":["Evaluate","Study"],"picked":"FollowUp","floor":4},{"not_picked":["FlurryOfBlows","BattleHymn"],"picked":"FollowUp","floor":6},{"not_picked":["EmptyFist","InnerPeace"],"picked":"Conclude","floor":8},{"not_picked":["FlyingSleeves","SandsOfTime"],"picked":"Alpha","floor":10},{"not_picked":["Prostrate","BowlingBash"],"picked":"Swivel","floor":11},{"not_picked":["Tantrum","FlyingSleeves"],"picked":"BowlingBash","floor":13},{"not_picked":["ReachHeaven","ClearTheMind"],"picked":"TalkToTheHand","floor":14},{"not_picked":["Omniscience","Brilliance"],"picked":"Judgement","floor":16},{"not_picked":["ClearTheMind","EmptyBody"],"picked":"MentalFortress","floor":17},{"not_picked":["FearNoEvil","Meditate"],"picked":"Evaluate","floor":18},{"not_picked":["CutThroughFate","ConjureBlade"],"picked":"Wallop+1","floor":19},{"not_picked":["CutThroughFate","CrushJoints"],"picked":"FollowUp","floor":21},{"not_picked":["ClearTheMind","CarveReality"],"picked":"ThirdEye","floor":22},{"not_picked":["SashWhip","CrushJoints"],"picked":"BowlingBash+1","floor":25},{"not_picked":["EmptyBody","EmptyFist","Indignation"],"picked":"SKIP","floor":27},{"not_picked":["Halt","Worship+1"],"picked":"FlyingSleeves+1","floor":28},{"not_picked":["ReachHeaven","FlurryOfBlows","WaveOfTheHand+1"],"picked":"SKIP","floor":35},{"not_picked":["EmptyFist","Protect"],"picked":"FlyingSleeves+1","floor":36}],"player_experience":490886,"relics_obtained":[{"floor":5,"key":"Blood Vial"},{"floor":6,"key":"CloakClasp"},{"floor":8,"key":"Omamori"},{"floor":11,"key":"Letter Opener"},{"floor":13,"key":"Happy Flower"},{"floor":14,"key":"Odd Mushroom"},{"floor":26,"key":"MawBank"},{"floor":34,"key":"Juzu Bracelet"},{"floor":34,"key":"Shuriken"},{"floor":34,"key":"Dead Branch"}],"event_choices":[{"cards_removed":["Pain"],"damage_healed":0,"gold_gain":0,"player_choice":"Card Removal","damage_taken":7,"max_hp_gain":0,"max_hp_loss":0,"event_name":"Golden Wing","floor":2,"gold_loss":0},{"damage_healed":18,"gold_gain":0,"player_choice":"Healed","damage_taken":0,"max_hp_gain":0,"max_hp_loss":0,"event_name":"The Cleric","floor":3,"gold_loss":35},{"damage_healed":0,"gold_gain":0,"player_choice":"Left Gold","damage_taken":0,"max_hp_gain":0,"max_hp_loss":0,"event_name":"World of Goop","floor":12,"gold_loss":33},{"damage_healed":0,"gold_gain":0,"player_choice":"Fought Mushrooms","damage_taken":0,"max_hp_gain":0,"max_hp_loss":0,"event_name":"Mushrooms","floor":14,"gold_loss":0},{"damage_healed":0,"gold_gain":0,"player_choice":"Trade","damage_taken":0,"relics_obtained":["FaceOfCleric"],"max_hp_gain":0,"max_hp_loss":0,"event_name":"FaceTrader","floor":20,"gold_loss":0},{"damage_healed":26,"gold_gain":0,"player_choice":"Heal","damage_taken":0,"max_hp_gain":0,"max_hp_loss":0,"event_name":"The Library","floor":24,"gold_loss":0},{"damage_healed":0,"gold_gain":100,"player_choice":"Pray","damage_taken":0,"max_hp_gain":0,"max_hp_loss":0,"event_name":"Golden Shrine","floor":29,"gold_loss":0},{"damage_healed":0,"gold_gain":0,"player_choice":"Paid","damage_taken":0,"relics_obtained":["Red Mask"],"max_hp_gain":0,"max_hp_loss":0,"event_name":"Tomb of Lord Red Mask","floor":38,"gold_loss":114}],"is_beta":false,"boss_relics":[{"not_picked":["SacredBark","Busted Crown"],"picked":"Tiny House"},{"not_picked":["Cursed Key","Fusion Hammer"],"picked":"Calling Bell"}],"items_purged_floors":[37],"is_endless":false,"potions_floor_spawned":[1,6,8,10,14,18,22,25,28,36],"killed_by":"Nemesis","ascension_level":4}}