{"host":"6a9c3xws62y7efyw","time":1611474650,"event":{"mods":["BaseMod","Colored Map","Minty Spire (QoL Compilation)","Relic Stats","StSLib"],"gold_per_floor":[114,38,3,17,17,61,76,115,197,210,210,210],"floor_reached":11,"language":"ENG","playtime":515,"items_purged":[],"score":216,"play_id":"4e075a42-fdad-4ece-91f5-7c730030eb0f","local_time":"20210123235050","is_ascension_mode":true,"campfire_choices":[],"circlet_count":0,"master_deck":["AscendersBane","Strike_R","Strike_R","Strike_R","Strike_R","Strike_R","Defend_R","Defend_R","Defend_R","Defend_R","Bash","Cleave","Whirlwind","Battle Trance","Clothesline","Double Tap"],"relics":["Burning Blood","NeowsBlessing","Golden Idol","Champion Belt","Blood Vial","Shuriken"],"acts_visited":["Exordium"],"potions_floor_usage":[8],"damage_taken":[{"damage":0,"enemies":"Cultist","floor":1,"turns":1},{"damage":0,"enemies":"2 Louse","floor":4,"turns":1},{"damage":0,"enemies":"3 Sentries","floor":6,"turns":1},{"damage":8,"enemies":"Jaw Worm","floor":7,"turns":5},{"damage":30,"enemies":"Gremlin Nob","floor":8,"turns":4},{"damage":20,"enemies":"Exordium Thugs","floor":10,"turns":4},{"damage":32,"enemies":"3 Sentries","floor":11,"turns":4}],"seed_played":"5831425739122129585","potions_obtained":[{"floor":4,"key":"SpeedPotion"},{"floor":7,"key":"DuplicationPotion"},{"floor":8,"key":"LiquidBronze"}],"is_trial":false,"path_per_floor":["M","$","?","M","?","E","M","E","T","M","E"],"character_chosen":"IRONCLAD","items_purchased":["Whirlwind"],"campfire_rested":0,"item_purchase_floors":[2],"current_hp_per_floor":[74,74,75,75,68,68,66,42,42,30,0,0],"gold":210,"neow_bonus":"THREE_ENEMY_KILL","is_daily":false,"chose_seed":false,"campfire_upgraded":0,"win_rate":0.0,"timestamp":1611474650,"path_taken":["M","$","?","M","?","E","M","E","T","M","E"],"items_purchased_type":["Card"],"build_version":"2020-12-22","purchased_purges":0,"victory":false,"max_hp_per_floor":[75,75,75,75,68,68,68,68,68,68,68,68],"relic_stats":{"Blood Vial":4,"counters":[7,20],"Golden Idol":23,"Shuriken":[1],"Champion Belt":[3],"obtain_stats":[{"Blood Vial":8,"NeowsBlessing":0,"Golden Idol":5,"Shuriken":9,"Champion Belt":6,"Burning Blood":0},{"Blood Vial":5,"NeowsBlessing":0,"Golden Idol":2,"Shuriken":5,"Champion Belt":3,"Burning Blood":0},{"Blood Vial":12,"NeowsBlessing":0,"Golden Idol":2,"Shuriken":12,"Champion Belt":3,"Burning Blood":0}],"Burning Blood":24},"card_choices":[{"not_picked":["Armaments","Twin Strike"],"picked":"Cleave","floor":1},{"not_picked":["Heavy Blade","Thunderclap","Cleave"],"picked":"SKIP","floor":4},{"not_picked":["Flex","Armaments"],"picked":"Battle Trance","floor":6},{"not_picked":["Juggernaut","Heavy Blade","Thunderclap"],"picked":"SKIP","floor":7},{"not_picked":["Sever Soul","Sword Boomerang"],"picked":"Clothesline","floor":8},{"not_picked":["Whirlwind","Rage"],"picked":"Double Tap","floor":10}],"player_experience":1410093,"relics_obtained":[{"floor":6,"key":"Champion Belt"},{"floor":8,"key":"Blood Vial"},{"floor":9,"key":"Shuriken"}],"event_choices":[{"damage_healed":18,"gold_gain":0,"player_choice":"Healed","damage_taken":0,"max_hp_gain":0,"max_hp_loss":0,"event_name":"The Cleric","floor":3,"gold_loss":35},{"damage_healed":0,"gold_gain":0,"player_choice":"Lose Max HP","damage_taken":0,"relics_obtained":["Golden Idol"],"max_hp_gain":0,"max_hp_loss":7,"event_name":"Golden Idol","floor":5,"gold_loss":0}],"is_beta":false,"boss_relics":[],"items_purged_floors":[],"is_endless":false,"potions_floor_spawned":[4,7,8],"killed_by":"3 Sentries","ascension_level":20}}