{"host":"7wibw175hth9njsf","time":1611454670,"event":{"mods":["100% Spire Juice","2.2 Compatiblity","Act Like it!","BaseMod","Chen","Friendly Minions","Gensokyo","GifTheSpireLib","Highlight Path","HololiveMod","Koishi","Marisa（霧雨　魔理沙）","Minty Spire (QoL Compilation)","Onozuka Komachi Mod","Random Character Button","Reimu（博??梦）","Remilia（蕾米莉?）","StSLib","The Administrix","The Alterego","The Animator","The Blue Laboratory","The Fake Hero","TheSwordswoman","Waifu the Spire","Yakumo Yukari mod"],"gold_per_floor":[80,80,95,116,135,170,170,206,206,233,233,255,255,274,274,383,383,406,419,379,379,153,153,201,212,212,230,248,248,291,139,139,248,248,311,311,311,326,343,379,403,441,441,441,463,495,247,247,247,255],"floor_reached":51,"language":"ENG","playtime":6848,"items_purged":["Decay"],"score":1036,"play_id":"83289d46-400a-411a-a58f-1af2f4eec073","local_time":"20210123211750","is_ascension_mode":false,"campfire_choices":[{"data":"Hololive_RevenueBasedLive","floor":7,"key":"SMITH"},{"data":"Hololive_DevilCharm","floor":11,"key":"SMITH"},{"data":"Hololive_CallHoushouMarine","floor":15,"key":"SMITH"},{"data":"ZunPunch:ReiMu","floor":23,"key":"SMITH"},{"data":"Hololive_CallShiroganeNoel","floor":29,"key":"SMITH"},{"data":"Hololive_CallShishiroBotan","floor":32,"key":"SMITH"},{"data":"Hololive_CallDoris","floor":44,"key":"SMITH"},{"data":"Hololive_CallInugamiKorone","floor":49,"key":"SMITH"}],"circlet_count":0,"master_deck":["Hololive_Strike","Hololive_Strike","Hololive_Defend+1","Hololive_Defend+1","Hololive_CandyCastle","Hololive_CallYozoraMel","Hololive_CallHoushouMarine+1","Hololive_CallAkaiHaato","Hololive_CallAkaiHaato","Hololive_LuckPotion","Hololive_CallShiroganeNoel+1","Hololive_RevenueBasedLive+1","Hololive_Trident","Hololive_LuckPotion","Hololive_DevilCharm+1","Hololive_CallInugamiKorone+1","CurseOfTheBell","Hololive_CallDoris+1","Hololive_CallShishiroBotan+1","ZunPunch:ReiMu+1","Hololive_FlyingPonyTail+1","Hololive_MaximGun+1","Hololive_CallAmaneKanata+1","Hololive_Recruit+1"],"relics":["Hololive_TheStar","War Paint","Dream Catcher","Darkstone Periapt","Calling Bell","Strawberry","CrazyTorch:ReiMu","WingedGreaves","Sling","Incense Burner","Molten Egg 2","Orichalcum","Ancient Tea Set","Coffee Dripper","Happy Flower","Dead Branch","PureWhite:ReiMu","Bottled Tornado"],"acts_visited":["Exordium","TheCity","TheBeyond"],"potions_floor_usage":[18,18,42],"damage_taken":[{"damage":0,"enemies":"Jaw Worm","floor":1,"turns":2},{"damage":0,"enemies":"Cultist","floor":3,"turns":3},{"damage":1,"enemies":"2 Louse","floor":4,"turns":3},{"damage":0,"enemies":"Red Slaver","floor":5,"turns":2},{"damage":0,"enemies":"3 Sentries","floor":6,"turns":4},{"damage":0,"enemies":"Lagavulin","floor":8,"turns":4},{"damage":0,"enemies":"Large Slime","floor":10,"turns":4},{"damage":0,"enemies":"Exordium Thugs","floor":12,"turns":3},{"damage":0,"enemies":"Looter","floor":14,"turns":2},{"damage":0,"enemies":"Slime Boss","floor":16,"turns":5},{"damage":0,"enemies":"Shell Parasite","floor":18,"turns":4},{"damage":0,"enemies":"Spheric Guardian","floor":19,"turns":3},{"damage":0,"enemies":"Gremlin Leader","floor":24,"turns":3},{"damage":0,"enemies":"Snecko","floor":25,"turns":4},{"damage":0,"enemies":"Centurion and Healer","floor":27,"turns":4},{"damage":0,"enemies":"Chosen and Byrds","floor":28,"turns":4},{"damage":0,"enemies":"Slavers","floor":30,"turns":4},{"damage":20,"enemies":"Champ","floor":33,"turns":8},{"damage":0,"enemies":"3 Darklings","floor":35,"turns":5},{"damage":0,"enemies":"3 Shapes","floor":38,"turns":3},{"damage":0,"enemies":"Maw","floor":39,"turns":2},{"damage":0,"enemies":"Reptomancer","floor":40,"turns":4},{"damage":0,"enemies":"Spire Growth","floor":41,"turns":5},{"damage":0,"enemies":"Nemesis","floor":42,"turns":5},{"damage":0,"enemies":"Writhing Mass","floor":45,"turns":3},{"damage":6,"enemies":"3 Darklings","floor":46,"turns":6},{"damage":0,"enemies":"Awakened One","floor":50,"turns":8}],"seed_played":"1252074997986103099","potions_obtained":[{"floor":3,"key":"blueLaboratory:StoneskinPotion"},{"floor":4,"key":"blueLaboratory:Moonshine"},{"floor":6,"key":"blueLaboratory:CorrosionFlask"},{"floor":8,"key":"blueLaboratory:RememoryPotion"},{"floor":14,"key":"blueLaboratory:FruitPunch"},{"floor":18,"key":"Ancient Potion"},{"floor":24,"key":"PowerPotion"},{"floor":25,"key":"FairyPotion"},{"floor":42,"key":"FairyPotion"}],"is_trial":false,"path_per_floor":["M","?","M","M","M","E","R","E","T","M","R","M","?","M","R","B",null,"M","M","?","?","$","R","E","M","T","M","M","R","E","$","R","B",null,"M","?","?","M","M","E","M","E","T","R","M","M","$","?","R","B",null],"character_chosen":"Hololive_HololiveCharacter","items_purchased":["Sling","Ancient Tea Set","Bottled Tornado"],"campfire_rested":0,"item_purchase_floors":[22,31,47],"current_hp_per_floor":[38,38,38,37,37,37,37,37,37,37,37,37,37,37,37,37,51,54,55,55,61,61,61,62,63,63,64,65,65,66,66,66,47,67,68,68,68,69,70,71,72,73,73,73,74,69,69,69,69,69],"gold":255,"neow_bonus":"TEN_PERCENT_HP_BONUS","is_daily":false,"chose_seed":false,"campfire_upgraded":8,"win_rate":0.0,"timestamp":1611454670,"path_taken":["M","?","M","M","M","E","R","E","T","?","R","M","?","M","R","BOSS","M","M","?","?","$","R","E","?","T","M","M","R","E","$","R","BOSS","M","?","?","M","?","E","M","E","T","R","M","M","$","?","R","BOSS"],"items_purchased_type":["Relic","Relic","Relic"],"build_version":"2020-12-22","purchased_purges":1,"victory":true,"max_hp_per_floor":[38,38,38,38,38,38,38,38,38,38,38,38,38,38,38,38,51,54,55,55,61,61,61,62,63,63,64,65,65,66,66,66,67,67,68,68,68,69,70,71,72,73,73,73,74,75,75,75,75,75],"card_choices":[{"not_picked":["Hololive_Psychosis","Hololive_CallShiroganeNoel","Hololive_CocoNews"],"picked":"Hololive_LuckPotion","floor":1},{"not_picked":["Hololive_FlyingPonyTail","Hololive_CallAiraniIofifteen","Hololive_CallUsadaPekora"],"picked":"Hololive_RevenueBasedLive","floor":3},{"not_picked":["Hololive_Drill","Hololive_SoulCatcher","Hololive_Watashimo"],"picked":"Hololive_Trident","floor":4},{"not_picked":["Hololive_RevenueBasedLive","Hololive_CallUsadaPekora","Hololive_DDD"],"picked":"Hololive_LuckPotion","floor":5},{"not_picked":["Hololive_Psychosis","Hololive_Rebound","Hololive_OvertimeWork","Hololive_SoulCatcher"],"picked":"SKIP","floor":6},{"not_picked":["Hololive_Trident","Hololive_CallShiroganeNoel","Hololive_Drill","Hololive_Rebound"],"picked":"SKIP","floor":8},{"not_picked":["Hololive_CocoNews","Hololive_RevenueBasedLive","Hololive_CallTokinoSora"],"picked":"Hololive_DevilCharm","floor":10},{"not_picked":["Hololive_Breathe","Hololive_HuntDinosaur","Hololive_FlyingPonyTail"],"picked":"Hololive_CallInugamiKorone","floor":12},{"not_picked":["Hololive_CallUsadaPekora","Hololive_Trident","Hololive_BeCareful","Hololive_StrengthChampion"],"picked":"SKIP","floor":14},{"not_picked":["Hololive_WolfAndLamb","Hololive_Nanodesu","Hololive_ScarfAndHalo"],"picked":"Hololive_AWSL","floor":16},{"not_picked":["Hololive_Spy","Hololive_LuckPotion+1","Hololive_Psychosis"],"picked":"Hololive_CallDoris","floor":18},{"not_picked":["Hololive_Psychosis","Hololive_CocoNews+1","Hololive_Watashimo+1"],"picked":"Hololive_CallShishiroBotan","floor":19},{"not_picked":["Hololive_Rebound","Hololive_CallShirakamiFubuki","Hololive_CallOmaruPolka"],"picked":"Hololive_FlyingPonyTail+1","floor":24},{"not_picked":["Hololive_SoulCatcher","Hololive_Trident","Hololive_CallArtia+1","Hololive_Sequa"],"picked":"SKIP","floor":25},{"not_picked":["Hololive_Breathe+1","Hololive_Yoholoon+1","Hololive_OvertimeWork+1"],"picked":"Hololive_MaximGun+1","floor":27},{"not_picked":["Hololive_Drill+1","Hololive_Sequa+1","Hololive_SummonFox","Hololive_OvertimeWork+1"],"picked":"SKIP","floor":28},{"not_picked":["Hololive_CallOmaruPolka","Hololive_CallYuzukiChoco","Hololive_Drill+1"],"picked":"Hololive_CallAmaneKanata+1","floor":30},{"not_picked":["Hololive_AWSL","Hololive_MaximGun+1","Hololive_Nanodesu+1"],"picked":"Hololive_Recruit","floor":33},{"not_picked":["Hololive_LuckPotion","Hololive_Trident+1","Hololive_Psychosis+1","Hololive_RevenueBasedLive+1"],"picked":"SKIP","floor":35},{"not_picked":["Hololive_LuckPotion+1","Hololive_CallUsadaPekora","Hololive_CocoNews+1","Hololive_DurableLive"],"picked":"SKIP","floor":38},{"not_picked":["Hololive_CocoNews+1","Hololive_LuckPotion+1","Hololive_CallYozoraMel","Hololive_RevenueBasedLive"],"picked":"SKIP","floor":39},{"not_picked":["Hololive_Rebound","Hololive_Sequa+1","Hololive_Trident+1","Hololive_CallCivia+1"],"picked":"SKIP","floor":40},{"not_picked":["Hololive_Trident+1","Hololive_OvertimeWork+1","Hololive_CocoNews+1","Hololive_Psychosis+1"],"picked":"SKIP","floor":41},{"not_picked":["Hololive_CallInugamiKorone","Hololive_Psychosis+1","Hololive_OvertimeWork+1","Hololive_CocoNews+1"],"picked":"SKIP","floor":42},{"not_picked":["Hololive_CallUsadaPekora+1","Hololive_Psychosis+1","Hololive_ASMR+1","Hololive_OvertimeWork+1"],"picked":"SKIP","floor":45},{"not_picked":["Hololive_FlyingPonyTail","Hololive_Breathe","Hololive_Sequa+1","Hololive_Psychosis+1"],"picked":"SKIP","floor":46}],"player_experience":214826,"relics_obtained":[{"floor":6,"key":"War Paint"},{"floor":8,"key":"Dream Catcher"},{"floor":9,"key":"Darkstone Periapt"},{"floor":17,"key":"Strawberry"},{"floor":17,"key":"CrazyTorch:ReiMu"},{"floor":17,"key":"WingedGreaves"},{"floor":24,"key":"Incense Burner"},{"floor":26,"key":"Molten Egg 2"},{"floor":30,"key":"Orichalcum"},{"floor":40,"key":"Happy Flower"},{"floor":42,"key":"Dead Branch"},{"floor":43,"key":"PureWhite:ReiMu"}],"event_choices":[{"damage_healed":0,"gold_gain":0,"cards_transformed":["Hololive_CallAiraniIofifteen"],"player_choice":"Transformed","damage_taken":0,"max_hp_gain":0,"max_hp_loss":0,"event_name":"Transmorgrifier","floor":2,"gold_loss":0,"cards_obtained":["Hololive_CallShiroganeNoel"]},{"damage_healed":0,"gold_gain":0,"player_choice":"Got Potions","damage_taken":0,"max_hp_gain":0,"max_hp_loss":0,"event_name":"Lab","floor":13,"gold_loss":0},{"damage_healed":0,"gold_gain":0,"player_choice":"Hand rover O-miki","damage_taken":0,"max_hp_gain":0,"max_hp_loss":0,"event_name":"ZunEvent","floor":20,"relics_lost":["ZunR:ReiMu"],"gold_loss":0,"cards_obtained":["ZunPunch:ReiMu"]},{"damage_healed":0,"gold_gain":0,"player_choice":"Cursed","damage_taken":0,"max_hp_gain":0,"max_hp_loss":0,"event_name":"Wheel of Change","floor":21,"gold_loss":0,"cards_obtained":["Decay"]},{"damage_healed":0,"gold_gain":0,"player_choice":"Upgraded","damage_taken":0,"max_hp_gain":0,"max_hp_loss":0,"event_name":"Upgrade Shrine","floor":37,"gold_loss":0,"cards_upgraded":["Hololive_Recruit"]},{"cards_removed":["Hololive_AWSL"],"damage_healed":0,"gold_gain":0,"player_choice":"Removed Skill","damage_taken":0,"max_hp_gain":0,"max_hp_loss":0,"event_name":"Falling","floor":48,"gold_loss":0}],"is_beta":false,"boss_relics":[{"not_picked":["RedLine:ReiMu","Tiny House"],"picked":"Calling Bell"},{"not_picked":["Snecko Eye","Cursed Key"],"picked":"Coffee Dripper"}],"items_purged_floors":[22],"is_endless":false,"potions_floor_spawned":[3,4,6,8,14,18,24,25,28,30,39,42,45,46],"ascension_level":0}}