{"host":"ia9e4s524g7bamk7","time":1611482742,"event":{"mods":["AchievementEnabler","BaseMod","Minty Spire (QoL Compilation)","Slay-I"],"gold_per_floor":[109,121,136,311,322,322,357,375,375,389,389,420,440,465,465,563,563,574,137,62,82,82,112,112,126,126,160,259,283,30,108,108,108,108],"floor_reached":33,"language":"ENG","playtime":3132,"items_purged":["Strike_B","Doubt"],"score":368,"play_id":"7d73868c-a71a-44ce-81f0-77e441b362c2","local_time":"20210124110542","is_ascension_mode":true,"campfire_choices":[{"data":"White Noise","floor":6,"key":"SMITH"},{"data":"Dualcast","floor":11,"key":"SMITH"},{"floor":15,"key":"REST"},{"floor":24,"key":"REST"},{"floor":32,"key":"REST"}],"circlet_count":0,"master_deck":["Strike_B","Strike_B","Defend_B","Defend_B","Defend_B","Defend_B","Zap","Dualcast+1","BootSequence","Conserve Battery","Go for the Eyes","White Noise+1","Auto Shields","Melter","Steam","Ball Lightning","Reboot","Go for the Eyes","Steam","Gash","White Noise+1","Compile Driver","Cold Snap","BootSequence"],"relics":["FrozenCore","Nunchaku","Ornamental Fan","Matryoshka","Lantern","TungstenRod","Medical Kit","Oddly Smooth Stone","Symbiotic Virus","Boot","CeramicFish","Anchor","Orichalcum","Eternal Feather"],"acts_visited":["Exordium","TheCity"],"potions_floor_usage":[7,16,25,33],"damage_taken":[{"damage":3,"enemies":"Jaw Worm","floor":1,"turns":4},{"damage":0,"enemies":"2 Louse","floor":2,"turns":2},{"damage":1,"enemies":"Small Slimes","floor":3,"turns":3},{"damage":2,"enemies":"Exordium Wildlife","floor":5,"turns":3},{"damage":46,"enemies":"3 Sentries","floor":7,"turns":9},{"damage":1,"enemies":"Looter","floor":8,"turns":3},{"damage":20,"enemies":"Gremlin Gang","floor":10,"turns":4},{"damage":23,"enemies":"Gremlin Nob","floor":12,"turns":4},{"damage":9,"enemies":"Exordium Thugs","floor":13,"turns":6},{"damage":15,"enemies":"3 Sentries","floor":14,"turns":9},{"damage":16,"enemies":"The Guardian","floor":16,"turns":11},{"damage":1,"enemies":"3 Byrds","floor":18,"turns":7},{"damage":22,"enemies":"Chosen","floor":21,"turns":8},{"damage":24,"enemies":"Book of Stabbing","floor":23,"turns":7},{"damage":2,"enemies":"Snecko","floor":25,"turns":6},{"damage":33,"enemies":"Gremlin Leader","floor":27,"turns":10},{"damage":4,"enemies":"Sentry and Sphere","floor":29,"turns":4},{"damage":82,"enemies":"Champ","floor":33,"turns":20}],"seed_played":"-7312767017273338652","potions_obtained":[{"floor":1,"key":"FairyPotion"},{"floor":2,"key":"EntropicBrew"},{"floor":10,"key":"FocusPotion"},{"floor":13,"key":"DuplicationPotion"},{"floor":14,"key":"FairyPotion"},{"floor":16,"key":"SneckoOil"},{"floor":27,"key":"FearPotion"}],"is_trial":false,"path_per_floor":["M","M","M","?","M","R","E","M","T","M","R","E","M","E","R","B",null,"M","$","?","M","?","E","R","M","T","E","?","M","$","T","R","B"],"character_chosen":"DEFECT","items_purchased":["Medical Kit","Oddly Smooth Stone","Steam","Anchor"],"campfire_rested":3,"item_purchase_floors":[19,19,19,30],"current_hp_per_floor":[72,72,71,71,69,69,23,22,22,2,2,10,1,16,38,22,75,74,74,74,52,52,28,50,48,48,15,15,11,11,11,45,0,0],"gold":108,"neow_bonus":"RANDOM_COMMON_RELIC","is_daily":false,"chose_seed":false,"campfire_upgraded":2,"win_rate":0.0,"timestamp":1611482742,"path_taken":["M","M","M","?","M","R","E","M","T","M","R","E","M","E","R","BOSS","M","$","?","M","?","E","R","M","T","E","?","M","$","?","R","BOSS"],"items_purchased_type":["Relic","Relic","Card","Relic"],"build_version":"2020-12-22","purchased_purges":2,"victory":false,"max_hp_per_floor":[75,75,75,75,75,75,75,75,75,75,75,75,75,75,75,75,75,75,75,75,75,75,75,75,75,75,75,75,75,75,75,75,75,75],"card_choices":[{"not_picked":["Beam Cell","Coolheaded"],"picked":"BootSequence","floor":1},{"not_picked":["Gash","Steam Power"],"picked":"Conserve Battery","floor":2},{"not_picked":["Leap","Chaos"],"picked":"Go for the Eyes","floor":3},{"not_picked":["Gash","Coolheaded"],"picked":"White Noise","floor":5},{"not_picked":["Stack","Reprogram","Rebound"],"picked":"SKIP","floor":7},{"not_picked":["Beam Cell","Multi-Cast"],"picked":"Auto Shields","floor":8},{"not_picked":["Auto Shields","Heatsinks"],"picked":"Melter","floor":10},{"not_picked":["Turbo","Meteor Strike"],"picked":"Steam","floor":12},{"not_picked":["Compile Driver","Sweeping Beam","Beam Cell"],"picked":"SKIP","floor":13},{"not_picked":["Leap","Sweeping Beam"],"picked":"Ball Lightning","floor":14},{"not_picked":["Machine Learning","Seek"],"picked":"Reboot","floor":16},{"not_picked":["Leap","Tempest"],"picked":"Go for the Eyes","floor":18},{"not_picked":["Sunder","Creative AI"],"picked":"Gash","floor":21},{"not_picked":["Turbo","Creative AI"],"picked":"White Noise+1","floor":23},{"not_picked":["Static Discharge","Streamline"],"picked":"Compile Driver","floor":25},{"not_picked":["Streamline+1","Consume+1"],"picked":"Cold Snap","floor":27},{"not_picked":["Go for the Eyes","Stack"],"picked":"BootSequence","floor":29}],"player_experience":189840,"relics_obtained":[{"floor":7,"key":"Ornamental Fan"},{"floor":9,"key":"Matryoshka"},{"floor":12,"key":"Lantern"},{"floor":14,"key":"TungstenRod"},{"floor":23,"key":"Symbiotic Virus"},{"floor":26,"key":"Boot"},{"floor":27,"key":"CeramicFish"},{"floor":31,"key":"Orichalcum"},{"floor":31,"key":"Eternal Feather"}],"event_choices":[{"damage_healed":0,"gold_gain":175,"player_choice":"AGREE","damage_taken":0,"max_hp_gain":0,"max_hp_loss":0,"event_name":"Liars Game","floor":4,"gold_loss":0,"cards_obtained":["Doubt"]},{"cards_removed":["Strike_B"],"damage_healed":0,"gold_gain":0,"player_choice":"Gave Gold","damage_taken":0,"max_hp_gain":0,"max_hp_loss":0,"event_name":"Beggar","floor":20,"gold_loss":75},{"damage_healed":0,"gold_gain":0,"player_choice":"Ignored","damage_taken":0,"max_hp_gain":0,"max_hp_loss":0,"event_name":"Vampires","floor":22,"gold_loss":0},{"damage_healed":0,"gold_gain":99,"player_choice":"Stole From Cult","damage_taken":0,"max_hp_gain":0,"max_hp_loss":0,"event_name":"Nest","floor":28,"gold_loss":0}],"is_beta":false,"boss_relics":[{"not_picked":["Philosopher\u0027s Stone","Sozu"],"picked":"FrozenCore"}],"items_purged_floors":[19,30],"is_endless":false,"potions_floor_spawned":[1,2,10,13,14,16,23,27,29],"killed_by":"Champ","ascension_level":4}}