{"host":"kpyoctgc7jne3jiy","time":1611498189,"event":{"mods":["AchievementEnabler","BaseMod","Minty Spire (QoL Compilation)","Relic Stats","Slay-I"],"gold_per_floor":[115,115,115,128,145,145,171,182,234,249,259,259,21,56,56,161,161,171,184,204,204,224,224,254,264,288,288,288,68,98,109,109,209,209,221,240,240,254,304,304,42,84,134,154,154,164,164,184,184,184,184,184,64,89,89],"floor_reached":56,"language":"ENG","playtime":4371,"items_purged":["Strike_G","Strike_G"],"score":1543,"play_id":"19a4b531-23f3-443e-b95a-44ad43a55a34","local_time":"20210124152309","is_ascension_mode":true,"campfire_choices":[{"data":"Flying Knee","floor":6.0,"key":"SMITH"},{"floor":12.0,"key":"REST"},{"data":"Neutralize","floor":15.0,"key":"SMITH"},{"floor":23.0,"key":"REST"},{"data":"Crippling Poison","floor":28.0,"key":"SMITH"},{"data":"Ghostly","floor":32.0,"key":"SMITH"},{"floor":40,"key":"RECALL"},{"floor":49,"key":"REST"},{"data":"Ghostly","floor":52,"key":"SMITH"}],"circlet_count":0,"master_deck":["Defend_G","Defend_G","Defend_G+1","Defend_G+1","Defend_G","Survivor","Neutralize+1","Calculated Gamble","Flying Knee+1","Skewer","Crippling Poison+1","Cloak And Dagger","Noxious Fumes+1","Dagger Throw","Malaise","Predator","Acrobatics","Escape Plan","Crippling Poison+1","Blur+1","Ghostly+1","Ghostly+1","Ghostly","Ghostly","Ghostly","Well Laid Plans+1","Well Laid Plans+1","Dodge and Roll+1","Adrenaline","Acrobatics+1","Dodge and Roll+1","Reflex+1","Footwork+1","Catalyst+1","Noxious Fumes+1"],"relics":["Philosopher\u0027s Stone","Frozen Egg 2","Blood Vial","Pantograph","Smiling Mask","Empty Cage","Nilry\u0027s Codex","Kunai","MealTicket","Blue Candle","Sozu","Peace Pipe","Shuriken","CeramicFish","Boot","Orichalcum","Ornamental Fan"],"acts_visited":["Exordium","TheCity","TheBeyond","TheEnding"],"potions_floor_usage":[55,55,55],"damage_taken":[{"damage":3.0,"enemies":"2 Louse","floor":1.0,"turns":3.0},{"damage":3.0,"enemies":"Small Slimes","floor":4.0,"turns":4.0},{"damage":3.0,"enemies":"Cultist","floor":5.0,"turns":4.0},{"damage":26.0,"enemies":"3 Sentries","floor":7.0,"turns":10.0},{"damage":0.0,"enemies":"2 Fungi Beasts","floor":8.0,"turns":3.0},{"damage":2.0,"enemies":"Large Slime","floor":10.0,"turns":4.0},{"damage":0.0,"enemies":"Blue Slaver","floor":11.0,"turns":3.0},{"damage":26.0,"enemies":"Gremlin Nob","floor":14.0,"turns":4.0},{"damage":23.0,"enemies":"Slime Boss","floor":16.0,"turns":8.0},{"damage":4.0,"enemies":"Chosen","floor":18.0,"turns":5.0},{"damage":12.0,"enemies":"Spheric Guardian","floor":19.0,"turns":5.0},{"damage":14.0,"enemies":"Chosen and Byrds","floor":20.0,"turns":8.0},{"damage":7.0,"enemies":"Snecko","floor":22.0,"turns":5.0},{"damage":12.0,"enemies":"Gremlin Leader","floor":24.0,"turns":6.0},{"damage":0.0,"enemies":"Cultist and Chosen","floor":25.0,"turns":4.0},{"damage":2.0,"enemies":"Book of Stabbing","floor":30.0,"turns":6.0},{"damage":2.0,"enemies":"Chosen and Byrds","floor":31.0,"turns":7.0},{"damage":14.0,"enemies":"Collector","floor":33.0,"turns":11.0},{"damage":1.0,"enemies":"Orb Walker","floor":35.0,"turns":6.0},{"damage":9.0,"enemies":"3 Shapes","floor":36.0,"turns":5.0},{"damage":5,"enemies":"Writhing Mass","floor":38,"turns":7},{"damage":0,"enemies":"Mind Bloom Boss Battle","floor":39,"turns":10},{"damage":19,"enemies":"Giant Head","floor":42,"turns":13},{"damage":0,"enemies":"Transient","floor":44,"turns":5},{"damage":0,"enemies":"Sphere and 2 Shapes","floor":46,"turns":7},{"damage":0,"enemies":"4 Shapes","floor":48,"turns":5},{"damage":19,"enemies":"Awakened One","floor":50,"turns":17},{"damage":0,"enemies":"Shield and Spear","floor":54,"turns":6},{"damage":16,"enemies":"The Heart","floor":55,"turns":11}],"seed_played":"-1231651935389032556","potions_obtained":[{"floor":1.0,"key":"AttackPotion"},{"floor":3.0,"key":"AttackPotion"},{"floor":3.0,"key":"ColorlessPotion"},{"floor":7.0,"key":"DistilledChaos"},{"floor":16.0,"key":"Poison Potion"},{"floor":18.0,"key":"CunningPotion"},{"floor":20.0,"key":"SpeedPotion"},{"floor":30.0,"key":"Strength Potion"}],"is_trial":false,"path_per_floor":["M","?","?","M","M","R","E","M","T","M","M","R","$","E","R","B",null,"M","M","M","?","M","R","E","M","T","?","R","$","E","M","R","B",null,"M","M","?","M","?","R","$","E","T","M","T","M","T","M","R","B",null,"R","$","E","B",null],"character_chosen":"THE_SILENT","items_purchased":["Pantograph","Well Laid Plans+1","GhostInAJar","Shuriken","Noxious Fumes+1"],"campfire_rested":3,"item_purchase_floors":[13,29,29,41,53],"current_hp_per_floor":[60,46,46,43,40,40,14,14,14,14,16,37,37,13,13,17,57,55,45,33,17,12,33,23,25,25,25,25,35,33,33,33,21,32,33,26,26,23,35,35,35,16,16,18,18,20,20,22,32,16,30,30,35,35,19],"gold":89,"neow_bonus":"BOSS_RELIC","is_daily":false,"chose_seed":false,"campfire_upgraded":5,"win_rate":0.0,"timestamp":1611498189,"path_taken":["M","?","?","M","M","R","E","M","T","M","M","R","$","E","R","BOSS","M","?","M","?","M","R","E","M","T","?","R","$","E","M","R","BOSS","M","M","?","?","?","R","$","E","T","M","?","?","?","M","R","BOSS","R","$","E","BOSS"],"items_purchased_type":["Relic","Card","Potion","Relic","Card"],"build_version":"2020-12-22","purchased_purges":2,"victory":true,"max_hp_per_floor":[70,70,70,70,70,70,70,70,70,70,70,70,70,70,70,70,70,70,70,70,70,70,70,70,70,70,35,35,35,35,35,35,35,35,35,35,35,35,35,35,35,35,35,35,35,35,35,35,35,35,35,35,35,35,35],"relic_stats":{"counters":[29,192],"Blue Candle":[0],"CeramicFish":27,"Orichalcum":[36],"Smiling Mask":75,"Boot":[6],"Blood Vial":34,"Sozu":4,"Peace Pipe":0,"Shuriken":[3],"Ornamental Fan":[0],"Pantograph":42,"MealTicket":15,"Kunai":[6],"obtain_stats":[{"Nilry\u0027s Codex":21,"Blue Candle":30,"CeramicFish":42,"Frozen Egg 2":7,"Orichalcum":47,"Smiling Mask":14,"Empty Cage":17,"Boot":45,"Blood Vial":9,"Sozu":34,"Peace Pipe":39,"Shuriken":41,"Ornamental Fan":54,"Pantograph":13,"Philosopher\u0027s Stone":0,"MealTicket":26,"Kunai":24,"Ring of the Snake":0},{"Nilry\u0027s Codex":12,"Blue Candle":16,"CeramicFish":23,"Frozen Egg 2":4,"Orichalcum":25,"Smiling Mask":8,"Empty Cage":9,"Boot":24,"Blood Vial":5,"Sozu":18,"Peace Pipe":22,"Shuriken":22,"Ornamental Fan":28,"Pantograph":7,"Philosopher\u0027s Stone":0,"MealTicket":15,"Kunai":14,"Ring of the Snake":0},{"Nilry\u0027s Codex":61,"Blue Candle":82,"CeramicFish":141,"Frozen Egg 2":21,"Orichalcum":153,"Smiling Mask":35,"Empty Cage":43,"Boot":146,"Blood Vial":24,"Sozu":100,"Peace Pipe":128,"Shuriken":128,"Ornamental Fan":181,"Pantograph":31,"Philosopher\u0027s Stone":0,"MealTicket":76,"Kunai":72,"Ring of the Snake":0}]},"card_choices":[{"not_picked":["Tactician","Underhanded Strike"],"picked":"Calculated Gamble","floor":1.0},{"not_picked":["Blade Dance","Slice"],"picked":"Flying Knee","floor":4.0},{"not_picked":["PiercingWail","Deflect"],"picked":"Skewer","floor":5.0},{"not_picked":["Heel Hook","Dagger Spray"],"picked":"Crippling Poison","floor":7.0},{"not_picked":["Heel Hook","Deflect"],"picked":"Cloak And Dagger","floor":8.0},{"not_picked":["Cloak And Dagger","Dodge and Roll"],"picked":"Noxious Fumes+1","floor":10.0},{"not_picked":["Skewer","Concentrate"],"picked":"Dagger Throw","floor":11.0},{"not_picked":["Quick Slash","Outmaneuver","Dagger Spray"],"picked":"SKIP","floor":14.0},{"not_picked":["Unload","Phantasmal Killer"],"picked":"Malaise","floor":16.0},{"not_picked":["Prepared","Masterful Stab"],"picked":"Predator","floor":18.0},{"not_picked":["Bane","Tactician"],"picked":"Acrobatics","floor":19.0},{"not_picked":["Acrobatics","Infinite Blades+1","Choke"],"picked":"SKIP","floor":20.0},{"not_picked":["Underhanded Strike","PiercingWail"],"picked":"Escape Plan","floor":22.0},{"not_picked":["Setup","Malaise"],"picked":"Crippling Poison+1","floor":24.0},{"not_picked":["Flechettes","Acrobatics"],"picked":"Blur+1","floor":25.0},{"not_picked":["Prepared","Unload"],"picked":"Well Laid Plans+1","floor":30.0},{"not_picked":["Sucker Punch","Acrobatics"],"picked":"Dodge and Roll+1","floor":31.0},{"not_picked":["Doppelganger","Die Die Die"],"picked":"Adrenaline","floor":33.0},{"not_picked":["Blade Dance+1","Escape Plan+1"],"picked":"Acrobatics+1","floor":35.0},{"not_picked":["Deadly Poison+1","Masterful Stab"],"picked":"Dodge and Roll+1","floor":36.0},{"not_picked":["Dagger Throw+1","Underhanded Strike","Cloak And Dagger"],"picked":"SKIP","floor":38},{"not_picked":["Dagger Spray+1","Flying Knee+1"],"picked":"Reflex+1","floor":39},{"not_picked":["Deflect","Malaise"],"picked":"Footwork+1","floor":42},{"not_picked":["Heel Hook+1","Eviscerate+1","Underhanded Strike+1"],"picked":"SKIP","floor":44},{"not_picked":["Flechettes","Backstab+1","Slice"],"picked":"SKIP","floor":46},{"not_picked":["Cloak And Dagger+1","Choke+1"],"picked":"Catalyst+1","floor":48},{"not_picked":["Acrobatics+1","Storm of Steel","Riddle With Holes+1"],"picked":"SKIP","floor":54}],"player_experience":318698,"relics_obtained":[{"floor":7.0,"key":"Frozen Egg 2"},{"floor":9.0,"key":"Blood Vial"},{"floor":14.0,"key":"Smiling Mask"},{"floor":21.0,"key":"Nilry\u0027s Codex"},{"floor":24.0,"key":"Kunai"},{"floor":26.0,"key":"MealTicket"},{"floor":30.0,"key":"Blue Candle"},{"floor":39,"key":"Peace Pipe"},{"floor":42,"key":"CeramicFish"},{"floor":45,"key":"Boot"},{"floor":47,"key":"Orichalcum"},{"floor":54,"key":"Ornamental Fan"}],"event_choices":[{"damage_healed":0.0,"max_hp_gain":0.0,"max_hp_loss":0.0,"gold_gain":0.0,"event_name":"Shining Light","player_choice":"Entered Light","floor":2.0,"gold_loss":0.0,"damage_taken":14.0,"cards_upgraded":["Defend_G","Defend_G"]},{"damage_healed":0.0,"max_hp_gain":0.0,"max_hp_loss":0.0,"gold_gain":0.0,"event_name":"Lab","player_choice":"Got Potions","floor":3.0,"gold_loss":0.0,"damage_taken":0.0},{"damage_healed":0.0,"max_hp_gain":0.0,"max_hp_loss":0.0,"gold_gain":0.0,"event_name":"Cursed Tome","player_choice":"Obtained Book","floor":21.0,"gold_loss":0.0,"damage_taken":16.0},{"damage_healed":0.0,"max_hp_gain":0.0,"max_hp_loss":35.0,"gold_gain":0.0,"event_name":"Ghosts","player_choice":"Became a Ghost","floor":27.0,"gold_loss":0.0,"damage_taken":0.0,"cards_obtained":["Ghostly","Ghostly","Ghostly","Ghostly","Ghostly"]},{"cards_removed":["Strike_G"],"damage_healed":0.0,"max_hp_gain":0.0,"max_hp_loss":0.0,"gold_gain":0.0,"event_name":"Wheel of Change","player_choice":"Card Removal","floor":37.0,"gold_loss":0.0,"damage_taken":0.0},{"damage_healed":0,"gold_gain":0,"player_choice":"Fight","damage_taken":0,"max_hp_gain":0,"max_hp_loss":0,"event_name":"MindBloom","floor":39,"gold_loss":0}],"is_beta":false,"boss_relics":[{"not_picked":["Coffee Dripper","Ectoplasm"],"picked":"Empty Cage"},{"not_picked":["Runic Pyramid","Velvet Choker"],"picked":"Sozu"}],"items_purged_floors":[29,53],"is_endless":false,"potions_floor_spawned":[1,7,10,11,16,18,20,30,31,35,42,44,48],"ascension_level":6}}