{"host":"e8hwgc5hwysw32tq","time":1611448627,"event":{"mods":["BaseMod","Downfall","Minty Spire (QoL Compilation)","Shop Mod","StSLib"],"gold_per_floor":[99,110,110,124,138,130,153,195,295,295,311,155,186,212,212,317,317,317,344,344,369,101,114,193,51,51,51,6,33,57,57,85,196,196,96,121,141,433,460,479,503,403,403,403,416,439,439,475,491,491,491,491],"floor_reached":50,"language":"ENG","playtime":4652,"items_purged":["hexamod:Defend","hexamod:Defend"],"score":578,"play_id":"a3b31778-ca8f-48ce-8423-7439783540da","local_time":"20210123163707","is_ascension_mode":false,"campfire_choices":[{"floor":1,"key":"RECALL"},{"data":"hexamod:FastForward","floor":10,"key":"SMITH"},{"data":"hexamod:ForkedFlame","floor":18,"key":"SMITH"},{"floor":26,"key":"REST"},{"data":"hexamod:GhostOfSpirePast","floor":35,"key":"SMITH"},{"data":"hexamod:UnlimitedPower","floor":42,"key":"SMITH"},{"floor":47,"key":"REST"}],"circlet_count":0,"master_deck":["hexamod:Strike+1","hexamod:Strike+1","hexamod:Strike+1","hexamod:Defend","hexamod:Sear+1","hexamod:Float+1","hexamod:HauntingEcho","hexamod:AdvancingGuard+1","hexamod:SecondSeal","hexamod:FirstSeal","hexamod:ThirdSeal","hexamod:FourthSeal","hexamod:FastForward+1","hexamod:ShieldOfDarkness+1","hexamod:BacktrackSmack","hexamod:Hexaguard","hexamod:Rewind+1","hexamod:ForkedFlame+1","hexamod:FlamesFromBeyond","hexamod:NightmareGuise+1","hexamod:WildfireWeapon","hexamod:FifthSeal","hexamod:BacktrackSmack+1","hexamod:FastForward+1","hexamod:GhostShield+1","hexamod:PowerFromBeyond+1","hexamod:AdvancingGuard+1","hexamod:RecurringNightmare","hexamod:TimeWarp","hexamod:SixthSeal","hexamod:Rewind+1","hexamod:GhostOfSpirePast+1","hexamod:InspiringFlames","hexamod:UnlimitedPower+1","hexamod:GiftsFromTheDead","hexamod:ThermalTransfer+1","hexamod:FlamesFromBeyond+1","hexamod:SecondSeal","hexamod:Rewind+1","Parasite","hexamod:GhostOfSpirePast+1"],"relics":["hexamod:UnbrokenSoul","Lantern","Pear","Letter Opener","SlaversCollar","Kunai","Membership Card","Gremlin Horn","hexamod:MatchstickCase","War Paint","downfall:HeartBlessingGreen","Strange Spoon","Oddly Smooth Stone","downfall:HeartBlessingRed"],"acts_visited":["Exordium","TheCity","TheBeyond"],"potions_floor_usage":[12,13,13,21,29,29,29,29,32,39,40,50,50,50],"damage_taken":[{"damage":0,"enemies":"Cultist","floor":2,"turns":3},{"damage":0,"enemies":"Small Slimes","floor":4,"turns":3},{"damage":1,"enemies":"Jaw Worm","floor":5,"turns":3},{"damage":11,"enemies":"Lagavulin","floor":8,"turns":8},{"damage":10,"enemies":"Lots of Slimes","floor":11,"turns":6},{"damage":0,"enemies":"downfall:FleeingMerchant","floor":12,"turns":4},{"damage":0,"enemies":"Gremlin Nob","floor":13,"turns":3},{"damage":8,"enemies":"Red Slaver","floor":14,"turns":2},{"damage":7,"enemies":"Large Slime","floor":15,"turns":6},{"damage":28,"enemies":"IC_STATUS_ARCHETYPE","floor":16,"turns":10},{"damage":16,"enemies":"Shell Parasite","floor":19,"turns":7},{"damage":29,"enemies":"3 Byrds","floor":21,"turns":5},{"damage":0,"enemies":"downfall:FleeingMerchant","floor":22,"turns":4},{"damage":21,"enemies":"Centurion and Healer","floor":23,"turns":6},{"damage":0,"enemies":"downfall:FleeingMerchant","floor":25,"turns":4},{"damage":0,"enemies":"downfall:FleeingMerchant","floor":28,"turns":4},{"damage":6,"enemies":"Slavers","floor":29,"turns":5},{"damage":28,"enemies":"Shelled Parasite and Fungi","floor":30,"turns":6},{"damage":8,"enemies":"Snake Plant","floor":32,"turns":3},{"damage":17,"enemies":"WA_ARCHETYPE_CALM","floor":33,"turns":7},{"damage":1,"enemies":"Orb Walker","floor":36,"turns":3},{"damage":7,"enemies":"3 Darklings","floor":37,"turns":4},{"damage":0,"enemies":"downfall:FleeingMerchant","floor":38,"turns":3},{"damage":24,"enemies":"Jaw Worm Horde","floor":39,"turns":3},{"damage":6,"enemies":"Sphere and 2 Shapes","floor":40,"turns":4},{"damage":22,"enemies":"Spire Growth","floor":45,"turns":5},{"damage":19,"enemies":"Maw","floor":46,"turns":6},{"damage":16,"enemies":"Sphere and 2 Shapes","floor":48,"turns":5},{"damage":9,"enemies":"Writhing Mass","floor":49,"turns":5},{"damage":56,"enemies":"SI_POISON_ARCHETYPE","floor":50,"turns":6}],"seed_played":"5062988558027173300","potions_obtained":[{"floor":2,"key":"EssenceOfSteel"},{"floor":5,"key":"hexamod:DoubleChargePotion"},{"floor":8,"key":"EntropicBrew"},{"floor":8,"key":"AttackPotion"},{"floor":12,"key":"hexamod:EctoCoolerPotion"},{"floor":13,"key":"GamblersBrew"},{"floor":14,"key":"Dexterity Potion"},{"floor":16,"key":"BlessingOfTheForge"},{"floor":22,"key":"Explosive Potion"},{"floor":29,"key":"hexamod:EctoCoolerPotion"},{"floor":30,"key":"Dexterity Potion"},{"floor":32,"key":"SmokeBomb"},{"floor":36,"key":"Explosive Potion"},{"floor":39,"key":"Fire Potion"},{"floor":40,"key":"CultistPotion"},{"floor":49,"key":"Regen Potion"}],"is_trial":false,"path_per_floor":["R","M","?","M","M","?","T","E","?","R","M","$","E","M","M","B",null,"R","M","T","M","$","M","T","$","R","?","$","E","M","?","M","B",null,"R","M","M","$","M","M","T","R","?","?","M","M","R","M","M","B"],"character_chosen":"THE_SPIRIT","items_purchased":["hexamod:Rewind","hexamod:ForkedFlame","Membership Card","hexamod:PowerFromBeyond","hexamod:MatchstickCase","hexamod:GhostOfSpirePast","Strange Spoon"],"campfire_rested":2,"item_purchase_floors":[12,12,22,22,25,28,38],"current_hp_per_floor":[70,70,70,70,69,62,62,68,68,68,65,72,79,78,78,57,80,80,71,71,42,42,28,28,35,59,59,66,67,39,39,31,14,80,80,79,72,72,55,49,49,49,49,49,34,22,46,37,35,0,0,0],"gold":491,"neow_bonus":"REMOVE_CARD","is_daily":false,"chose_seed":false,"campfire_upgraded":4,"win_rate":0.0,"timestamp":1611448627,"path_taken":["R","M","?","M","?","?","T","E","?","R","M","$","E","?","M","BOSS","R","M","?","M","$","M","T","$","R","?","?","E","?","?","M","BOSS","R","M","M","$","M","M","T","R","?","?","M","M","R","?","M","BOSS"],"items_purchased_type":["Card","Card","Relic","Card","Relic","Card","Relic"],"build_version":"2020-12-22","purchased_purges":2,"victory":false,"max_hp_per_floor":[70,70,70,70,70,70,70,80,80,80,80,80,80,80,80,80,80,80,80,80,80,80,80,80,80,80,80,80,80,80,80,80,80,80,80,80,80,80,80,80,80,80,80,80,80,80,80,80,80,80,80,80],"card_choices":[{"not_picked":["hexamod:GhostLash","hexamod:BurningTouch"],"picked":"hexamod:HauntingEcho","floor":2},{"not_picked":["hexamod:NightmareGuise","hexamod:GhostLash"],"picked":"hexamod:FastForward","floor":4},{"not_picked":["hexamod:RadiantFlame","hexamod:FastForward"],"picked":"hexamod:AdvancingGuard","floor":5},{"not_picked":["hexamod:PhantomCloak","hexamod:EtherealExpedition"],"picked":"hexamod:FastForward","floor":8},{"not_picked":["hexamod:NightmareGuise","hexamod:NightmareStrike"],"picked":"hexamod:ShieldOfDarkness","floor":8},{"not_picked":["hexamod:FastForward","hexamod:ParanormalForm"],"picked":"hexamod:BacktrackSmack","floor":11},{"not_picked":["hexamod:ExtraCrispy","hexamod:NightmareStrike","hexamod:RadiantFlame"],"picked":"SKIP","floor":11},{"not_picked":["hexamod:PhantomFireball","hexamod:SpectersWail"],"picked":"hexamod:Hexaguard","floor":12},{"not_picked":["hexamod:PhantomFireball","hexamod:HauntingEcho","hexamod:FastForward"],"picked":"SKIP","floor":12},{"not_picked":["hexamod:GhostShield","hexamod:ThirdSeal"],"picked":"hexamod:FlamesFromBeyond","floor":13},{"not_picked":["hexamod:NightmareGuise","hexamod:PhantomCloak","hexamod:AdvancingGuard"],"picked":"SKIP","floor":14},{"not_picked":["hexamod:FastForward","hexamod:Hexaguard"],"picked":"hexamod:NightmareGuise","floor":15},{"not_picked":["hexamod:FastForward","hexamod:GhostOfSpirePresent","hexamod:StepThrough"],"picked":"SKIP","floor":15},{"not_picked":["hexamod:ForkedFlame","hexamod:ParanormalForm"],"picked":"hexamod:WildfireWeapon","floor":16},{"not_picked":["hexamod:UnleashSpirits","hexamod:GhostflameInferno"],"picked":"hexamod:FifthSeal","floor":16},{"not_picked":["hexamod:SkipABeat","hexamod:BurningTouch"],"picked":"hexamod:BacktrackSmack+1","floor":19},{"not_picked":["hexamod:AdvancingGuard","hexamod:FirstSeal","hexamod:CatchUp"],"picked":"SKIP","floor":19},{"not_picked":["hexamod:FirstSeal","hexamod:SecondSeal","hexamod:FourthSeal"],"picked":"SKIP","floor":21},{"not_picked":["hexamod:Firestarter","hexamod:HauntingEcho","hexamod:RetreatToShadows+1"],"picked":"SKIP","floor":21},{"not_picked":["hexamod:ThermalTransfer","hexamod:SwordOfDarkness"],"picked":"hexamod:FastForward+1","floor":22},{"not_picked":["hexamod:Hexaguard+1","hexamod:FourthSeal"],"picked":"hexamod:GhostShield+1","floor":22},{"not_picked":["hexamod:SecondSeal","hexamod:ThirdSeal","hexamod:FourthSeal"],"picked":"SKIP","floor":22},{"not_picked":["hexamod:GhostflameBarrier","hexamod:InspiringFlames"],"picked":"hexamod:AdvancingGuard+1","floor":23},{"not_picked":["hexamod:FourthSeal","hexamod:FirstSeal","hexamod:ThirdSeal"],"picked":"SKIP","floor":23},{"not_picked":["hexamod:FlamesFromBeyond","hexamod:BurningTouch"],"picked":"hexamod:RecurringNightmare","floor":25},{"not_picked":["hexamod:PhantomFireball","hexamod:EtherealExpedition"],"picked":"hexamod:TimeWarp","floor":25},{"not_picked":["hexamod:SecondSeal","hexamod:ThirdSeal"],"picked":"hexamod:SixthSeal","floor":28},{"not_picked":["hexamod:Firestarter","hexamod:GhostShield"],"picked":"hexamod:Rewind+1","floor":28},{"not_picked":["hexamod:Incineration","hexamod:SearingWound","hexamod:SwordOfDarkness"],"picked":"SKIP","floor":29},{"not_picked":["hexamod:NightmareStrike+1","hexamod:DynamicBlow+1"],"picked":"hexamod:InspiringFlames","floor":30},{"not_picked":["hexamod:Hexaguard","hexamod:ThirdSeal","hexamod:RadiantFlame"],"picked":"SKIP","floor":30},{"not_picked":["hexamod:Firestarter","hexamod:Hexaguard","hexamod:InspiringFlames"],"picked":"SKIP","floor":32},{"not_picked":["hexamod:FifthSeal","hexamod:ForkedFlame"],"picked":"hexamod:UnlimitedPower","floor":33},{"not_picked":["hexamod:FifthSeal","hexamod:TimeOfNeed"],"picked":"hexamod:GiftsFromTheDead","floor":33},{"not_picked":["hexamod:GhostLash","hexamod:Incineration"],"picked":"hexamod:ThermalTransfer+1","floor":36},{"not_picked":["hexamod:BacktrackSmack","hexamod:ThermalTransfer+1","hexamod:HauntingEcho"],"picked":"SKIP","floor":37},{"not_picked":["hexamod:HauntingEcho","hexamod:SwordOfDarkness+1","hexamod:GhostShield"],"picked":"SKIP","floor":37},{"not_picked":["hexamod:HeatMetal","hexamod:SpectersWail","hexamod:GhostShield+1"],"picked":"SKIP","floor":38},{"not_picked":["hexamod:BacktrackSmack+1","hexamod:SwordOfDarkness+1"],"picked":"hexamod:FlamesFromBeyond+1","floor":39},{"not_picked":["hexamod:BurningTouch","hexamod:UnleashSpirits","hexamod:GhostShield+1"],"picked":"SKIP","floor":40},{"not_picked":["hexamod:BacktrackSmack","hexamod:NightmareStrike","hexamod:ShieldOfDarkness+1"],"picked":"SKIP","floor":40},{"not_picked":["hexamod:FlamesFromBeyond+1","hexamod:RadiantFlame","hexamod:GhostflameBarrier+1"],"picked":"SKIP","floor":45},{"not_picked":["hexamod:GhostflameBarrier+1","hexamod:DynamicBlow+1","hexamod:ExtraCrispy"],"picked":"SKIP","floor":45},{"not_picked":["hexamod:DynamicBlow+1","hexamod:AdvancingGuard"],"picked":"hexamod:SecondSeal","floor":46},{"not_picked":["hexamod:HauntingEcho+1","hexamod:GhostflameBarrier+1","hexamod:PhantomFireball"],"picked":"SKIP","floor":46},{"not_picked":["hexamod:EtherealExpedition","hexamod:HauntingEcho"],"picked":"hexamod:Rewind+1","floor":48},{"not_picked":["hexamod:HauntingEcho+1","hexamod:Firestarter","hexamod:NightmareGuise"],"picked":"SKIP","floor":48},{"not_picked":["hexamod:FlamesFromBeyond","hexamod:BacktrackSmack"],"picked":"hexamod:GhostOfSpirePast+1","floor":49},{"not_picked":["hexamod:SecondSeal","hexamod:ThirdSeal","hexamod:FirstSeal"],"picked":"SKIP","floor":49},{"not_picked":["hexamod:BacktrackSmack+1","hexamod:SpectersWail+1","hexamod:InspiringFlames"],"picked":"SKIP","floor":49}],"player_experience":427470,"relics_obtained":[{"floor":7,"key":"Lantern"},{"floor":8,"key":"Pear"},{"floor":13,"key":"Letter Opener"},{"floor":20,"key":"Kunai"},{"floor":24,"key":"Gremlin Horn"},{"floor":29,"key":"War Paint"},{"floor":41,"key":"Oddly Smooth Stone"}],"event_choices":[{"cards_removed":["hexamod:Strike"],"damage_healed":0,"gold_gain":0,"player_choice":"Offered Basic","damage_taken":0,"max_hp_gain":0,"max_hp_loss":0,"event_name":"Bonfire Elementals","floor":3,"gold_loss":0},{"damage_healed":0,"gold_gain":100,"player_choice":"Gold","damage_taken":0,"max_hp_gain":0,"max_hp_loss":0,"event_name":"Wheel of Change","floor":9,"gold_loss":0}],"is_beta":false,"boss_relics":[{"not_picked":["Pandora\u0027s Box","Coffee Dripper"],"picked":"SlaversCollar"},{"not_picked":["Astrolabe","Empty Cage"],"picked":"hexamod:UnbrokenSoul"}],"items_purged_floors":[22,25],"is_endless":false,"potions_floor_spawned":[2,5,8,16,19,29,32,33,36,39,48,49],"killed_by":"SI_POISON_ARCHETYPE","ascension_level":0}}