{"host":"nczaati5fk252j8i","time":1611457153,"event":{"mods":["BaseMod","Minty Spire (QoL Compilation)"],"gold_per_floor":[119,119,132,155,179,222,245,286,286,329,329,279,279,292,292,423,423,448,448,186,205,226,270,290,313,313,131,167,182,182,206,206,330,330,345,345,345,345,368,368,409,409,464,480,493,116,116,131,131,131,131,131,33,76,76,76],"floor_reached":55,"language":"ENG","playtime":3816,"items_purged":["Defend_R","Strike_R","Strike_R"],"score":822,"play_id":"930ad898-5527-4973-930c-b8e0a6a6f26f","local_time":"20210124105913","is_ascension_mode":true,"campfire_choices":[{"floor":11,"key":"DIG"},{"floor":13,"key":"DIG"},{"floor":15,"key":"REST"},{"data":"Dual Wield","floor":30,"key":"SMITH"},{"floor":32,"key":"REST"},{"floor":40,"key":"RECALL"},{"floor":47,"key":"DIG"},{"data":"Bash","floor":49,"key":"SMITH"},{"floor":52,"key":"DIG"}],"circlet_count":0,"master_deck":["Strike_R","Strike_R","Defend_R","Defend_R","Bash+1","Clash","Clash","Cleave","Dual Wield+1","Feed+1","Panache","Iron Wave+1","Clash","Flex","Finesse","Battle Trance+1","Juggernaut","Armaments+1","Secret Technique","Decay","Anger+1","Rage+1","Anger+1","Body Slam+1"],"relics":["Burning Blood","NeowsBlessing","Golden Idol","Lantern","Vajra","White Beast Statue","Shovel","Kunai","Boot","Runic Pyramid","Molten Egg 2","Ornamental Fan","The Courier","SlaversCollar","Lizard Tail","Sling","Bronze Scales","Darkstone Periapt","Mummified Hand","Centennial Puzzle"],"acts_visited":["Exordium","TheCity","TheBeyond","TheEnding"],"potions_floor_usage":[8,10,21,22,23,23,24,25,28,31,33,33,39,39,44,44,45,45,48,50,55,55,55],"damage_taken":[{"damage":0,"enemies":"Jaw Worm","floor":1,"turns":1},{"damage":0,"enemies":"Small Slimes","floor":3,"turns":1},{"damage":0,"enemies":"Cultist","floor":4,"turns":1},{"damage":9,"enemies":"Blue Slaver","floor":5,"turns":6},{"damage":26,"enemies":"Lagavulin","floor":6,"turns":6},{"damage":11,"enemies":"Large Slime","floor":7,"turns":4},{"damage":28,"enemies":"Gremlin Nob","floor":8,"turns":4},{"damage":9,"enemies":"3 Sentries","floor":10,"turns":4},{"damage":0,"enemies":"Gremlin Gang","floor":14,"turns":3},{"damage":33,"enemies":"The Guardian","floor":16,"turns":8},{"damage":21,"enemies":"2 Thieves","floor":18,"turns":4},{"damage":10,"enemies":"Chosen","floor":21,"turns":2},{"damage":21,"enemies":"Snake Plant","floor":22,"turns":3},{"damage":28,"enemies":"Gremlin Leader","floor":23,"turns":5},{"damage":44,"enemies":"Shelled Parasite and Fungi","floor":24,"turns":4},{"damage":0,"enemies":"Chosen and Byrds","floor":25,"turns":3},{"damage":15,"enemies":"Book of Stabbing","floor":28,"turns":3},{"damage":5,"enemies":"Snecko","floor":29,"turns":3},{"damage":6,"enemies":"Cultist and Chosen","floor":31,"turns":3},{"damage":24,"enemies":"Collector","floor":33,"turns":5},{"damage":14,"enemies":"3 Darklings","floor":35,"turns":4},{"damage":17,"enemies":"Orb Walker","floor":39,"turns":4},{"damage":36,"enemies":"Nemesis","floor":41,"turns":3},{"damage":32,"enemies":"Spire Growth","floor":44,"turns":4},{"damage":32,"enemies":"Transient","floor":45,"turns":5},{"damage":49,"enemies":"Writhing Mass","floor":48,"turns":5},{"damage":48,"enemies":"Awakened One","floor":50,"turns":8},{"damage":35,"enemies":"Shield and Spear","floor":54,"turns":3},{"damage":127,"enemies":"The Heart","floor":55,"turns":5}],"seed_played":"9074001828638111085","potions_obtained":[{"floor":4,"key":"Swift Potion"},{"floor":5,"key":"BloodPotion"},{"floor":7,"key":"DuplicationPotion"},{"floor":10,"key":"HeartOfIron"},{"floor":14,"key":"Strength Potion"},{"floor":16,"key":"LiquidMemories"},{"floor":18,"key":"Fire Potion"},{"floor":21,"key":"GamblersBrew"},{"floor":22,"key":"SkillPotion"},{"floor":23,"key":"Dexterity Potion"},{"floor":24,"key":"BlessingOfTheForge"},{"floor":25,"key":"SteroidPotion"},{"floor":28,"key":"Explosive Potion"},{"floor":29,"key":"Fire Potion"},{"floor":31,"key":"SkillPotion"},{"floor":33,"key":"Regen Potion"},{"floor":35,"key":"AttackPotion"},{"floor":39,"key":"SkillPotion"},{"floor":41,"key":"BloodPotion"},{"floor":44,"key":"BlessingOfTheForge"},{"floor":45,"key":"BlessingOfTheForge"},{"floor":48,"key":"Regen Potion"},{"floor":54,"key":"BlessingOfTheForge"}],"is_trial":false,"path_per_floor":["M","?","M","M","M","E","M","E","T","E","R","?","R","M","R","B",null,"M","?","$","M","M","E","M","M","T","$","E","M","R","M","R","B",null,"M","?","?","?","M","R","E","?","T","M","M","$","R","M","R","B",null,"R","$","E","B"],"character_chosen":"IRONCLAD","items_purchased":["Panache","Finesse","Body Slam+1","Sling","Bronze Scales","DuplicationPotion","PowerPotion"],"campfire_rested":2,"item_purchase_floors":[20,27,46,46,46,53,53],"current_hp_per_floor":[80,60,66,72,69,49,44,22,22,19,19,19,19,25,49,22,80,68,68,68,85,70,52,14,24,24,24,19,24,24,28,60,42,107,99,99,99,99,92,92,66,66,66,67,56,56,56,17,17,54,123,123,123,94,0,0],"gold":76,"neow_bonus":"THREE_ENEMY_KILL","is_daily":false,"chose_seed":false,"campfire_upgraded":2,"win_rate":0.0,"timestamp":1611457153,"path_taken":["M","?","M","M","M","E","M","E","T","E","R","?","R","M","R","BOSS","M","?","$","M","M","E","?","M","T","$","E","M","R","M","R","BOSS","M","?","?","?","?","R","E","?","T","M","M","$","R","M","R","BOSS","R","$","E","BOSS"],"items_purchased_type":["Card","Card","Card","Relic","Relic","Potion","Potion"],"build_version":"2020-12-22","purchased_purges":3,"victory":false,"max_hp_per_floor":[80,80,80,80,80,80,80,80,80,80,80,80,80,80,80,80,80,83,83,83,87,87,91,91,95,95,95,99,103,103,107,107,107,107,107,107,107,107,111,111,115,115,115,119,119,119,119,123,123,123,123,123,123,123,123,123],"card_choices":[{"not_picked":["Twin Strike","Thunderclap"],"picked":"Clash","floor":1},{"not_picked":["Feel No Pain","Armaments","Sword Boomerang"],"picked":"SKIP","floor":3},{"not_picked":["Thunderclap","Armaments","Hemokinesis"],"picked":"SKIP","floor":4},{"not_picked":["Twin Strike","Perfected Strike"],"picked":"Clash","floor":5},{"not_picked":["Thunderclap","Infernal Blade"],"picked":"Cleave","floor":6},{"not_picked":["Berserk","Headbutt","Flame Barrier"],"picked":"SKIP","floor":7},{"not_picked":["Heavy Blade","Headbutt","Ghostly Armor"],"picked":"SKIP","floor":8},{"not_picked":["Intimidate","Searing Blow","Feel No Pain"],"picked":"SKIP","floor":10},{"not_picked":["Combust","Wild Strike"],"picked":"Dual Wield","floor":14},{"not_picked":["Demon Form","Brutality"],"picked":"Feed","floor":16},{"not_picked":["Headbutt","Shrug It Off","Thunderclap+1"],"picked":"SKIP","floor":18},{"not_picked":["Feel No Pain+1","Pummel+1"],"picked":"Iron Wave+1","floor":21},{"not_picked":["Clothesline+1","Heavy Blade"],"picked":"Clash","floor":22},{"not_picked":["Clothesline+1","Bloodletting","Fire Breathing"],"picked":"SKIP","floor":23},{"not_picked":["Wild Strike+1","Clothesline+1"],"picked":"Body Slam+1","floor":24},{"not_picked":["Cleave+1","Warcry"],"picked":"Flex","floor":25},{"not_picked":["Second Wind+1","Shrug It Off+1","Flex"],"picked":"SKIP","floor":28},{"not_picked":["Perfected Strike+1","Feel No Pain"],"picked":"Battle Trance+1","floor":29},{"not_picked":["Feel No Pain","Clothesline+1","Rupture"],"picked":"SKIP","floor":31},{"not_picked":["Corruption","Double Tap"],"picked":"Juggernaut","floor":33},{"not_picked":["Ghostly Armor","Shockwave"],"picked":"Armaments+1","floor":35},{"not_picked":["Metamorphosis","Trip"],"picked":"Secret Technique","floor":36},{"not_picked":["Heavy Blade+1","Dropkick+1"],"picked":"Anger+1","floor":39},{"not_picked":["Wild Strike+1","Feed+1"],"picked":"Rage+1","floor":41},{"not_picked":["Thunderclap+1","Warcry+1"],"picked":"Anger+1","floor":44},{"not_picked":["Clothesline+1","Hemokinesis+1","Rage+1"],"picked":"SKIP","floor":45},{"not_picked":["Pommel Strike+1","Uppercut+1","Hemokinesis+1"],"picked":"SKIP","floor":48},{"not_picked":["Headbutt+1","Wild Strike+1","Twin Strike+1"],"picked":"SKIP","floor":54}],"player_experience":84653,"relics_obtained":[{"floor":6,"key":"Lantern"},{"floor":8,"key":"Vajra"},{"floor":9,"key":"White Beast Statue"},{"floor":10,"key":"Shovel"},{"floor":11,"key":"Kunai"},{"floor":13,"key":"Boot"},{"floor":23,"key":"Molten Egg 2"},{"floor":26,"key":"Ornamental Fan"},{"floor":28,"key":"The Courier"},{"floor":41,"key":"Lizard Tail"},{"floor":47,"key":"Darkstone Periapt"},{"floor":52,"key":"Mummified Hand"},{"floor":54,"key":"Centennial Puzzle"}],"event_choices":[{"damage_healed":0,"gold_gain":0,"player_choice":"Take Damage","damage_taken":20,"relics_obtained":["Golden Idol"],"max_hp_gain":0,"max_hp_loss":0,"event_name":"Golden Idol","floor":2,"gold_loss":0},{"cards_removed":["Defend_R"],"damage_healed":0,"gold_gain":0,"player_choice":"Card Removal","damage_taken":0,"max_hp_gain":0,"max_hp_loss":0,"event_name":"The Cleric","floor":12,"gold_loss":50},{"damage_healed":0,"gold_gain":0,"player_choice":"Forge","damage_taken":0,"max_hp_gain":0,"max_hp_loss":0,"event_name":"Accursed Blacksmith","floor":19,"gold_loss":0,"cards_upgraded":["Feed"]},{"damage_healed":0,"gold_gain":0,"player_choice":"Memory 1","damage_taken":0,"max_hp_gain":0,"max_hp_loss":0,"event_name":"SensoryStone","floor":36,"gold_loss":0},{"cards_removed":["Body Slam"],"damage_healed":0,"gold_gain":0,"player_choice":"Removed Attack","damage_taken":0,"max_hp_gain":0,"max_hp_loss":0,"event_name":"Falling","floor":37,"gold_loss":0},{"damage_healed":0,"gold_gain":0,"player_choice":"Cursed","damage_taken":0,"max_hp_gain":0,"max_hp_loss":0,"event_name":"Wheel of Change","floor":38,"gold_loss":0,"cards_obtained":["Decay"]},{"cards_removed":["Strike_R"],"damage_healed":0,"gold_gain":0,"player_choice":"Purged","damage_taken":0,"max_hp_gain":0,"max_hp_loss":0,"event_name":"Purifier","floor":42,"gold_loss":0}],"is_beta":false,"boss_relics":[{"not_picked":["Velvet Choker","Runic Cube"],"picked":"Runic Pyramid"},{"not_picked":["Black Star","Busted Crown"],"picked":"SlaversCollar"}],"items_purged_floors":[20,27,46],"is_endless":false,"potions_floor_spawned":[4,5,7,10,14,16,18,21,22,23,24,25,28,29,31,33,35,39,41,44,45,48,54],"killed_by":"The Heart","ascension_level":1}}