{"host":"hw9lt6p3yhr90vz0","time":1611531117,"event":{"mods":["BaseMod","DeckTracker","Minty Spire (QoL Compilation)","Relic Stats"],"gold_per_floor":[116,132,146,77,87,116,116,128,128,138,138,158,177,189,189,286,286,306,306,319,234,250,250,250],"floor_reached":23,"language":"ENG","playtime":1872,"items_purged":[],"score":249,"play_id":"03d74445-c65d-418d-babe-97cc829b0e15","local_time":"20210124183157","is_ascension_mode":true,"campfire_choices":[{"floor":7,"key":"REST"},{"floor":11,"key":"REST"},{"floor":15,"key":"REST"}],"circlet_count":0,"master_deck":["Zap","Dualcast","Redo","Turbo","Genetic Algorithm","Defragment","Capacitor","Barrage","Sweeping Beam","Capacitor","Reboot+1","Redo+1","Redo+1","Electrodynamics","Static Discharge","Reprogram+1","Multi-Cast+1","Melter","Steam Power+1","Genetic Algorithm+1","BootSequence+1","Creative AI","Sunder","Sweeping Beam+1","Cold Snap"],"relics":["Nuclear Battery","Cables","Toxic Egg 2","Pandora\u0027s Box","Tiny Chest"],"acts_visited":["Exordium","TheCity"],"potions_floor_usage":[6,6,16,18],"damage_taken":[{"damage":0,"enemies":"Small Slimes","floor":1,"turns":4},{"damage":7,"enemies":"Jaw Worm","floor":2,"turns":3},{"damage":0,"enemies":"2 Louse","floor":3,"turns":3},{"damage":15,"enemies":"Red Slaver","floor":5,"turns":4},{"damage":23,"enemies":"Gremlin Nob","floor":6,"turns":4},{"damage":12,"enemies":"Looter","floor":8,"turns":3},{"damage":16,"enemies":"Blue Slaver","floor":10,"turns":4},{"damage":18,"enemies":"Lots of Slimes","floor":12,"turns":5},{"damage":0,"enemies":"3 Louse","floor":13,"turns":3},{"damage":6,"enemies":"Looter","floor":14,"turns":3},{"damage":24,"enemies":"Hexaghost","floor":16,"turns":9},{"damage":22,"enemies":"2 Thieves","floor":18,"turns":2},{"damage":13,"enemies":"Shell Parasite","floor":20,"turns":4},{"damage":5,"enemies":"Chosen and Byrds","floor":22,"turns":4},{"damage":24,"enemies":"Centurion and Healer","floor":23,"turns":2}],"seed_played":"8994635471327342774","potions_obtained":[{"floor":2,"key":"EssenceOfDarkness"},{"floor":3,"key":"SpeedPotion"},{"floor":10,"key":"PotionOfCapacity"},{"floor":14,"key":"ColorlessPotion"},{"floor":16,"key":"PowerPotion"},{"floor":20,"key":"SpeedPotion"}],"is_trial":false,"path_per_floor":["M","M","M","$","M","E","R","M","T","M","R","M","M","M","R","B",null,"M","?","M","?","M","M"],"character_chosen":"DEFECT","items_purchased":["Defragment"],"campfire_rested":3,"item_purchase_floors":[4],"current_hp_per_floor":[75,68,68,68,53,30,52,40,40,24,46,28,28,22,44,20,61,39,39,26,26,21,0,0],"gold":250,"neow_bonus":"BOSS_RELIC","is_daily":false,"chose_seed":false,"campfire_upgraded":0,"win_rate":0.0,"timestamp":1611531117,"path_taken":["M","M","M","$","M","E","R","M","T","M","R","M","M","M","R","BOSS","M","?","M","?","M","M"],"items_purchased_type":["Card"],"build_version":"2020-12-22","purchased_purges":0,"victory":false,"max_hp_per_floor":[75,75,75,75,75,75,75,75,75,75,75,75,75,75,75,75,75,75,75,75,75,75,75,75],"relic_stats":{"counters":[15,57],"Pandora\u0027s Box":["Static Discharge","Reprogram","Multi-Cast","Melter","Steam Power","Genetic Algorithm","BootSequence","Creative AI"],"Tiny Chest":0,"obtain_stats":[{"Pandora\u0027s Box":17,"Tiny Chest":21,"Toxic Egg 2":9,"Cracked Core":0,"Nuclear Battery":0,"Cables":6},{"Pandora\u0027s Box":11,"Tiny Chest":13,"Toxic Egg 2":6,"Cracked Core":0,"Nuclear Battery":0,"Cables":5},{"Pandora\u0027s Box":45,"Tiny Chest":51,"Toxic Egg 2":21,"Cracked Core":0,"Nuclear Battery":0,"Cables":18}],"Cables":[40,13,0,0,27]},"card_choices":[{"not_picked":["Sweeping Beam","Coolheaded"],"picked":"Redo","floor":1},{"not_picked":["Chill","Beam Cell"],"picked":"Turbo","floor":2},{"not_picked":["Sweeping Beam","Turbo"],"picked":"Genetic Algorithm","floor":3},{"not_picked":["Sweeping Beam","Glacier"],"picked":"Capacitor","floor":5},{"not_picked":["Beam Cell","Reinforced Body"],"picked":"Barrage","floor":6},{"not_picked":["Go for the Eyes","Hologram"],"picked":"Sweeping Beam","floor":8},{"not_picked":["Turbo+1","Cold Snap"],"picked":"Capacitor","floor":10},{"not_picked":["Streamline","Rebound"],"picked":"Reboot+1","floor":12},{"not_picked":["Turbo+1","Stack+1"],"picked":"Redo+1","floor":13},{"not_picked":["Stack+1","Cold Snap"],"picked":"Redo+1","floor":14},{"not_picked":["Buffer","All For One"],"picked":"Electrodynamics","floor":16},{"not_picked":["Compile Driver","Steam+1"],"picked":"Sunder","floor":18},{"not_picked":["Capacitor","Gash"],"picked":"Sweeping Beam+1","floor":20},{"not_picked":["Steam Power+1","Go for the Eyes"],"picked":"Cold Snap","floor":22}],"player_experience":1270791,"relics_obtained":[{"floor":6,"key":"Cables"},{"floor":9,"key":"Toxic Egg 2"}],"event_choices":[{"damage_healed":0,"gold_gain":0,"player_choice":"Ignored","damage_taken":0,"max_hp_gain":0,"max_hp_loss":0,"event_name":"Beggar","floor":19,"gold_loss":0},{"damage_healed":0,"gold_gain":0,"player_choice":"Obtained Relic","damage_taken":0,"relics_obtained":["Tiny Chest"],"max_hp_gain":0,"max_hp_loss":0,"event_name":"Addict","floor":21,"gold_loss":85}],"is_beta":false,"boss_relics":[{"not_picked":["Empty Cage","Snecko Eye"],"picked":"Pandora\u0027s Box"}],"items_purged_floors":[],"is_endless":false,"potions_floor_spawned":[2,3,10,14,16,20],"killed_by":"Centurion and Healer","ascension_level":5}}