{"host":"fwszrsv3xaezmgui","time":1611468786,"event":{"mods":["BaseMod","Highlight Path","Minty Spire (QoL Compilation)","Quick Restart"],"gold_per_floor":[111,111,130,130,43,84,84,6,6,24,38,73,88,101,101,227,227,241,1,1,1,1,36,36,36,36,36,11,24,42,42,42],"floor_reached":31,"language":"ENG","playtime":1171,"items_purged":[],"score":263,"play_id":"cb1ae411-161a-400e-a985-2536ace75b85","local_time":"20210124011306","is_ascension_mode":false,"campfire_choices":[{"floor":7.0,"key":"REST"},{"floor":15.0,"key":"REST"},{"data":"Hyperbeam","floor":25,"key":"SMITH"}],"circlet_count":0,"master_deck":["Strike_B+1","Strike_B+1","Strike_B+1","Strike_B+1","Defend_B+1","Defend_B+1","Defend_B+1","Defend_B+1","Zap","Dualcast+1","Bandage Up","Cold Snap","Steam","Barrage","Hello World","Beam Cell","Capacitor","Stack","Lockon","Ball Lightning","Chaos","Loop","Hyperbeam+1","Sweeping Beam","Streamline","Heatsinks","Biased Cognition","Streamline","Coolheaded","Ball Lightning"],"relics":["Cracked Core","Golden Idol","HornCleat","Pantograph","Boot","Snecko Eye","Medical Kit","Nunchaku","Du-Vu Doll"],"acts_visited":["Exordium","TheCity"],"potions_floor_usage":[31],"damage_taken":[{"damage":0.0,"enemies":"2 Louse","floor":1.0,"turns":2.0},{"damage":4.0,"enemies":"Jaw Worm","floor":3.0,"turns":2.0},{"damage":20.0,"enemies":"3 Sentries","floor":6.0,"turns":7.0},{"damage":2.0,"enemies":"Small Slimes","floor":10.0,"turns":3.0},{"damage":12.0,"enemies":"3 Louse","floor":11.0,"turns":3.0},{"damage":14.0,"enemies":"Lagavulin","floor":12.0,"turns":8.0},{"damage":10.0,"enemies":"Looter","floor":13.0,"turns":2.0},{"damage":0.0,"enemies":"2 Fungi Beasts","floor":14.0,"turns":2.0},{"damage":26.0,"enemies":"Hexaghost","floor":16.0,"turns":9.0},{"damage":34.0,"enemies":"2 Thieves","floor":18.0,"turns":4.0},{"damage":10,"enemies":"Slavers","floor":23,"turns":4},{"damage":12,"enemies":"Shell Parasite","floor":29,"turns":3},{"damage":44,"enemies":"Cultist and Chosen","floor":30,"turns":7},{"damage":27,"enemies":"Gremlin Leader","floor":31,"turns":3}],"seed_played":"8305938166766826867","potions_obtained":[{"floor":10.0,"key":"Weak Potion"},{"floor":11.0,"key":"EssenceOfSteel"},{"floor":12.0,"key":"Fire Potion"},{"floor":13.0,"key":"FocusPotion"},{"floor":14.0,"key":"DuplicationPotion"},{"floor":29,"key":"DuplicationPotion"}],"is_trial":false,"path_per_floor":["M","?","M","?","$","E","R","$","T","M","M","E","M","M","R","B",null,"M","$","?","?","?","E","?","R","T","$","$","M","M","E"],"character_chosen":"DEFECT","items_purchased":["Barrage","Hello World","Capacitor","Streamline","Medical Kit","Heatsinks","Streamline"],"campfire_rested":2,"item_purchase_floors":[5,5,8,19,19,19,28],"current_hp_per_floor":[75,57,53,53,53,37,59,59,59,57,49,39,29,29,51,53,75,41,41,41,41,41,35,60,60,60,60,60,52,12,0,0],"gold":42,"neow_bonus":"RANDOM_COLORLESS","is_daily":false,"chose_seed":false,"campfire_upgraded":1,"win_rate":0.0,"timestamp":1611468786,"path_taken":["M","?","M","?","$","E","R","?","T","M","M","E","M","?","R","BOSS","M","$","?","?","?","E","?","R","T","?","$","M","M","E"],"items_purchased_type":["Card","Card","Card","Card","Relic","Card","Card"],"build_version":"2020-12-22","purchased_purges":0,"victory":false,"max_hp_per_floor":[75,75,75,75,75,75,75,75,75,75,75,75,75,75,75,75,75,75,75,75,75,75,75,75,75,75,75,75,75,75,75,75],"card_choices":[{"not_picked":["Purity","Flash of Steel"],"picked":"Bandage Up","floor":0.0},{"not_picked":["Hologram","Heatsinks"],"picked":"Cold Snap","floor":1.0},{"not_picked":["Coolheaded","Skim"],"picked":"Steam","floor":3.0},{"not_picked":["Cold Snap","Rebound"],"picked":"Beam Cell","floor":6.0},{"not_picked":["Streamline","Gash"],"picked":"Stack","floor":10.0},{"not_picked":["Glacier","Steam"],"picked":"Lockon","floor":11.0},{"not_picked":["Reprogram","Skim"],"picked":"Ball Lightning","floor":12.0},{"not_picked":["Streamline","Rebound"],"picked":"Chaos","floor":13.0},{"not_picked":["Storm","Hello World"],"picked":"Loop","floor":14.0},{"not_picked":["Echo Form","Creative AI"],"picked":"Hyperbeam","floor":16.0},{"not_picked":["Lockon","Heatsinks"],"picked":"Sweeping Beam","floor":18.0},{"not_picked":["Cold Snap+1","Leap"],"picked":"Biased Cognition","floor":23},{"not_picked":["Hologram","Heatsinks"],"picked":"Coolheaded","floor":29},{"not_picked":["Beam Cell","Go for the Eyes"],"picked":"Ball Lightning","floor":30}],"player_experience":57524,"relics_obtained":[{"floor":6.0,"key":"HornCleat"},{"floor":9.0,"key":"Pantograph"},{"floor":12.0,"key":"Boot"},{"floor":23,"key":"Nunchaku"},{"floor":26,"key":"Du-Vu Doll"}],"event_choices":[{"damage_healed":0.0,"max_hp_gain":0.0,"max_hp_loss":0.0,"gold_gain":0.0,"event_name":"Golden Idol","player_choice":"Take Damage","floor":2.0,"gold_loss":0.0,"damage_taken":18.0,"relics_obtained":["Golden Idol"]},{"damage_healed":0.0,"max_hp_gain":0.0,"max_hp_loss":0.0,"gold_gain":0.0,"event_name":"Living Wall","player_choice":"Grow","floor":4.0,"gold_loss":0.0,"damage_taken":0.0,"cards_upgraded":["Dualcast"]},{"damage_healed":0.0,"max_hp_gain":0.0,"max_hp_loss":0.0,"gold_gain":0.0,"event_name":"Back to Basics","player_choice":"Simplicity","floor":20.0,"gold_loss":0.0,"damage_taken":0.0,"cards_upgraded":["Strike_B","Strike_B","Strike_B","Strike_B","Defend_B","Defend_B","Defend_B","Defend_B"]},{"damage_healed":0.0,"max_hp_gain":0.0,"max_hp_loss":0.0,"gold_gain":0.0,"event_name":"Ghosts","player_choice":"Ignored","floor":21.0,"gold_loss":0.0,"damage_taken":0.0},{"damage_healed":0.0,"max_hp_gain":0.0,"max_hp_loss":0.0,"gold_gain":0.0,"event_name":"Vampires","player_choice":"Ignored","floor":22.0,"gold_loss":0.0,"damage_taken":0.0},{"damage_healed":25,"gold_gain":0,"player_choice":"Heal","damage_taken":0,"max_hp_gain":0,"max_hp_loss":0,"event_name":"The Library","floor":24,"gold_loss":0}],"is_beta":false,"boss_relics":[{"not_picked":["Runic Pyramid","Cursed Key"],"picked":"Snecko Eye"}],"items_purged_floors":[],"is_endless":false,"potions_floor_spawned":[10,11,12,13,14,29,30],"killed_by":"Gremlin Leader","ascension_level":0}}