{"host":"557iavmgkmyrqkcw","time":1611465437,"event":{"mods":["2.2 Compatiblity","AchievementEnabler","BaseMod","Better Note","Better Sensory Stone","Better Third Choice","Downfall","Friendly Minions","HololiveMod","Marisa????????","Minty Spire (QoL Compilation)","Replay The Spire","StSLib","The Alterego","The Fake Hero","The IronCluck","The Servant 0.9.4","Waifu the Spire"],"gold_per_floor":[66,82,82,101,119,294,320,376,376,396,410,410,169,197,215,313,313,313,327,344,549,649,649,649,385,385,385,404,404,439,118,18,32,46,152,152,128,139,205,218,267,285,336,236,249,263,263,281,281,307,321,327,327,357,89,89,89,89],"floor_reached":59,"language":"ENG","playtime":7557,"items_purged":["Doubt","Hololive_Strike","Hololive_AWSL","Hololive_Nanodesu"],"score":1608,"play_id":"bc0f9186-30c4-42fb-92f5-2f433a0044fd","local_time":"20210123211717","is_ascension_mode":true,"campfire_choices":[{"data":"Hololive_CallHoshimachiSuisei","floor":9,"key":"SMITH"},{"data":"Hololive_SoulCatcher","floor":12,"key":"SMITH"},{"floor":18,"key":"RECALL"},{"data":"Hololive_CallAZKi","floor":32,"key":"SMITH"},{"data":"Replay:SS_forest_2","floor":44,"key":"SMITH"},{"data":"Hololive_ILoveYou","floor":47,"key":"SMITH"},{"data":"Hololive_CallYozoraMel","floor":49,"key":"SMITH"},{"data":"Hololive_CallOzoraSubaru","floor":56,"key":"SMITH"}],"circlet_count":0,"master_deck":["Hololive_Defend+1","Hololive_Defend","Hololive_ILoveYou+1","Hololive_CallAZKi+1","Hololive_CallShirakamiFubuki","Hololive_CallYuzukiChoco","Hololive_CallHoshimachiSuisei+1","Hololive_SoulCatcher+1","Hololive_Breathe+1","Hololive_CandyCastle+1","Hololive_Psychosis","Hololive_Yoholoon","Hololive_LuckPotion+1","Hololive_FlyingPonyTail+1","Hololive_CallRosalyn","Hololive_Sequa","Hololive_CallCivia","Hololive_StarCraft+1","Replay:SS_forest_2+1","Hololive_Yoholoon","Panacea+1","Hololive_StrengthChampion","Hololive_HuntDinosaur+1","Hololive_CallDoris+1","Hololive_CallTokinoSora","Hololive_WolfAndLamb+1","Hololive_CallShishiroBotan","Hololive_CallRoboco+1","Hololive_CallYozoraMel+1","Hololive_CallUruhaRushia+1","Hololive_CallOzoraSubaru+1","Hololive_Rebound+1","Hololive_Rebound+1"],"relics":["Hololive_TheStar","Unceasing Top","Toxic Egg 2","Juzu Bracelet","Potion Belt","Empty Cage","Singing Bowl","Replay:Bottled Steam","Snack Pack","downfall:HeartBlessingRed","Philosopher\u0027s Stone","downfall:HeartBlessingGreen","Guardian:PocketSentry","CatCart","Lantern","downfall:HeartBlessingBlue","Hololive_LightStick","Quantum Egg"],"acts_visited":["Exordium","TheCity","TheBeyond","TheEnding"],"potions_floor_usage":[15,30,34,35,40,46,57,57,57,58,58],"damage_taken":[{"damage":0,"enemies":"Small Slimes","floor":2,"turns":3},{"damage":0,"enemies":"Cultist","floor":4,"turns":4},{"damage":0,"enemies":"2 Louse","floor":5,"turns":1},{"damage":0,"enemies":"3 Sentries","floor":8,"turns":3},{"damage":8,"enemies":"Blue Slaver","floor":10,"turns":3},{"damage":0,"enemies":"Large Slime","floor":11,"turns":3},{"damage":0,"enemies":"downfall:FleeingMerchant","floor":13,"turns":4},{"damage":0,"enemies":"Lagavulin","floor":14,"turns":5},{"damage":5,"enemies":"Gremlin Gang","floor":15,"turns":4},{"damage":0,"enemies":"WA_ARCHETYPE_RETAIN","floor":16,"turns":5},{"damage":0,"enemies":"Shell Parasite","floor":19,"turns":5},{"damage":0,"enemies":"Chosen","floor":20,"turns":4},{"damage":1,"enemies":"downfall:FleeingMerchant","floor":25,"turns":4},{"damage":0,"enemies":"Snecko","floor":28,"turns":4},{"damage":18,"enemies":"Slavers","floor":30,"turns":6},{"damage":0,"enemies":"downfall:FleeingMerchant","floor":31,"turns":4},{"damage":12,"enemies":"Sentry and Sphere","floor":33,"turns":5},{"damage":0,"enemies":"3 Cultists","floor":34,"turns":5},{"damage":12,"enemies":"SI_MIRROR_ARCHETYPE","floor":35,"turns":12},{"damage":16,"enemies":"3 Darklings","floor":38,"turns":5},{"damage":13,"enemies":"downfall:FleeingMerchant","floor":39,"turns":3},{"damage":0,"enemies":"Orb Walker","floor":40,"turns":3},{"damage":0,"enemies":"Orin","floor":41,"turns":7},{"damage":0,"enemies":"Jaw Worm Horde","floor":42,"turns":4},{"damage":0,"enemies":"Transient","floor":45,"turns":5},{"damage":0,"enemies":"4 Shapes","floor":46,"turns":4},{"damage":0,"enemies":"Sphere and 2 Shapes","floor":48,"turns":4},{"damage":0,"enemies":"Nemesis","floor":50,"turns":5},{"damage":0,"enemies":"3 Darklings","floor":51,"turns":4},{"damage":0,"enemies":"DF_ARCHETYPE_ORBS","floor":52,"turns":6},{"damage":0,"enemies":"downfall:CharBossMerchant","floor":54,"turns":7},{"damage":0,"enemies":"downfall:NeowBoss","floor":57,"turns":10},{"damage":0,"enemies":"downfall:NeowBossFinal","floor":58,"turns":7}],"seed_played":"-6939644556901067782","potions_obtained":[{"floor":3,"key":"bronze:BurnAndBuffPotion"},{"floor":3,"key":"LifebloodPotion"},{"floor":3,"key":"champ:CounterPotion"},{"floor":4,"key":"Reflective Coating"},{"floor":5,"key":"AttackPotion"},{"floor":15,"key":"Dexterity Potion"},{"floor":20,"key":"PowerPotion"},{"floor":30,"key":"GamblersBrew"},{"floor":35,"key":"hexamod:SoulburnPotion"},{"floor":40,"key":"Dexterity Potion"},{"floor":42,"key":"SkillPotion"},{"floor":45,"key":"SpeedPotion"},{"floor":50,"key":"Block Potion"},{"floor":51,"key":"Dexterity Potion"}],"is_trial":false,"path_per_floor":["R","M","?","M","M","?","T","?","R","M","M","R","$","E","M","B",null,"R","M","M","?","?","?","T","$","PTL","PTL","M","?","E","$","R","M","M","B",null,"R","M","$","M","?","M","T","R","M","M","R","M","R","E","M","B",null,"E","$","R","B","B",null],"character_chosen":"Hololive_HololiveCharacter","items_purchased":["Juzu Bracelet","Replay:SS_forest_2","Hololive_Yoholoon","Hololive_StrengthChampion","Snack Pack","Guardian:PocketSentry","Hololive_CallOzoraSubaru","Hololive_Rebound+1"],"campfire_rested":0,"item_purchase_floors":[13,25,25,31,31,39,55,55],"current_hp_per_floor":[35,35,35,35,35,35,35,36,36,29,30,30,31,32,28,29,42,42,43,44,44,44,44,44,44,44,44,47,49,34,37,37,30,31,28,63,63,48,36,36,40,42,42,52,54,54,54,54,54,79,81,81,81,83,83,83,83,83],"gold":89,"neow_bonus":"ONE_RARE_RELIC","is_daily":false,"chose_seed":false,"campfire_upgraded":7,"win_rate":0.0,"timestamp":1611465437,"path_taken":["R","M","?","?","M","?","T","?","R","M","M","R","?","E","M","BOSS","R","M","M","?","?","?","T","$","PTL","PTL","M","?","E","$","R","M","M","BOSS","R","M","$","M","?","M","T","R","M","M","R","M","R","E","M","BOSS","E","$","R","BOSS","BOSS"],"items_purchased_type":["Relic","Card","Card","Card","Relic","Relic","Card","Card"],"build_version":"2020-12-22","purchased_purges":4,"victory":true,"max_hp_per_floor":[35,35,35,35,35,35,35,36,36,37,38,38,39,40,41,42,42,42,43,44,44,44,44,44,45,45,45,48,50,53,56,56,59,60,63,63,63,64,65,65,67,67,67,77,79,79,79,79,79,79,81,81,81,83,83,83,83,83],"card_choices":[{"not_picked":["Hololive_RevenueBasedLive","Hololive_Rebound","Hololive_CallNakiriAyame"],"picked":"Hololive_CallHoshimachiSuisei","floor":2},{"not_picked":["Hololive_RevenueBasedLive","Hololive_Sequa","Hololive_CallYogiri"],"picked":"Hololive_SoulCatcher","floor":4},{"not_picked":["Hololive_HuntDinosaur","Hololive_CallDoris","Hololive_CallAkaiHaato"],"picked":"Hololive_AWSL","floor":5},{"not_picked":["Hololive_LuckPotion+1","Hololive_Trident","Hololive_Drill"],"picked":"Hololive_Breathe+1","floor":8},{"not_picked":["Hololive_CallNatsuiroMatsuri","Hololive_Psychosis","Hololive_CallFriendA"],"picked":"Hololive_CandyCastle+1","floor":10},{"not_picked":["Hololive_Drill","Hololive_ManjiGathering","Hololive_CallShirakamiFubuki"],"picked":"Hololive_Psychosis","floor":11},{"not_picked":["Hololive_Rebound+1","Hololive_Breathe+1","Hololive_WolfAndLamb+1"],"picked":"Hololive_Yoholoon","floor":13},{"not_picked":["Hololive_Drill","Hololive_CallAiraniIofifteen","Hololive_CallShiranuiFlare"],"picked":"Hololive_LuckPotion+1","floor":14},{"not_picked":["Hololive_CallHimemoriLuna","Hololive_Drill","Hololive_HuntDinosaur+1"],"picked":"Hololive_FlyingPonyTail+1","floor":15},{"not_picked":["Hololive_OpenUp","Hololive_AWSL","Hololive_DiamondStrike"],"picked":"Hololive_Nanodesu","floor":16},{"not_picked":["Hololive_Psychosis","Hololive_OvertimeWork","Hololive_CallSpadeEcho"],"picked":"Hololive_CallRosalyn","floor":19},{"not_picked":["Hololive_Rebound+1","Hololive_Psychosis","Hololive_CallNakiriAyame"],"picked":"Hololive_Sequa","floor":20},{"not_picked":["Hololive_Sequa","Hololive_Psychosis","Hololive_LuckPotion+1"],"picked":"Hololive_CallCivia","floor":21},{"not_picked":["Hololive_CallYuzukiChoco+1","Hololive_CallInugamiKorone","Hololive_FlyingPonyTail+1"],"picked":"Hololive_StarCraft+1","floor":25},{"not_picked":["Hololive_CallDoris","Hololive_Breathe+1","Hololive_Watashimo+1","Hololive_CallShirakamiFubuki"],"picked":"Singing Bowl","floor":28},{"not_picked":["Good Instincts+1","Replay:Sssssssssstrike","Crow Ritual"],"picked":"Panacea+1","floor":29},{"not_picked":["Dramatic Entrance","Transmutation+1","Jack Of All Trades+1","Violence+1"],"picked":"Singing Bowl","floor":29},{"not_picked":["Hololive_LuckPotion+1","Hololive_HuntDinosaur+1","Hololive_Breathe+1","Hololive_Psychosis"],"picked":"Singing Bowl","floor":30},{"not_picked":["Hololive_LuckPotion+1","Hololive_Breathe+1","Hololive_Psychosis","Hololive_Trident"],"picked":"Singing Bowl","floor":31},{"not_picked":["Hololive_CallRosalyn+1","Hololive_CocoNews","Hololive_CandyCastle+1","Hololive_FlyingPonyTail+1"],"picked":"Singing Bowl","floor":33},{"not_picked":["Hololive_Sequa","Hololive_Psychosis+1","Hololive_Watashimo+1"],"picked":"Hololive_HuntDinosaur+1","floor":34},{"not_picked":["Hololive_WolfAndLamb+1","Hololive_DiamondStrike","Hololive_Nanodesu","Hololive_FlareMind+1"],"picked":"Singing Bowl","floor":35},{"not_picked":["Hololive_CallAkiRosenthal+1","Hololive_FlyingPonyTail+1","Hololive_Breathe+1"],"picked":"Hololive_CallDoris+1","floor":38},{"not_picked":["Hololive_Sequa","Hololive_OvertimeWork","Hololive_Breathe+1"],"picked":"Hololive_CallTokinoSora","floor":39},{"not_picked":["Hololive_Drill+1","Hololive_CocoNews+1","Hololive_CallCivia"],"picked":"Hololive_WolfAndLamb+1","floor":40},{"not_picked":["Hololive_Drill+1","Hololive_HuntDinosaur+1","Hololive_LuckPotion+1","Hololive_Rebound+1"],"picked":"Singing Bowl","floor":41},{"not_picked":["Hololive_Rebound+1","Hololive_Breathe+1","Hololive_Watashimo+1"],"picked":"Hololive_CallShishiroBotan","floor":42},{"not_picked":["Hololive_CallHoushouMarine+1","Hololive_Trident","Hololive_StarCraft+1","Hololive_FlyingPonyTail+1"],"picked":"Singing Bowl","floor":45},{"not_picked":["Hololive_Drill+1","Hololive_RevenueBasedLive+1","Hololive_Breathe+1"],"picked":"Hololive_CallRoboco+1","floor":46},{"not_picked":["Hololive_CallAkiRosenthal","Hololive_CallHoshimachiSuisei","Hololive_RevenueBasedLive+1"],"picked":"Hololive_CallYozoraMel","floor":48},{"not_picked":["Hololive_CallMomosuzuNene","Hololive_CallRosalyn","Hololive_HuntDinosaur+1"],"picked":"Hololive_CallUruhaRushia+1","floor":50},{"not_picked":["Hololive_CocoNews+1","Hololive_CallTsunomakiWatame","Hololive_Sequa","Hololive_StrengthChampion+1"],"picked":"Singing Bowl","floor":51},{"not_picked":["Hololive_OpenUp","Hololive_Drill+1","Hololive_Trident","Hololive_OvertimeWork"],"picked":"Singing Bowl","floor":54}],"player_experience":587202,"relics_obtained":[{"floor":14,"key":"Potion Belt"},{"floor":24,"key":"Singing Bowl"},{"floor":30,"key":"Replay:Bottled Steam"},{"floor":41,"key":"CatCart"},{"floor":43,"key":"Lantern"},{"floor":50,"key":"Hololive_LightStick"},{"floor":54,"key":"Quantum Egg"}],"event_choices":[{"damage_healed":0,"gold_gain":0,"player_choice":"Got Potions","damage_taken":0,"max_hp_gain":0,"max_hp_loss":0,"event_name":"Lab","floor":3,"gold_loss":0},{"cards_removed":["Hololive_Strike"],"damage_healed":0,"gold_gain":0,"player_choice":"Elegance","damage_taken":0,"max_hp_gain":0,"max_hp_loss":0,"event_name":"betterThird:BetterWriting","floor":23,"gold_loss":0},{"damage_healed":0,"gold_gain":2,"player_choice":"1","damage_taken":0,"max_hp_gain":0,"max_hp_loss":0,"event_name":"betterStone:BetterStone","floor":29,"gold_loss":0},{"damage_healed":0,"gold_gain":0,"player_choice":"Fight","damage_taken":0,"max_hp_gain":0,"max_hp_loss":0,"event_name":"OrinTheCat","floor":41,"gold_loss":0}],"is_beta":false,"boss_relics":[{"not_picked":["Calling Bell","Hololive_Finger"],"picked":"Empty Cage"},{"not_picked":["Hololive_TopUpMoneyS","Kintsugi"],"picked":"Philosopher\u0027s Stone"}],"items_purged_floors":[13,25,39,55],"is_endless":false,"potions_floor_spawned":[4,5,15,20,30,35,40,42,45,50,51],"ascension_level":2}}