{"host":"lvglfvqy3xrupc2a","time":1611522834,"event":{"mods":["Act Like it!","Aspiration","BaseMod","Better Altar","Better Match","Better Note","Better Sensory Stone","Better Skull","Better Third Choice","BetterRewards","Conspire","Dark Map","Friendly Minions","Gensokyo","Grow up Mod","GungeonMod","Hallownest","Hubris","HumanHunterMod(????mod)","Humility","Infinite Spire","Ironclad Rager","Lobotomy","LobotomyExtend","Mimic Mod","Minty Spire (QoL Compilation)","MostiFishMod","Remove Card Discount Mod","Replay The Spire","Reworked Bosses","Spicy Shops","StSLib","The Blue Laboratory","Uncapped","[IsaacMod]????","vexMod"],"gold_per_floor":[118,118,132,132,17,17,17,29,65,83,103,128,128,141,141,236,236,248,262,276,276,296,330,330,330,330],"floor_reached":25,"language":"ENG","playtime":2319,"items_purged":[],"score":362,"play_id":"5c102e39-a2bc-41a3-9dad-59376d79cf82","local_time":"20210124151354","is_ascension_mode":true,"campfire_choices":[{"data":"Zap","floor":7.0,"key":"SMITH"},{"data":"Redo","floor":13.0,"key":"SMITH"},{"data":"Consume","floor":15.0,"key":"SMITH"},{"data":"infinitespire:SevenWalls","floor":24,"key":"SMITH"}],"circlet_count":0,"master_deck":["LongBird","Strike_B+1","Strike_B+1","Strike_B+1","Defend_B+1","Defend_B","Zap+1","Dualcast+1","CherryBlossoms","Conserve Battery+1","WallGazer","Glacier+1","Wellcheers","White Noise+1","Hello World+1","MHz","Gash+1","OSAHOGD","Beam Cell+1","Thunder Strike","Force Field+1","ShyLook","Defragment","Melter+1","OldLady","Ball Lightning","infinitespire:SevenWalls+1","Conserve Battery+1","Variant","BasicCrystalCard+1"],"relics":["Cracked Core","HushsDoor","DaveBox","CogitoBucket","RabbitCall","BelialBook","DSteel32","SynthV:TestCard","LetterFromLob","DemoMod:GnawedKey","Gaze_r","MagicBullet_r","Justitia_r","DataDisk","DemoMod:LamentConfigurum","aspiration:RitualDagger","conspire:SpecialSausage","GuppysHead","SatanicBible","Oddly Smooth Stone"],"acts_visited":["Exordium","TheCity"],"potions_floor_usage":[],"damage_taken":[{"damage":1.0,"enemies":"Cultist","floor":1.0,"turns":4.0},{"damage":7.0,"enemies":"Small Slimes","floor":3.0,"turns":3.0},{"damage":26.0,"enemies":"Lagavulin","floor":6.0,"turns":9.0},{"damage":1.0,"enemies":"Jaw Worm","floor":8.0,"turns":5.0},{"damage":60.0,"enemies":"Looter","floor":9.0,"turns":9.0},{"damage":6.0,"enemies":"Looter","floor":10.0,"turns":3.0},{"damage":11.0,"enemies":"Lots of Slimes","floor":11.0,"turns":6.0},{"damage":8.0,"enemies":"Lagavulin","floor":12.0,"turns":7.0},{"damage":49.0,"enemies":"Gremlin Gang","floor":14.0,"turns":11.0},{"damage":37.0,"enemies":"Hexaghost","floor":16.0,"turns":6.0},{"damage":86.0,"enemies":"Spheric Guardian","floor":18.0,"turns":13.0},{"damage":115.0,"enemies":"3 Byrds","floor":19.0,"turns":18.0},{"damage":62.0,"enemies":"Snake Plant","floor":20.0,"turns":6.0},{"damage":50.0,"enemies":"Hiden Room Battle","floor":22.0,"turns":3.0},{"damage":80,"enemies":"Gremlin Leader","floor":23,"turns":6},{"damage":353,"enemies":"Slavers","floor":25,"turns":6}],"seed_played":"-8285569718439731007","potions_obtained":[{"floor":1.0,"key":"blueLaboratory:LouseDecoction"},{"floor":3.0,"key":"ColorlessPotion"},{"floor":11.0,"key":"blueLaboratory:BottledHope"},{"floor":16.0,"key":"Toxic Potion"},{"floor":19.0,"key":"blueLaboratory:FruitPreserves"},{"floor":22.0,"key":"Venom Potion"}],"is_trial":false,"path_per_floor":["M","?","M","?","$","E","R","M","MIM","M","M","E","R","M","R","B",null,"M","M","M","AVR","?","E","R","E"],"character_chosen":"DEFECT","items_purchased":["DemoMod:GnawedKey","Force Field"],"campfire_rested":0,"item_purchase_floors":[5,17],"current_hp_per_floor":[87,97,100,110,120,119,129,138,88,95,94,102,112,73,83,56,206,139,43,95,105,53,300,310,0,0],"gold":330,"neow_bonus":"","is_daily":false,"chose_seed":false,"campfire_upgraded":4,"win_rate":0.0,"timestamp":1611522834,"path_taken":["M","?","M","?","$","E","R","?","MIM","M","M","E","R","M","R","BOSS","M","M","M","AVR","?","E","R","E"],"items_purchased_type":["Relic","Card"],"build_version":"2020-12-22","purchased_purges":0,"victory":false,"max_hp_per_floor":[95,105,115,125,135,145,155,165,175,185,195,205,215,225,235,245,252,262,272,282,292,302,312,322,322,322],"card_choices":[{"not_picked":["Scorched","Laetitia","FairyFestival"],"picked":"Singing Bowl","floor":1.0},{"not_picked":["NakedNest","Freischutz"],"picked":"CherryBlossoms","floor":1.0},{"not_picked":["Gash","Coolheaded"],"picked":"Conserve Battery","floor":1.0},{"not_picked":["MeatLantern","VoidDream"],"picked":"WallGazer","floor":3.0},{"not_picked":["Melter","Undo","Bomb","Pulse"],"picked":"Glacier","floor":3.0},{"not_picked":["LittleHelper","BlackSwan"],"picked":"LongBird","floor":8.0},{"not_picked":["ElectricPowerLearning","Go for the Eyes","ReplaySort","MostiFishMod:GatherIntelligence"],"picked":"Redo","floor":8.0},{"not_picked":["PunishingBird","QueenOfHatred"],"picked":"Wellcheers","floor":9.0},{"not_picked":["MostiFishMod:Impulse","BasicCrystalCard","Aggregate","Distribution"],"picked":"White Noise","floor":9.0},{"not_picked":["ShyLook","SpiderBud","GreedKing"],"picked":"Singing Bowl","floor":10.0},{"not_picked":["Stack","MostiFishMod:GatherIntelligence","FTL","ReplayTheSpireMod:GoodbyeWorld"],"picked":"Hello World","floor":10.0},{"not_picked":["ShyLook","Scorched"],"picked":"MHz","floor":11.0},{"not_picked":["ReplaySort","Redo","Stack","Doom and Gloom"],"picked":"Gash","floor":11.0},{"not_picked":["VoidDream","FairyFestival","Scarecrow"],"picked":"Singing Bowl","floor":12.0},{"not_picked":["CrumblingArmor","HappyTeddy"],"picked":"OSAHOGD","floor":12.0},{"not_picked":["Gash","Steam","Redo","Stack"],"picked":"Beam Cell","floor":12.0},{"not_picked":["FairyFestival","Bloodbath","QueenOfHatred"],"picked":"Singing Bowl","floor":14.0},{"not_picked":["Loop","MostiFishMod:PushDownKick","ReplaySort","Rebound"],"picked":"Consume","floor":14.0},{"not_picked":["Murderer","SpiderBud","PunishingBird"],"picked":"Singing Bowl","floor":16.0},{"not_picked":["MostiFishMod:Exploitation","MostiFishMod:StrandedSiren","MostiFishMod:InterfaceCompatibility","ReplayTheSpireMod:Omega Cannon"],"picked":"Thunder Strike","floor":16.0},{"not_picked":["PunishingBird","BeautyBeast"],"picked":"ShyLook","floor":18.0},{"not_picked":["Fan+1","Ball Lightning","Chill","Leap"],"picked":"Defragment","floor":18.0},{"not_picked":["BigBird","QueenBee","CrumblingArmor"],"picked":"Singing Bowl","floor":19.0},{"not_picked":["Static Discharge+1","Conserve Battery","Coolheaded","Rip and Tear+1"],"picked":"Melter","floor":19.0},{"not_picked":["Funeral","CrumblingArmor","FairyFestival"],"picked":"Singing Bowl","floor":20.0},{"not_picked":["Murderer","GalaxyChild"],"picked":"OldLady","floor":20.0},{"not_picked":["BasicCrystalCard","Steam+1","Reinforced Body+1","Cold Snap+1"],"picked":"Ball Lightning","floor":20.0},{"not_picked":["QueenOfHatred","HeroicMonk","Murderer"],"picked":"Singing Bowl","floor":22.0},{"not_picked":["Turbo","Electrodynamics","Compile Driver","Barrage"],"picked":"Conserve Battery","floor":22.0},{"not_picked":["PunishingBird","Scarecrow","Porccubus"],"picked":"Singing Bowl","floor":23},{"not_picked":["Woodsman","CrumblingArmor"],"picked":"Variant","floor":23},{"not_picked":["MostiFishMod:Culaccino","Compile Driver","Skim","Panic Button"],"picked":"BasicCrystalCard+1","floor":23}],"player_experience":1052618,"relics_obtained":[{"floor":1.0,"key":"SynthV:TestCard"},{"floor":1.0,"key":"LetterFromLob"},{"floor":9.0,"key":"DataDisk"},{"floor":12.0,"key":"DemoMod:LamentConfigurum"},{"floor":22.0,"key":"GuppysHead"},{"floor":22.0,"key":"SatanicBible"},{"floor":23,"key":"Oddly Smooth Stone"}],"event_choices":[{"damage_healed":0.0,"max_hp_gain":0.0,"max_hp_loss":0.0,"gold_gain":0.0,"event_name":"Golden Wing","player_choice":"Ignored","floor":2.0,"gold_loss":0.0,"damage_taken":0.0},{"damage_healed":0.0,"max_hp_gain":0.0,"max_hp_loss":0.0,"gold_gain":0.0,"event_name":"HidenRoomEvent","player_choice":"Fight","floor":22.0,"gold_loss":0.0,"damage_taken":0.0}],"is_beta":false,"boss_relics":[{"not_picked":["Snecko Eye","Runic Dome"],"picked":"aspiration:RitualDagger"},{"not_picked":[]}],"items_purged_floors":[],"is_endless":false,"potions_floor_spawned":[1,3,11,16,19,22],"killed_by":"Slavers","ascension_level":8}}