{"host":"45gjn1i9lq2ky2i9","time":1611452650,"event":{"mods":["2.2 Compatiblity","Act Like it!","Aspiration","BaseMod","Beaked The Cultist","Better Altar","Better Match","Better Note","Better Sensory Stone","Better Skull","Better Third Choice","Better Vampires","Conspire","Downfall","Halation","Hubris","Infinite Spire","Jedi Mod","Lobotomy","LobotomyExtend","Minty Spire (QoL Compilation)","Pale of the Ancients","Permanent Neow","Shop Mod","Spikes Relics","StSLib","The Runesmith","The Wild Card"],"gold_per_floor":[109,126,126,126,176,176,194,212,262,49,49,49,82,3,3,80,80,99,14,14,42,42,42,58,58,81,107,107,107,121,137,137,137,137],"floor_reached":33,"language":"RUS","playtime":1068,"items_purged":["Strike_B"],"score":483,"play_id":"2e3b58a3-0812-4593-b57b-79109e50db48","local_time":"20210124094410","is_ascension_mode":true,"campfire_choices":[{"data":"Blind","floor":6,"key":"SMITH"},{"data":"Ball Lightning","floor":12,"key":"SMITH"},{"floor":15,"key":"REST"},{"data":"jedi:overflow","floor":23,"key":"SMITH"},{"floor":25,"key":"REST"},{"data":"Reboot","floor":28,"key":"SMITH"},{"floor":32,"key":"REST"}],"circlet_count":0,"master_deck":["AscendersBane","Strike_B","Strike_B","Strike_B","Defend_B","Defend_B","Defend_B","Zap","Dualcast","Blind+1","Leap","Conserve Battery","Injury","Melter","Beam Cell","Ball Lightning+1","hubris:Ukulele","Hologram","Loop+1","Echo Form+1","jedi:overflow+1","Undo","Reboot+1","Reinforced Body"],"relics":["Cracked Core","Frozen Egg 2","Bag of Marbles","Lantern","jedi:angrymask","aspiration:FutureDiary","Mercury Hourglass","Red Mask","PreservedInsect","Guardian:PocketSentry","hubris:TinFlute"],"acts_visited":["Exordium","TheCity"],"potions_floor_usage":[16,16,33,33],"damage_taken":[{"damage":0,"enemies":"2 Louse","floor":1,"turns":3},{"damage":0,"enemies":"Cultist","floor":2,"turns":4},{"damage":14,"enemies":"Jaw Worm","floor":7,"turns":4},{"damage":2,"enemies":"conspire:2 RoseBushes","floor":8,"turns":7},{"damage":26,"enemies":"Lagavulin","floor":13,"turns":4},{"damage":28,"enemies":"The Guardian","floor":16,"turns":8},{"damage":1,"enemies":"2 Thieves","floor":18,"turns":3},{"damage":14,"enemies":"Masked Bandits","floor":21,"turns":3},{"damage":15,"enemies":"Spheric Guardian","floor":24,"turns":5},{"damage":4,"enemies":"conspire:Head Lice","floor":27,"turns":6},{"damage":10,"enemies":"Snake Plant","floor":30,"turns":3},{"damage":11,"enemies":"3 Cultists","floor":31,"turns":5},{"damage":50,"enemies":"Collector","floor":33,"turns":10}],"seed_played":"-5201451856207950774","potions_obtained":[{"floor":1,"key":"Strength Potion"},{"floor":2,"key":"bronze:BurnAndBuffPotion"},{"floor":13,"key":"AttackPotion"},{"floor":21,"key":"BlessingOfTheForge"},{"floor":27,"key":"PowerPotion"},{"floor":31,"key":"SkillPotion"}],"is_trial":false,"path_per_floor":["M","M","?","?","?","R","M","M","T","$","?","R","E","$","R","B",null,"M","?","?","?","$","R","M","R","T","E","R","?","M","M","R","B"],"character_chosen":"DEFECT","items_purchased":["Ball Lightning","hubris:Ukulele","Loop+1"],"campfire_rested":3,"item_purchase_floors":[10,10,14],"current_hp_per_floor":[64,64,57,57,57,57,43,41,41,41,41,41,15,15,36,8,55,54,54,54,40,40,40,25,46,46,42,42,42,32,21,42,0,0],"gold":137,"neow_bonus":"RANDOM_COLORLESS","is_daily":false,"chose_seed":false,"campfire_upgraded":4,"win_rate":0.0,"timestamp":1611452650,"path_taken":["M","M","?","?","?","R","?","M","T","$","?","R","E","?","R","BOSS","M","?","?","?","?","R","?","R","T","E","R","?","?","M","R","BOSS"],"items_purchased_type":["Card","Card","Card"],"build_version":"2020-12-22","purchased_purges":1,"victory":false,"max_hp_per_floor":[71,71,71,71,71,71,71,71,71,71,71,71,71,71,71,71,71,71,71,71,71,71,71,71,71,71,71,71,71,71,71,71,71,71],"card_choices":[{"not_picked":["Madness","Mind Blast"],"picked":"Blind","floor":0},{"not_picked":["conspire:SharedLibrary","Barrage"],"picked":"Leap","floor":1},{"not_picked":["conspire:SharedLibrary","Rip and Tear"],"picked":"Conserve Battery","floor":2},{"not_picked":["Gash","Conserve Battery"],"picked":"Melter","floor":7},{"not_picked":["Doom and Gloom","Go for the Eyes"],"picked":"Beam Cell","floor":8},{"not_picked":["Sweeping Beam","Tempest"],"picked":"Hologram","floor":13},{"not_picked":["Multi-Cast","jedi:readyaimfire"],"picked":"Echo Form+1","floor":16},{"not_picked":["DiskWipe+1","Doom and Gloom"],"picked":"jedi:overflow","floor":18},{"not_picked":["Steam","Conserve Battery"],"picked":"Undo","floor":24},{"not_picked":["jedi:sharpshooter+1","Capacitor+1"],"picked":"Reboot","floor":27},{"not_picked":["Hologram","Compile Driver","jedi:blockon"],"picked":"SKIP","floor":30},{"not_picked":["Skim","Rebound"],"picked":"Reinforced Body","floor":31}],"player_experience":544228,"relics_obtained":[{"floor":9,"key":"Bag of Marbles"},{"floor":11,"key":"Lantern"},{"floor":13,"key":"jedi:angrymask"},{"floor":21,"key":"Red Mask"},{"floor":26,"key":"PreservedInsect"},{"floor":27,"key":"Guardian:PocketSentry"}],"event_choices":[{"cards_removed":["Defend_B"],"damage_healed":0,"gold_gain":0,"player_choice":"Card Removal","damage_taken":7,"max_hp_gain":0,"max_hp_loss":0,"event_name":"Golden Wing","floor":3,"gold_loss":0},{"damage_healed":0,"gold_gain":50,"player_choice":"Pray","damage_taken":0,"max_hp_gain":0,"max_hp_loss":0,"event_name":"Golden Shrine","floor":5,"gold_loss":0},{"damage_healed":0,"gold_gain":0,"player_choice":"Obtained Relic","damage_taken":0,"relics_obtained":["Mercury Hourglass"],"max_hp_gain":0,"max_hp_loss":0,"event_name":"Addict","floor":19,"gold_loss":85},{"damage_healed":0,"gold_gain":0,"player_choice":"Fought Bandits","damage_taken":0,"max_hp_gain":0,"max_hp_loss":0,"event_name":"Masked Bandits","floor":21,"gold_loss":0},{"damage_healed":0,"gold_gain":0,"player_choice":"Gave Potion","damage_taken":0,"relics_obtained":["hubris:TinFlute"],"max_hp_gain":0,"max_hp_loss":0,"event_name":"WeMeetAgain","floor":29,"gold_loss":0}],"is_beta":false,"boss_relics":[{"not_picked":["halation:SmartPhone","hubris:BlackHole"],"picked":"aspiration:FutureDiary"}],"items_purged_floors":[10],"is_endless":false,"potions_floor_spawned":[1,2,13,21,27,31],"killed_by":"Collector","ascension_level":17}}