{"host":"g01l53quoe6lrer0","time":1611527578,"event":{"mods":["2.2 Compatiblity","AchievementEnabler","BaseMod","Colored Map","Highlight Path","Keyboard Shortcuts","Minty Spire (QoL Compilation)","Permanent Neow","StSLib","SuperFastMode","everything is the same but u backflip on backflip"],"gold_per_floor":[363,46,62,76,90,90,107,140,167,196,196,251,251,0,0,78,128,138,138,150,21,37,37,64,64,90,110,385,65,65,79,79,154,154,165,165,165,183,201,201,212,212,212],"floor_reached":42,"language":"KOR","playtime":1582,"items_purged":["Strike_G","Strike_G","Strike_G","Regret"],"score":795,"play_id":"a4f645ff-d038-4624-ba94-9e8d5489065b","local_time":"20210125073258","is_ascension_mode":true,"campfire_choices":[{"data":"Bouncing Flask","floor":6.0,"key":"SMITH"},{"data":"Neutralize","floor":11.0,"key":"SMITH"},{"data":"Leg Sweep","floor":13.0,"key":"SMITH"},{"data":"Bouncing Flask","floor":15.0,"key":"SMITH"},{"data":"Venomology","floor":23.0,"key":"SMITH"},{"floor":25.0,"key":"REST"},{"data":"Noxious Fumes","floor":30.0,"key":"SMITH"},{"floor":32.0,"key":"REST"},{"floor":40,"key":"REST"}],"circlet_count":0,"master_deck":["AscendersBane","Defend_G","Defend_G","Defend_G+1","Defend_G","Defend_G","Survivor","Neutralize+1","Slice","Dagger Throw","Bouncing Flask+1","Leg Sweep+1","Choke","Backflip","Bouncing Flask+1","Dash","Night Terror","PiercingWail","Venomology+1","Caltrops","Poisoned Stab+1","Noxious Fumes+1","Underhanded Strike","Acrobatics","Noxious Fumes","Heel Hook","Deadly Poison","Caltrops","Finesse","Reflex","After Image"],"relics":["Ring of the Snake","ClockworkSouvenir","Ancient Tea Set","Vajra","Smiling Mask","TwistedFunnel","Tiny House","Potion Belt","Centennial Puzzle","Happy Flower","Velvet Choker","Boot"],"acts_visited":["Exordium","TheCity","TheBeyond"],"potions_floor_usage":[39,39,39,39,42],"damage_taken":[{"damage":7.0,"enemies":"Jaw Worm","floor":1.0,"turns":6.0},{"damage":3.0,"enemies":"Small Slimes","floor":3.0,"turns":4.0},{"damage":0.0,"enemies":"2 Louse","floor":4.0,"turns":3.0},{"damage":2.0,"enemies":"Red Slaver","floor":5.0,"turns":4.0},{"damage":0.0,"enemies":"3 Louse","floor":7.0,"turns":5.0},{"damage":5.0,"enemies":"3 Sentries","floor":8.0,"turns":11.0},{"damage":0.0,"enemies":"Gremlin Nob","floor":10.0,"turns":3.0},{"damage":11.0,"enemies":"Hexaghost","floor":16.0,"turns":9.0},{"damage":6.0,"enemies":"Shell Parasite","floor":18.0,"turns":6.0},{"damage":0.0,"enemies":"Chosen","floor":20.0,"turns":5.0},{"damage":1.0,"enemies":"Shelled Parasite and Fungi","floor":22.0,"turns":7.0},{"damage":33.0,"enemies":"Book of Stabbing","floor":24.0,"turns":6.0},{"damage":1.0,"enemies":"Snake Plant","floor":27.0,"turns":4.0},{"damage":9.0,"enemies":"Centurion and Healer","floor":31.0,"turns":6.0},{"damage":29.0,"enemies":"Collector","floor":33.0,"turns":7.0},{"damage":19.0,"enemies":"3 Darklings","floor":35.0,"turns":6.0},{"damage":4.0,"enemies":"3 Shapes","floor":38.0,"turns":6.0},{"damage":4,"enemies":"3 Darklings","floor":39,"turns":5},{"damage":5,"enemies":"Maw","floor":41,"turns":6},{"damage":71,"enemies":"Giant Head","floor":42,"turns":8}],"seed_played":"-874550721054244670","potions_obtained":[{"floor":4.0,"key":"Fruit Juice"},{"floor":5.0,"key":"SpeedPotion"},{"floor":7.0,"key":"ColorlessPotion"},{"floor":10.0,"key":"PowerPotion"},{"floor":17.0,"key":"SkillPotion"},{"floor":22.0,"key":"Strength Potion"},{"floor":24.0,"key":"Block Potion"},{"floor":38.0,"key":"PowerPotion"}],"is_trial":false,"path_per_floor":["M","$","M","M","M","R","M","E","T","E","R","?","R","$","R","B",null,"M","?","M","$","M","R","E","R","T","M","?","$","R","M","R","B",null,"M","T","?","M","M","R","M","E"],"character_chosen":"THE_SILENT","items_purchased":["ClockworkSouvenir","Dagger Throw","Bouncing Flask","TwistedFunnel","PiercingWail","Noxious Fumes","Happy Flower","Finesse","Reflex"],"campfire_rested":3,"item_purchase_floors":[2,2,2,14,14,21,29,29,29],"current_hp_per_floor":[52,52,49,49,52,52,52,47,47,47,47,47,47,47,47,36,63,57,57,57,57,56,56,23,44,44,43,43,43,43,34,55,26,59,40,40,40,36,32,53,48,0,0],"gold":212,"neow_bonus":"TWO_FIFTY_GOLD","is_daily":false,"chose_seed":false,"campfire_upgraded":6,"win_rate":0.0,"timestamp":1611527578,"path_taken":["M","$","M","M","M","R","M","E","T","E","R","?","R","$","R","BOSS","M","?","M","$","M","R","E","R","T","M","?","$","R","M","R","BOSS","M","?","?","?","M","R","M","E"],"items_purchased_type":["Relic","Card","Card","Relic","Card","Card","Relic","Card","Card"],"build_version":"2020-12-22","purchased_purges":4,"victory":false,"max_hp_per_floor":[60,60,60,60,65,65,65,65,65,65,65,65,65,65,65,65,70,70,70,70,70,70,70,70,70,70,70,70,70,70,70,70,70,70,70,70,70,70,70,70,70,70,70],"card_choices":[{"not_picked":["PiercingWail","Expertise"],"picked":"Slice","floor":1.0},{"not_picked":["Dodge and Roll","Deflect"],"picked":"Leg Sweep","floor":3.0},{"not_picked":["Dagger Spray","PiercingWail"],"picked":"Choke","floor":4.0},{"not_picked":["Envenom","Outmaneuver"],"picked":"Backflip","floor":5.0},{"not_picked":["Acrobatics","Cloak And Dagger"],"picked":"Bouncing Flask","floor":7.0},{"not_picked":["Infinite Blades","Distraction"],"picked":"Dash","floor":8.0},{"not_picked":["Infinite Blades","Outmaneuver"],"picked":"Night Terror","floor":10.0},{"not_picked":["Storm of Steel","Night Terror"],"picked":"Venomology","floor":16.0},{"not_picked":["Cloak And Dagger","Dagger Spray"],"picked":"Caltrops","floor":17.0},{"not_picked":["Quick Slash","PiercingWail"],"picked":"Poisoned Stab+1","floor":18.0},{"not_picked":["Expertise","Distraction"],"picked":"Acrobatics","floor":20.0},{"not_picked":["Underhanded Strike","Acrobatics"],"picked":"Heel Hook","floor":22.0},{"not_picked":["Dash","Tactician"],"picked":"Deadly Poison","floor":24.0},{"not_picked":["Quick Slash","Bane"],"picked":"Caltrops","floor":27.0},{"not_picked":["Backstab","Backflip","Flying Knee"],"picked":"SKIP","floor":31.0},{"not_picked":["Storm of Steel","Venomology"],"picked":"After Image","floor":33.0},{"not_picked":["Outmaneuver","Acrobatics","Prepared"],"picked":"SKIP","floor":35.0},{"not_picked":["Blade Dance+1","Endless Agony","Underhanded Strike"],"picked":"SKIP","floor":38.0},{"not_picked":["Sucker Punch","Poisoned Stab","Outmaneuver"],"picked":"SKIP","floor":39},{"not_picked":["Backstab","Predator","Underhanded Strike+1"],"picked":"SKIP","floor":41}],"player_experience":291136,"relics_obtained":[{"floor":8.0,"key":"Ancient Tea Set"},{"floor":9.0,"key":"Vajra"},{"floor":10.0,"key":"Smiling Mask"},{"floor":24.0,"key":"Potion Belt"},{"floor":26.0,"key":"Centennial Puzzle"},{"floor":36.0,"key":"Boot"}],"event_choices":[{"damage_healed":0.0,"max_hp_gain":0.0,"max_hp_loss":0.0,"gold_gain":55.0,"event_name":"Golden Wing","player_choice":"Gained Gold","floor":12.0,"gold_loss":0.0,"damage_taken":0.0},{"damage_healed":0.0,"max_hp_gain":0.0,"max_hp_loss":0.0,"gold_gain":0.0,"cards_transformed":["Strike_G","Strike_G"],"event_name":"Drug Dealer","player_choice":"Became Test Subject","floor":19.0,"gold_loss":0.0,"damage_taken":0.0,"cards_obtained":["Noxious Fumes","Underhanded Strike"]},{"damage_healed":0.0,"max_hp_gain":0.0,"max_hp_loss":0.0,"gold_gain":275.0,"event_name":"Golden Shrine","player_choice":"Desecrate","floor":28.0,"gold_loss":0.0,"damage_taken":0.0,"cards_obtained":["Regret"]},{"damage_healed":0.0,"max_hp_gain":0.0,"max_hp_loss":0.0,"gold_gain":0.0,"event_name":"Mysterious Sphere","player_choice":"Ignored","floor":37.0,"gold_loss":0.0,"damage_taken":0.0}],"is_beta":false,"boss_relics":[{"not_picked":["SlaversCollar","Black Star"],"picked":"Tiny House"},{"not_picked":["HoveringKite","Runic Dome"],"picked":"Velvet Choker"}],"items_purged_floors":[2,14,21,29],"is_endless":false,"potions_floor_spawned":[4,5,7,10,22,24,38],"killed_by":"Giant Head","ascension_level":14}}