{"host":"oigynbtg272c19pw","time":1611523959,"event":{"mods":["BaseMod","Colored Map","Minty Spire (QoL Compilation)","Relic Stats","Slay the Relics Exporter","StSLib"],"gold_per_floor":[116,116,21,21,37,37,68,68,368,368,368,395,395,421,421,500,500,514,70,90,90,90,90,90],"floor_reached":23,"playtime":601,"items_purged":["Strike_G"],"score":456,"play_id":"df869667-54e2-40d3-b557-9eb14fc893d2","local_time":"20210124223239","is_ascension_mode":true,"campfire_choices":[{"data":"Deadly Poison","floor":6.0,"key":"SMITH"},{"data":"A Thousand Cuts","floor":8.0,"key":"SMITH"},{"data":"Panacea","floor":10.0,"key":"SMITH"},{"data":"Bouncing Flask","floor":13.0,"key":"SMITH"},{"floor":15.0,"key":"REST"}],"circlet_count":0,"master_deck":["AscendersBane","Strike_G+1","Defend_G","Defend_G","Defend_G+1","Defend_G","Defend_G","Survivor","Neutralize","Panacea+1","Deadly Poison+1","A Thousand Cuts+1","Footwork","Bouncing Flask+1","Predator","Burst","Acrobatics","Noxious Fumes","Crippling Poison","Deadly Poison","Bouncing Flask","Decay","Phantasmal Killer","Glass Knife"],"relics":["Ring of the Snake","NeowsBlessing","Pen Nib","WingedGreaves","Old Coin","Bag of Preparation","Nunchaku","Runic Dome","MealTicket"],"acts_visited":["Exordium","TheCity"],"potions_floor_usage":[],"damage_taken":[{"damage":0.0,"enemies":"Jaw Worm","floor":1.0,"turns":1.0},{"damage":0.0,"enemies":"Cultist","floor":5.0,"turns":1.0},{"damage":0.0,"enemies":"Gremlin Nob","floor":7.0,"turns":1.0},{"damage":1.0,"enemies":"Lagavulin","floor":12.0,"turns":7.0},{"damage":26.0,"enemies":"Gremlin Nob","floor":14.0,"turns":4.0},{"damage":30.0,"enemies":"Hexaghost","floor":16.0,"turns":9.0},{"damage":0.0,"enemies":"Spheric Guardian","floor":18.0,"turns":2.0},{"damage":30,"enemies":"3 Byrds","floor":20,"turns":5},{"damage":18,"enemies":"Book of Stabbing","floor":23,"turns":3}],"seed_played":"-6791460772448004026","potions_obtained":[{"floor":5.0,"key":"ColorlessPotion"},{"floor":12.0,"key":"FairyPotion"}],"is_trial":false,"path_per_floor":["M","?","$","?","M","R","E","R","T","R","?","E","R","E","R","B",null,"M","$","M","?","?","E"],"character_chosen":"THE_SILENT","items_purchased":["Panacea","Noxious Fumes","Crippling Poison","MealTicket","Deadly Poison"],"campfire_rested":1,"item_purchase_floors":[3,19,19,19,19],"current_hp_per_floor":[59,59,59,39,39,39,39,39,39,39,39,38,38,12,31,1,50,50,50,20,20,20,2,2],"gold":90,"neow_bonus":"THREE_ENEMY_KILL","is_daily":false,"chose_seed":false,"campfire_upgraded":4,"win_rate":0.0,"timestamp":1611523959,"path_taken":["M","?","?","?","M","R","E","R","T","R","?","E","R","E","R","BOSS","M","$","M","?","?","E"],"items_purchased_type":["Card","Card","Card","Relic","Card"],"build_version":"2020-12-13","purchased_purges":1,"victory":false,"max_hp_per_floor":[66,66,66,66,66,66,66,66,66,66,66,66,66,66,66,66,66,66,66,66,66,66,66,66],"relic_stats":{"Nunchaku":[1],"counters":[9,33],"MealTicket":0,"Pen Nib":[2],"Bag of Preparation":[10],"obtain_stats":[{"Runic Dome":17,"Nunchaku":14,"NeowsBlessing":0,"MealTicket":19,"Pen Nib":2,"WingedGreaves":7,"Bag of Preparation":12,"Ring of the Snake":0,"Old Coin":9},{"Runic Dome":6,"Nunchaku":5,"NeowsBlessing":0,"MealTicket":7,"Pen Nib":1,"WingedGreaves":3,"Bag of Preparation":4,"Ring of the Snake":0,"Old Coin":3},{"Runic Dome":23,"Nunchaku":14,"NeowsBlessing":0,"MealTicket":25,"Pen Nib":1,"WingedGreaves":3,"Bag of Preparation":10,"Ring of the Snake":0,"Old Coin":3}],"Ring of the Snake":[18]},"card_choices":[{"not_picked":["Acrobatics","Bane"],"picked":"Blade Dance","floor":1.0},{"not_picked":["Flechettes","Distraction"],"picked":"Deadly Poison","floor":5.0},{"not_picked":["Choke","Accuracy"],"picked":"A Thousand Cuts","floor":7.0},{"not_picked":["Well Laid Plans","Blur"],"picked":"Bouncing Flask","floor":12.0},{"not_picked":["Footwork","A Thousand Cuts"],"picked":"Predator","floor":14.0},{"not_picked":["Night Terror","Tools of the Trade"],"picked":"Burst","floor":16.0},{"not_picked":["Heel Hook","Bane"],"picked":"Acrobatics","floor":18.0},{"not_picked":["Heel Hook","Dodge and Roll"],"picked":"Bouncing Flask","floor":20}],"player_experience":1485769,"relics_obtained":[{"floor":7.0,"key":"WingedGreaves"},{"floor":9.0,"key":"Old Coin"},{"floor":12.0,"key":"Bag of Preparation"},{"floor":14.0,"key":"Nunchaku"}],"event_choices":[{"cards_removed":["Blade Dance"],"damage_healed":0.0,"max_hp_gain":0.0,"max_hp_loss":0.0,"gold_gain":0.0,"event_name":"WeMeetAgain","player_choice":"Gave Card","floor":2.0,"gold_loss":0.0,"damage_taken":0.0,"relics_obtained":["Pen Nib"]},{"damage_healed":0.0,"max_hp_gain":0.0,"max_hp_loss":0.0,"gold_gain":0.0,"event_name":"Shining Light","player_choice":"Entered Light","floor":4.0,"gold_loss":0.0,"damage_taken":20.0,"cards_upgraded":["Defend_G","Strike_G"]},{"damage_healed":0.0,"max_hp_gain":0.0,"max_hp_loss":0.0,"gold_gain":0.0,"cards_transformed":["Strike_G"],"event_name":"Living Wall","player_choice":"Change","floor":11.0,"gold_loss":0.0,"damage_taken":0.0,"cards_obtained":["Footwork"]},{"damage_healed":0,"gold_gain":0,"player_choice":"Smashed Altar","damage_taken":0,"max_hp_gain":0,"max_hp_loss":0,"event_name":"Forgotten Altar","floor":21,"gold_loss":0,"cards_obtained":["Decay"]},{"damage_healed":0,"gold_gain":0,"cards_transformed":["Strike_G","Strike_G"],"player_choice":"Became Test Subject","damage_taken":0,"max_hp_gain":0,"max_hp_loss":0,"event_name":"Drug Dealer","floor":22,"gold_loss":0,"cards_obtained":["Phantasmal Killer","Glass Knife"]}],"is_beta":false,"boss_relics":[{"not_picked":["Ring of the Serpent","Philosopher\u0027s Stone"],"picked":"Runic Dome"}],"items_purged_floors":[19],"is_endless":false,"potions_floor_spawned":[5,12],"killed_by":"Book of Stabbing","ascension_level":20}}