{"host":"z2o61o1qvcmvhuul","time":1611482001,"event":{"mods":["BaseMod","Minty Spire (QoL Compilation)","Quick Restart","StSLib","SuperFastMode"],"gold_per_floor":[116,136,136,150,14,14,26,26,26,37,57,57,57,83,83,154,154,166,193,66,79,79,104,104,134,214,214,214,214,214,225,225,304,304,320,220,220,95,108,108,108,137,186,186,197,222,239,253,253,253,253,253,253,63,95,95,95],"floor_reached":56,"language":"ZHS","playtime":1400,"items_purged":["Defend_G","Defend_G","Strike_G","Strike_G"],"score":2086,"play_id":"978d9fed-255c-4efa-a746-b8ee42d9693a","local_time":"20210124175321","is_ascension_mode":true,"campfire_choices":[{"data":"Phantasmal Killer","floor":6.0,"key":"SMITH"},{"data":"Blade Dance","floor":8.0,"key":"SMITH"},{"data":"Terror","floor":13.0,"key":"SMITH"},{"data":"Neutralize","floor":15.0,"key":"SMITH"},{"data":"Acrobatics","floor":24.0,"key":"SMITH"},{"data":"Acrobatics","floor":28.0,"key":"SMITH"},{"data":"Tactician","floor":30.0,"key":"SMITH"},{"data":"Calculated Gamble","floor":32.0,"key":"SMITH"},{"data":"Blade Dance","floor":40.0,"key":"SMITH"},{"data":"Malaise","floor":44.0,"key":"SMITH"},{"floor":49.0,"key":"RECALL"},{"floor":53,"key":"DIG"}],"circlet_count":0,"master_deck":["AscendersBane","Strike_G","Defend_G","Defend_G","Defend_G","Survivor","Neutralize+1","Tactician+1","Phantasmal Killer+1","Blade Dance+1","Terror+1","Reflex+1","Adrenaline","Adrenaline","Calculated Gamble+1","Acrobatics+1","Blade Dance+1","Acrobatics+1","Malaise+1","Accuracy","Well Laid Plans"],"relics":["Ring of the Snake","NeowsBlessing","StrikeDummy","Ornamental Fan","Shuriken","HoveringKite","Red Mask","Dream Catcher","Regal Pillow","White Beast Statue","SlaversCollar","Bronze Scales","Shovel","HornCleat","Orichalcum"],"acts_visited":["Exordium","TheCity","TheBeyond","TheEnding"],"potions_floor_usage":[51,51,56],"damage_taken":[{"damage":0.0,"enemies":"Cultist","floor":1.0,"turns":1.0},{"damage":0.0,"enemies":"2 Louse","floor":2.0,"turns":1.0},{"damage":0.0,"enemies":"Jaw Worm","floor":4.0,"turns":1.0},{"damage":4.0,"enemies":"Blue Slaver","floor":7.0,"turns":4.0},{"damage":7.0,"enemies":"2 Fungi Beasts","floor":10.0,"turns":3.0},{"damage":10.0,"enemies":"Exordium Thugs","floor":11.0,"turns":2.0},{"damage":7.0,"enemies":"Gremlin Nob","floor":14.0,"turns":3.0},{"damage":28.0,"enemies":"Slime Boss","floor":16.0,"turns":8.0},{"damage":4.0,"enemies":"2 Thieves","floor":18.0,"turns":3.0},{"damage":14.0,"enemies":"Masked Bandits","floor":19.0,"turns":4.0},{"damage":0.0,"enemies":"Chosen","floor":21.0,"turns":2.0},{"damage":2.0,"enemies":"Slavers","floor":23.0,"turns":2.0},{"damage":0.0,"enemies":"Book of Stabbing","floor":25.0,"turns":2.0},{"damage":0.0,"enemies":"Centurion and Healer","floor":31.0,"turns":2.0},{"damage":13.0,"enemies":"Champ","floor":33.0,"turns":6.0},{"damage":0.0,"enemies":"Orb Walker","floor":35.0,"turns":2.0},{"damage":1.0,"enemies":"3 Shapes","floor":39.0,"turns":3.0},{"damage":0.0,"enemies":"Giant Head","floor":42.0,"turns":3.0},{"damage":0.0,"enemies":"Jaw Worm Horde","floor":45.0,"turns":2.0},{"damage":0.0,"enemies":"Nemesis","floor":46.0,"turns":1.0},{"damage":0.0,"enemies":"Transient","floor":47.0,"turns":3.0},{"damage":11.0,"enemies":"Sphere and 2 Shapes","floor":48.0,"turns":2.0},{"damage":8.0,"enemies":"Donu and Deca","floor":50.0,"turns":3.0},{"damage":20,"enemies":"Time Eater","floor":51,"turns":4},{"damage":0,"enemies":"Shield and Spear","floor":55,"turns":2},{"damage":71,"enemies":"The Heart","floor":56,"turns":3}],"seed_played":"-4763158557453293633","potions_obtained":[{"floor":7.0,"key":"CunningPotion"},{"floor":10.0,"key":"Fire Potion"},{"floor":18.0,"key":"EssenceOfSteel"},{"floor":21.0,"key":"Strength Potion"},{"floor":31.0,"key":"Poison Potion"},{"floor":33.0,"key":"ColorlessPotion"},{"floor":35.0,"key":"SteroidPotion"},{"floor":42.0,"key":"Dexterity Potion"},{"floor":46.0,"key":"SteroidPotion"},{"floor":55,"key":"Strength Potion"}],"is_trial":false,"path_per_floor":["M","M","?","M","$","R","M","R","T","M","M","T","R","E","R","B",null,"M","?","$","M","?","E","R","E","T","?","R","?","R","M","R","B",null,"M","$","?","$","M","R","$","E","T","R","M","E","M","M","R","B","B",null,"R","$","E","B"],"character_chosen":"THE_SILENT","items_purchased":["Blade Dance","Terror","Blade Dance","Accuracy"],"campfire_rested":0,"item_purchase_floors":[5,5,20,54],"current_hp_per_floor":[59,59,59,59,59,59,55,55,55,48,38,38,38,31,31,3,50,46,32,32,32,32,30,30,30,30,30,30,30,30,30,30,17,54,54,54,54,54,53,53,53,53,53,53,53,53,53,42,42,34,14,53,53,53,53,0,0],"gold":95,"neow_bonus":"THREE_ENEMY_KILL","is_daily":false,"chose_seed":false,"campfire_upgraded":10,"win_rate":0.0,"timestamp":1611482001,"path_taken":["M","M","?","M","$","R","M","R","T","?","M","?","R","E","R","BOSS","M","?","$","M","?","E","R","E","T","?","R","?","R","?","R","BOSS","M","$","?","$","M","R","$","E","T","R","M","E","?","M","R","BOSS","BOSS","R","$","E","BOSS"],"items_purchased_type":["Card","Card","Card","Card"],"build_version":"2020-12-22","purchased_purges":4,"victory":false,"max_hp_per_floor":[66,66,66,66,66,66,66,66,66,66,66,66,66,66,66,66,66,66,66,66,66,66,66,66,66,66,66,66,66,66,66,66,66,66,66,66,66,66,66,66,66,66,66,66,66,66,66,66,66,66,66,66,66,66,66,66,66],"card_choices":[{"not_picked":["Quick Slash","Slice","Deadly Poison"],"picked":"SKIP","floor":1.0},{"not_picked":["Underhanded Strike","Masterful Stab"],"picked":"Tactician","floor":2.0},{"not_picked":["Caltrops","Deflect","Sucker Punch"],"picked":"SKIP","floor":4.0},{"not_picked":["Caltrops","Slice"],"picked":"Reflex","floor":7.0},{"not_picked":["Quick Slash","Footwork","Dagger Throw"],"picked":"SKIP","floor":10.0},{"not_picked":["Flechettes","Underhanded Strike","Bullet Time"],"picked":"SKIP","floor":11.0},{"not_picked":["Backstab","Flying Knee"],"picked":"Adrenaline","floor":14.0},{"not_picked":["Tools of the Trade","A Thousand Cuts"],"picked":"Adrenaline","floor":16.0},{"not_picked":["Bouncing Flask","Riddle With Holes"],"picked":"Calculated Gamble","floor":18.0},{"not_picked":["Backflip","Blur"],"picked":"Acrobatics","floor":19.0},{"not_picked":["Underhanded Strike","Flechettes+1"],"picked":"Acrobatics","floor":21.0},{"not_picked":["Sucker Punch+1","Crippling Poison","Riddle With Holes"],"picked":"SKIP","floor":23.0},{"not_picked":["Deflect","Flying Knee"],"picked":"Malaise","floor":25.0},{"not_picked":["Bane+1","Dodge and Roll","Underhanded Strike"],"picked":"SKIP","floor":31.0},{"not_picked":["Prepared","All Out Attack","Skewer+1"],"picked":"SKIP","floor":35.0},{"not_picked":["Tactician","Blade Dance","Slice+1"],"picked":"SKIP","floor":39.0},{"not_picked":["Bane","Dagger Spray","Outmaneuver"],"picked":"SKIP","floor":42.0},{"not_picked":["Finisher","Quick Slash","Dash"],"picked":"SKIP","floor":45.0},{"not_picked":["Underhanded Strike","Dodge and Roll","Poisoned Stab+1"],"picked":"SKIP","floor":46.0},{"not_picked":["Slice+1","Deadly Poison","Underhanded Strike"],"picked":"SKIP","floor":47.0},{"not_picked":["Dodge and Roll+1","Sucker Punch","Underhanded Strike+1"],"picked":"SKIP","floor":48.0},{"not_picked":["Sucker Punch+1","Backflip"],"picked":"Well Laid Plans","floor":55}],"player_experience":308635,"relics_obtained":[{"floor":9.0,"key":"StrikeDummy"},{"floor":12.0,"key":"Ornamental Fan"},{"floor":14.0,"key":"Shuriken"},{"floor":19.0,"key":"Red Mask"},{"floor":23.0,"key":"Dream Catcher"},{"floor":25.0,"key":"Regal Pillow"},{"floor":26.0,"key":"White Beast Statue"},{"floor":42.0,"key":"Bronze Scales"},{"floor":46.0,"key":"Shovel"},{"floor":53,"key":"HornCleat"},{"floor":55,"key":"Orichalcum"}],"event_choices":[{"damage_healed":0.0,"max_hp_gain":0.0,"max_hp_loss":0.0,"gold_gain":0.0,"cards_transformed":["Strike_G"],"event_name":"Transmorgrifier","player_choice":"Transformed","floor":3.0,"gold_loss":0.0,"damage_taken":0.0,"cards_obtained":["Phantasmal Killer"]},{"damage_healed":0.0,"max_hp_gain":0.0,"max_hp_loss":0.0,"gold_gain":0.0,"event_name":"Masked Bandits","player_choice":"Fought Bandits","floor":19.0,"gold_loss":0.0,"damage_taken":0.0},{"cards_removed":["Strike_G"],"damage_healed":0.0,"max_hp_gain":0.0,"max_hp_loss":0.0,"gold_gain":0.0,"event_name":"Back to Basics","player_choice":"Elegance","floor":22.0,"gold_loss":0.0,"damage_taken":0.0},{"damage_healed":0.0,"max_hp_gain":0.0,"max_hp_loss":0.0,"gold_gain":0.0,"event_name":"Vampires","player_choice":"Ignored","floor":27.0,"gold_loss":0.0,"damage_taken":0.0},{"damage_healed":0.0,"max_hp_gain":0.0,"max_hp_loss":0.0,"gold_gain":0.0,"event_name":"Upgrade Shrine","player_choice":"Upgraded","floor":29.0,"gold_loss":0.0,"damage_taken":0.0,"cards_upgraded":["Reflex"]},{"damage_healed":0.0,"max_hp_gain":0.0,"max_hp_loss":0.0,"gold_gain":0.0,"event_name":"Lab","player_choice":"Got Potions","floor":37.0,"gold_loss":0.0,"damage_taken":0.0}],"is_beta":false,"boss_relics":[{"not_picked":["Snecko Eye","Black Star"],"picked":"HoveringKite"},{"not_picked":["Runic Dome","Calling Bell"],"picked":"SlaversCollar"}],"items_purged_floors":[20,36,38,54],"is_endless":false,"potions_floor_spawned":[7,10,18,21,31,33,35,39,42,45,46,47,48,55],"killed_by":"The Heart","ascension_level":20}}