{"host":"3q8x5nua6nulvkr6","time":1611447950,"event":{"mods":["Aspiration","BaseMod","Better Note","BetterRewards","Colored Map","Colored Powertips","Conspire","GifTheSpireLib","Hubris","Infinite Spire","Minty Spire (QoL Compilation)","Rare Cards Sparkle","Replay The Spire","StSLib","Stuff the Spire","Wandering Minibosses"],"gold_per_floor":[116,116,131,149,74,101,121,121,190,220,120,120,71,81,81,176,176,190,190,39,39,52,52,52,84,84,84,98,98,98,25,25,132,132,158,158,158,158,179,179,204,204,204,204,141,180,211,260,260,260],"floor_reached":51,"language":"ENG","playtime":2476,"items_purged":["Streamline","StuffTheSpire:Rend","Coolheaded","Rip and Tear+1"],"score":1149,"play_id":"2aa3f06d-5f89-483e-bafe-4d98ca51b8f6","local_time":"20210123192550","daily_mods":["SealedDeck"],"is_ascension_mode":true,"campfire_choices":[{"floor":8,"key":"REST"},{"floor":12,"key":"REST"},{"data":"Hologram","floor":15,"key":"SMITH"},{"floor":23,"key":"REST"},{"floor":29,"key":"REST"},{"floor":32,"key":"REST"},{"data":"Beam Cell","floor":40,"key":"SMITH"},{"floor":42,"key":"REST"},{"floor":44,"key":"REST"},{"floor":49,"key":"REST"}],"circlet_count":0,"master_deck":["Sweeping Beam+1","Hologram+1","Hologram+1","Genetic Algorithm+1","Beam Cell+1","Gash+1","Gash+1","Replay:Fractal Strike+1","StuffTheSpire:DeathNote+1","StuffTheSpire:Rend+1","Gash+1"],"relics":["Cracked Core","infinitespire:Golems Mask","Gremlin Food","hubris:MysteriousPyramids","infinitespire:CheckeredPen","Prayer Wheel","wanderingMiniBosses:ThiefScarf","Membership Card","Mango","infinitespire:Beetle Shell","ClockworkSouvenir","infinitespire:EvilPickle","conspire:SpecialSausage","Centennial Puzzle","aspiration:Lifesprig","Prayer Wheel"],"acts_visited":["Exordium","TheCity","TheBeyond"],"potions_floor_usage":[16,18,47],"damage_taken":[{"damage":4.0,"enemies":"2 Louse","floor":1.0,"turns":2.0},{"damage":0.0,"enemies":"Small Slimes","floor":3.0,"turns":2.0},{"damage":13.0,"enemies":"Lagavulin","floor":6.0,"turns":4.0},{"damage":0.0,"enemies":"Cultist","floor":7.0,"turns":2.0},{"damage":11,"enemies":"Replay:BlueRogue","floor":10,"turns":3},{"damage":2,"enemies":"2 Fungi Beasts","floor":14,"turns":2},{"damage":13,"enemies":"The Guardian","floor":16,"turns":4},{"damage":31,"enemies":"conspire:FuzzyDice","floor":18,"turns":5},{"damage":0,"enemies":"Spheric Guardian","floor":22,"turns":3},{"damage":12,"enemies":"Gremlin Leader","floor":25,"turns":3},{"damage":0,"enemies":"Cultist and Chosen","floor":28,"turns":3},{"damage":0,"enemies":"Pondfish","floor":33,"turns":5},{"damage":0,"enemies":"3 Darklings","floor":35,"turns":2},{"damage":0,"enemies":"Orb Walker","floor":39,"turns":2},{"damage":17,"enemies":"R_Hoarder","floor":46,"turns":5},{"damage":0,"enemies":"Writhing Mass","floor":47,"turns":2},{"damage":44,"enemies":"Nightmare","floor":48,"turns":5},{"damage":14,"enemies":"Awakened One","floor":50,"turns":4}],"seed_played":"-9103370701442340610","potions_obtained":[{"floor":3.0,"key":"Weak Potion"},{"floor":6.0,"key":"Block Potion"},{"floor":14,"key":"SpeedPotion"},{"floor":18,"key":"Adrenaline Potion"},{"floor":25,"key":"Explosive Potion"}],"is_trial":true,"path_per_floor":["M","?","M","?","$","E","M","R","T","E","$","R","$","M","R","B",null,"M","?","$","?","M","R","?","E","T","AVR","M","R","?","$","R","B",null,"M","?","?","?","M","R","T","R","T","R","$","E","M","NM","R","B",null],"character_chosen":"DEFECT","items_purchased":["Adrenaline Potion","Membership Card","ClockworkSouvenir"],"campfire_rested":8,"item_purchase_floors":[13,20,31],"current_hp_per_floor":[71,71,71,41,41,28,28,50,50,39,39,61,61,59,59,46,75,44,44,44,44,44,66,66,68,68,68,68,89,69,69,89,89,89,89,89,89,89,89,89,89,89,89,89,89,74,74,30,57,43],"gold":260,"neow_bonus":"","is_daily":false,"chose_seed":false,"campfire_upgraded":2,"win_rate":0.0,"timestamp":1611447950,"path_taken":["M","?","M","?","$","E","M","R","T","E","$","R","$","M","R","BOSS","M","?","$","?","?","R","?","E","T","AVR","M","R","?","?","R","BOSS","M","?","?","?","?","R","?","R","T","R","$","E","M","NM","R","BOSS"],"items_purchased_type":["Potion","Relic","Relic"],"build_version":"2020-12-22","purchased_purges":4,"victory":true,"max_hp_per_floor":[75,75,75,75,75,75,75,75,75,75,75,75,75,75,75,75,75,75,75,75,75,75,75,75,89,89,89,89,89,89,89,89,89,89,89,89,89,89,89,89,89,89,89,89,89,91,91,91,91,91],"card_choices":[{"not_picked":["Compile Driver","Leap","Sweeping Beam"],"picked":"SKIP","floor":1.0},{"not_picked":["Compile Driver","Leap","Sweeping Beam"],"picked":"SKIP","floor":1.0},{"not_picked":["Static Discharge","Sunder","Redo"],"picked":"SKIP","floor":3.0},{"not_picked":["ReplaySolidLightProjector","StuffTheSpire:ShieldGenerator"],"picked":"Rip and Tear","floor":4.0},{"not_picked":["Streamline","ReplayTheSpireMod:Calculation Training","Turbo"],"picked":"SKIP","floor":6.0},{"not_picked":["Leap","Compile Driver","StuffTheSpire:LoadUp"],"picked":"SKIP","floor":7},{"not_picked":["Capacitor","Loop","Aggregate"],"picked":"SKIP","floor":10},{"not_picked":["StuffTheSpire:ShieldGenerator","Cold Snap","FTL"],"picked":"SKIP","floor":14},{"not_picked":["Reboot","Thunder Strike"],"picked":"ReplayTheSpireMod:Fabricate Wheel","floor":16},{"not_picked":["StuffTheSpire:Plugnplay","Darkness","Sweeping Beam+1"],"picked":"SKIP","floor":18},{"not_picked":["conspire:SharedLibrary","BootSequence+1","Sweeping Beam"],"picked":"SKIP","floor":18},{"not_picked":["Go for the Eyes+1","BasicCrystalCard+1"],"picked":"Gash+1","floor":22},{"not_picked":["Heatsinks+1","ReplaySort","Barrage"],"picked":"SKIP","floor":22},{"not_picked":["Redo","Rebound+1","Cold Snap"],"picked":"SKIP","floor":25},{"not_picked":["Compile Driver+1","Hologram+1","Glacier"],"picked":"SKIP","floor":28},{"not_picked":["Coolheaded+1","Beam Cell","Sweeping Beam"],"picked":"SKIP","floor":28},{"not_picked":["Compile Driver+1","Hologram+1","Glacier"],"picked":"SKIP","floor":28},{"not_picked":["Coolheaded+1","Beam Cell","Sweeping Beam"],"picked":"SKIP","floor":28},{"not_picked":["Aggregate+1","ReplayTheSpireMod:Reroute Power+1","BasicCrystalCard+1"],"picked":"SKIP","floor":35},{"not_picked":["StuffTheSpire:Rend","Hologram","Cold Snap"],"picked":"SKIP","floor":35},{"not_picked":["Hologram","Sweeping Beam+1"],"picked":"StuffTheSpire:Rend+1","floor":39},{"not_picked":["Blizzard+1","Rebound+1","Cold Snap"],"picked":"SKIP","floor":39},{"not_picked":["Force Field","Lockon","Double Energy"],"picked":"SKIP","floor":46},{"not_picked":["StuffTheSpire:Rend","Conserve Battery","Tempest"],"picked":"SKIP","floor":47},{"not_picked":["Go for the Eyes","Rebound+1","StuffTheSpire:CleanHardDrive"],"picked":"SKIP","floor":47},{"not_picked":["Panic Button+1","Amplify"],"picked":"Gash+1","floor":48}],"player_experience":1058247,"relics_obtained":[{"floor":4.0,"key":"infinitespire:Golems Mask"},{"floor":6.0,"key":"Gremlin Food"},{"floor":9,"key":"hubris:MysteriousPyramids"},{"floor":10,"key":"infinitespire:CheckeredPen"},{"floor":18,"key":"wanderingMiniBosses:ThiefScarf"},{"floor":25,"key":"Mango"},{"floor":26,"key":"infinitespire:Beetle Shell"},{"floor":41,"key":"Centennial Puzzle"},{"floor":46,"key":"aspiration:Lifesprig"},{"floor":48,"key":"Prayer Wheel"}],"event_choices":[{"damage_healed":0.0,"max_hp_gain":0.0,"max_hp_loss":0.0,"gold_gain":0.0,"event_name":"Liars Game","player_choice":"Ignored","floor":2.0,"gold_loss":0.0,"damage_taken":0.0},{"cards_removed":["Genetic Algorithm"],"damage_healed":0,"gold_gain":0,"player_choice":"Give","damage_taken":0,"max_hp_gain":0,"max_hp_loss":0,"event_name":"betterNote:BetterNote","floor":19,"gold_loss":0,"cards_obtained":["Cloak And Dagger"]},{"damage_healed":0,"gold_gain":0,"player_choice":"Forge","damage_taken":0,"max_hp_gain":0,"max_hp_loss":0,"event_name":"Accursed Blacksmith","floor":21,"gold_loss":0,"cards_upgraded":["Hologram"]},{"cards_removed":["Rebound"],"damage_healed":0,"gold_gain":0,"player_choice":"Elegance","damage_taken":0,"max_hp_gain":0,"max_hp_loss":0,"event_name":"Back to Basics","floor":24,"gold_loss":0},{"damage_healed":0,"gold_gain":0,"player_choice":"Leave","damage_taken":0,"max_hp_gain":0,"max_hp_loss":0,"event_name":"conspire:Investor","floor":36,"gold_loss":0},{"damage_healed":0,"gold_gain":0,"player_choice":"Memory 1","damage_taken":0,"max_hp_gain":0,"max_hp_loss":0,"event_name":"SensoryStone","floor":37,"gold_loss":0},{"damage_healed":0,"gold_gain":0,"player_choice":"Upgraded","damage_taken":0,"max_hp_gain":0,"max_hp_loss":0,"event_name":"Upgrade Shrine","floor":38,"gold_loss":0,"cards_upgraded":["Replay:Fractal Strike"]}],"is_beta":false,"boss_relics":[{"not_picked":["Replay:Drink Me","Replay:Ancient Bell","Painkiller Herb"]},{"not_picked":["aspiration:SilentSkillbook","SacredBark"],"picked":"conspire:SpecialSausage"}],"items_purged_floors":[5,11,27,45],"is_endless":false,"potions_floor_spawned":[3,6,14,18,25,35,46,47],"ascension_level":1}}