{"host":"ecuvtzmejf7hhjpv","time":1611524472,"event":{"mods":["AchievementEnabler","Act Like it!","Aspiration","BaseMod","Better Altar","Better Match","Better Note","Better Sensory Stone","Better Skull","Better Third Choice","BetterRewards","Conspire","Custom Start","Gensokyo","GifTheSpireLib","Hallownest","Hermit","Hubris","Kratos Character Expansion","Luminous","Marisa????????","Minty Spire (QoL Compilation)","Prisma Mod","Remilia??????","Replay The Spire","Robot Space Explorer","Spicy Shops","StSLib","The Animator","The Blackbeard","The Bug Knight","The Construct","The Cursed","The Disciple","The Dragon Tamer","The Forsaken","The Hierophant","The Jungle","The Marked","The Necromancer","The Poker Player","The Wild Card","TheSwordswoman"],"gold_per_floor":[116,116,42,54,104,136,136,162,216,216,234,234,264,279,279,379,379,397,415,430,430,454,491,513,545,627,662,662,662,14,30,30,131,131,149,161,161,179,179,210,210,249,249,47,83,106,138,159,159,181,181,181,55,106,128,128],"floor_reached":55,"language":"ENG","playtime":2556,"items_purged":["Injury"],"score":1664,"play_id":"a6353719-7e78-4223-89da-aa4174f1ab56","local_time":"20210124154112","is_ascension_mode":true,"campfire_choices":[{"floor":7.0,"key":"REST"},{"data":"hermit:Dive","floor":10.0,"key":"SMITH"},{"data":"hermit:LoneWolf","floor":15.0,"key":"SMITH"},{"data":"hermit:HeroicBravado","floor":29,"key":"SMITH"},{"data":"hermit:Vantage","floor":32,"key":"SMITH"},{"floor":41,"key":"RECALL"},{"data":"hermit:Covet","floor":49,"key":"SMITH"},{"data":"hermit:Deadeye","floor":52,"key":"SMITH"}],"circlet_count":0,"master_deck":["hermit:Strike_Hermit","hermit:Strike_Hermit","hermit:Strike_Hermit","hermit:Strike_Hermit+1","hermit:Defend_Hermit","hermit:Defend_Hermit","hermit:Defend_Hermit","hermit:Defend_Hermit","hermit:Snapshot","hermit:Covet+1","hermit:Maintenance+1","hermit:LoneWolf+1","hermit:Headshot","hermit:Quickdraw+1","hermit:Quickdraw","hubris:EnhanceAbility+1","hermit:GhostlyPresence","hermit:Dive+1","hermit:FlashPowder+1","hermit:GoldenBullet","hermit:TakeCover","hermit:Scavenge","hermit:HeroicBravado+1","hermit:Quickdraw","hermit:Dive+1","hermit:Showdown","hermit:Combo+1","hermit:Roulette","hermit:Deadeye+1","hermit:Vantage+1","hermit:Determination+1","hermit:Malice","hermit:Scavenge","Bandage Up","hermit:Maintenance+1","hermit:Quickdraw+1","hermit:Scavenge","hermit:Scavenge+1","hermit:Maintenance"],"relics":["hermit:Momento","Matryoshka","theForsaken:Gavel","Guide Book","hubris:CuriousFeather","hubris:SphereOfDissonance","Oddly Smooth Stone","HollowMod:LifeEnderRelic","conspire:TopHat","Replay:Baseball","Frozen Egg 2","hermit:RyeStalk","Coffee Dripper","hubris:ToyBattleship","Blue Candle","Nunchaku","Orichalcum","Onion Ring","theForsaken:Lifeblossom","MealTicket","conspire:SlowCooker","hubris:Towel","PreservedInsect","Mirror","Question Card","Whetstone","Ancient Tea Set","Vajra"],"acts_visited":["Exordium","TheCity","TheBeyond","TheEnding"],"potions_floor_usage":[33,33,33,38,40,54,55,55],"damage_taken":[{"damage":0.0,"enemies":"conspire:RoseBush","floor":1.0,"turns":2.0},{"damage":0.0,"enemies":"Jaw Worm","floor":4.0,"turns":2.0},{"damage":4.0,"enemies":"2 Louse","floor":5.0,"turns":5.0},{"damage":0.0,"enemies":"3 Sentries","floor":6.0,"turns":8.0},{"damage":0.0,"enemies":"HollowMod:MossKnight","floor":8.0,"turns":8.0},{"damage":0.0,"enemies":"Large Slime","floor":11.0,"turns":4.0},{"damage":0.0,"enemies":"Lagavulin","floor":13.0,"turns":3.0},{"damage":0.0,"enemies":"Looter","floor":14.0,"turns":3.0},{"damage":0.0,"enemies":"The Guardian","floor":16.0,"turns":10.0},{"damage":0.0,"enemies":"Spheric Guardian","floor":18.0,"turns":4.0},{"damage":3.0,"enemies":"Snake Plant","floor":19.0,"turns":3.0},{"damage":1.0,"enemies":"Shelled Parasite and Fungi","floor":20.0,"turns":4.0},{"damage":4.0,"enemies":"Centurion and Healer","floor":22.0,"turns":9.0},{"damage":26.0,"enemies":"Slavers","floor":23.0,"turns":9.0},{"damage":4,"enemies":"Snecko","floor":24,"turns":6},{"damage":0,"enemies":"Replay:Snechameleon","floor":25,"turns":5},{"damage":26,"enemies":"Slavers","floor":27,"turns":6},{"damage":0,"enemies":"Sentry and Sphere","floor":31,"turns":5},{"damage":1,"enemies":"Pondfish","floor":33,"turns":10},{"damage":1,"enemies":"Orb Walker","floor":35,"turns":2},{"damage":5,"enemies":"3 Darklings","floor":36,"turns":4},{"damage":29,"enemies":"4 Shapes","floor":38,"turns":8},{"damage":10,"enemies":"Reptomancer","floor":40,"turns":6},{"damage":0,"enemies":"Nemesis","floor":42,"turns":5},{"damage":3,"enemies":"HollowMod:StalkingDevout","floor":45,"turns":7},{"damage":0,"enemies":"Sphere and 2 Shapes","floor":46,"turns":4},{"damage":9,"enemies":"R_Hoarder","floor":47,"turns":6},{"damage":11,"enemies":"Writhing Mass","floor":48,"turns":4},{"damage":23,"enemies":"conspire:OrnateMirror","floor":50,"turns":11},{"damage":3,"enemies":"Shield and Spear","floor":54,"turns":8},{"damage":109,"enemies":"The Heart","floor":55,"turns":11}],"seed_played":"7657352916043227382","potions_obtained":[{"floor":1.0,"key":"ColorlessPotion"},{"floor":5.0,"key":"Explosive Potion"},{"floor":8.0,"key":"LifebloodPotion"},{"floor":19.0,"key":"Swift Potion"},{"floor":22.0,"key":"ColorlessPotion"},{"floor":23.0,"key":"DuplicationPotion"},{"floor":33,"key":"Doom Potion"},{"floor":38,"key":"EssenceOfSteel"},{"floor":40,"key":"SkillPotion"},{"floor":48,"key":"DistilledChaos"},{"floor":54,"key":"Cursed Concoction"}],"is_trial":false,"path_per_floor":["M","?","$","M","M","E","R","E","T","R","M","?","E","M","R","B",null,"M","M","M","?","M","E","M","E","T","E","?","R","$","M","R","B",null,"M","M","$","M","?","E","R","E","T","$","E","M","E","M","R","B",null,"R","$","E","B"],"character_chosen":"HERMIT","items_purchased":["Matryoshka","theForsaken:Gavel","hermit:Maintenance","hermit:LoneWolf","hermit:Headshot","hermit:Quickdraw","hubris:EnhanceAbility","Guide Book","hubris:CuriousFeather","hubris:SphereOfDissonance","Oddly Smooth Stone","hermit:GhostlyPresence","hermit:Quickdraw","LiquidMemories","Block Potion","hermit:FlashPowder","Onion Ring","theForsaken:Lifeblossom","MealTicket","EntropicBrew","hermit:Scavenge","Bandage Up","Strength Potion"],"campfire_rested":1,"item_purchase_floors":[0,0,0,0,0,0,0,0,0,0,0,0,0,0,0,3,30,30,30,30,44,44,53],"current_hp_per_floor":[27,27,27,27,23,23,45,45,45,45,45,45,45,45,45,45,75,75,72,71,71,67,41,37,37,37,11,11,11,11,17,17,22,75,74,73,75,47,47,43,43,49,49,64,73,75,71,64,64,51,75,75,75,74,0,0],"gold":128,"neow_bonus":"","is_daily":false,"chose_seed":false,"campfire_upgraded":6,"win_rate":0.0,"timestamp":1611524472,"path_taken":["M","?","$","M","M","E","R","E","T","R","M","?","E","M","R","BOSS","M","M","M","?","M","E","M","E","T","E","?","R","$","M","R","BOSS","M","M","$","M","?","E","R","E","T","$","E","M","E","M","R","BOSS","R","$","E","BOSS"],"items_purchased_type":["Relic","Relic","Card","Card","Card","Card","Card","Relic","Relic","Relic","Relic","Card","Card","Potion","Potion","Card","Relic","Relic","Relic","Potion","Card","Card","Potion"],"build_version":"2020-12-22","purchased_purges":1,"victory":false,"max_hp_per_floor":[75,75,75,75,75,75,75,75,75,75,75,75,75,75,75,75,75,75,75,75,75,75,75,75,75,75,75,75,75,75,75,75,75,75,75,75,75,75,75,75,75,75,75,75,75,75,75,75,75,75,75,75,75,75,75,75],"card_choices":[{"not_picked":["hermit:Quickdraw","hermit:WideOpen"],"picked":"hermit:Dive","floor":1.0},{"not_picked":["hermit:SprayPray","hermit:HoleUp","hermit:Virtue"],"picked":"SKIP","floor":4.0},{"not_picked":["hermit:Grudge","hermit:Snipe","hermit:Maintenance"],"picked":"SKIP","floor":5.0},{"not_picked":["hermit:Combo","hermit:Roulette"],"picked":"hermit:GoldenBullet","floor":6.0},{"not_picked":["hermit:Feint","hermit:Spite","hermit:ItchyTrigger"],"picked":"SKIP","floor":8.0},{"not_picked":["hermit:Quickdraw","hermit:Glare"],"picked":"hermit:TakeCover","floor":11.0},{"not_picked":["hermit:EternalForm+1","hermit:HoleUp","hermit:HighCaliber"],"picked":"SKIP","floor":13.0},{"not_picked":["hermit:Quickdraw","hermit:Ricochet"],"picked":"hermit:Scavenge","floor":14.0},{"not_picked":["hermit:FromBeyond","hermit:EternalForm+1"],"picked":"hermit:HeroicBravado","floor":16.0},{"not_picked":["hermit:Showdown+1","hermit:BodyArmor+1"],"picked":"hermit:Quickdraw","floor":18.0},{"not_picked":["hermit:Coalescence","hermit:LoneWolf+1","hermit:Glare+1"],"picked":"SKIP","floor":19.0},{"not_picked":["hermit:Misfire","hermit:HoleUp+1"],"picked":"hermit:Dive+1","floor":20.0},{"not_picked":["hermit:Quickdraw","hermit:HoleUp"],"picked":"hermit:Combo+1","floor":22.0},{"not_picked":["hermit:LoneWolf+1","hermit:Coalescence"],"picked":"hermit:Roulette","floor":23.0},{"not_picked":["hermit:Manifest","hermit:LoneWolf"],"picked":"hermit:Deadeye","floor":24},{"not_picked":["hermit:LowProfile","hermit:TakeCover"],"picked":"hermit:Vantage","floor":25},{"not_picked":["hermit:Grudge","hermit:Vantage","hermit:ItchyTrigger"],"picked":"SKIP","floor":27},{"not_picked":["hermit:Roulette","hermit:Quickdraw+1","hermit:FinalCanter"],"picked":"SKIP","floor":31},{"not_picked":["hermit:Horror+1","hermit:EyeOfTheStorm"],"picked":"hermit:Determination+1","floor":35},{"not_picked":["hermit:Glare+1","hermit:Ricochet"],"picked":"hermit:Malice","floor":36},{"not_picked":["hermit:Coalescence+1","hermit:Quickdraw","hermit:Vantage"],"picked":"SKIP","floor":38},{"not_picked":["hermit:Vantage","hermit:Virtue","hermit:HoleUp"],"picked":"SKIP","floor":40},{"not_picked":["hermit:BodyArmor","hermit:NoHoldsBarred","hermit:Shortfuse+1"],"picked":"SKIP","floor":42},{"not_picked":["hermit:Feint+1","hermit:BodyArmor+1","hermit:Magnum"],"picked":"hermit:Maintenance+1","floor":45},{"not_picked":["hermit:Midnight+1","hermit:TakeCover","hermit:Desperado"],"picked":"hermit:Quickdraw+1","floor":46},{"not_picked":["hermit:Spite+1","hermit:Headshot+1","hermit:Vantage+1"],"picked":"hermit:Scavenge","floor":47},{"not_picked":["hermit:DeadMansHand+1","hermit:PistolWhip","hermit:Misfire+1"],"picked":"hermit:Scavenge+1","floor":48},{"not_picked":["hermit:TakeCover+1","hermit:Midnight","hermit:Misfire+1"],"picked":"hermit:Maintenance","floor":54}],"player_experience":981011,"relics_obtained":[{"floor":6.0,"key":"HollowMod:LifeEnderRelic"},{"floor":9.0,"key":"conspire:TopHat"},{"floor":9.0,"key":"Replay:Baseball"},{"floor":13.0,"key":"hermit:RyeStalk"},{"floor":23.0,"key":"hubris:ToyBattleship"},{"floor":25,"key":"Blue Candle"},{"floor":26,"key":"Nunchaku"},{"floor":27,"key":"Orichalcum"},{"floor":40,"key":"PreservedInsect"},{"floor":42,"key":"Mirror"},{"floor":43,"key":"Question Card"},{"floor":45,"key":"Whetstone"},{"floor":47,"key":"Ancient Tea Set"},{"floor":54,"key":"Vajra"}],"event_choices":[{"damage_healed":0.0,"max_hp_gain":0.0,"max_hp_loss":0.0,"gold_gain":0.0,"cards_transformed":["hermit:Quickdraw"],"event_name":"Transmorgrifier","player_choice":"Transformed","floor":21.0,"gold_loss":0.0,"damage_taken":0.0,"cards_obtained":["hermit:Showdown"]},{"damage_healed":0,"gold_gain":0,"player_choice":"Forge","damage_taken":0,"max_hp_gain":0,"max_hp_loss":0,"event_name":"Accursed Blacksmith","floor":28,"gold_loss":0,"cards_upgraded":["hermit:FlashPowder"]}],"is_beta":false,"boss_relics":[{"not_picked":["hubris:CrackedHourglass","ReplayTheSpireMod:DimensionalGlitch"],"picked":"Coffee Dripper"},{"not_picked":["Painkiller Herb","hubris:RunicObelisk"],"picked":"conspire:SlowCooker"}],"items_purged_floors":[53],"is_endless":false,"potions_floor_spawned":[1,5,8,19,22,23,33,38,40,42,48,54],"killed_by":"The Heart","ascension_level":1}}