{"host":"shb6fs4xkmgx64v4","time":1611530923,"event":{"mods":["AchievementEnabler","BaseMod","Colored Map","Downfall","Minty Spire (QoL Compilation)","StSLib"],"gold_per_floor":[149,167,184,334,334,363,363,377,377,377,401,452,467,54,70,165,165,65,65,65,84,84,113,113,124,144,44,44,57,57,68,88,185,185,85,99,117,117,27,47,47,63,63,76,89,89,189,204,217,217,217,217],"floor_reached":50,"language":"ENG","playtime":4819,"items_purged":["downfall:Icky"],"score":553,"play_id":"4d438053-9b22-463d-b061-852336af301d","local_time":"20210124182843","is_ascension_mode":false,"campfire_choices":[{"floor":1,"key":"RECALL"},{"data":"sneckomod:UnendingSupply","floor":18,"key":"SMITH"},{"floor":27,"key":"REST"},{"data":"sneckomod:UnlimitedRolls","floor":35,"key":"SMITH"},{"floor":46,"key":"REST"}],"circlet_count":0,"master_deck":["sneckomod:TailWhip","sneckomod:SnekBite","sneckomod:Unknown","sneckomod:Unknown","sneckomod:QuickBite","sneckomod:QuickMove","sneckomod:UnknownUncommonAttack","sneckomod:UnendingSupply+1","sneckomod:UnknownWeak","sneckomod:UnknownVulnerable","sneckomod:SnakeSap","sneckomod:Unknown3Cost","Blade Dance","sneckomod:UnknownRareAttack","Glacier+1","sneckomod:UnknownClassBLUE","bronze:Backtrace","sneckomod:UnknownBlock+1","hexamod:NightmareStrike","bronze:Shield+1","sneckomod:UnknownRareSkill","sneckomod:UnknownStrike","sneckomod:UnknownClassRED","sneckomod:UnknownCommonAttack","sneckomod:UnknownRareAttack","sneckomod:UnknownCommonSkill","hexamod:FirstSeal","Guardian:FloatingOrbs+1","sneckomod:UnlimitedRolls+1","bronze:Fortify+1","Noxious Fumes+1","sneckomod:UnknownBoss","sneckomod:UnknownUncommonPower","TalkToTheHand+1","WindmillStrike","sneckomod:Unknown0Cost+1","Slimebound:Replication+1","hexamod:FlamesFromBeyond","hexamod:Hexaguard"],"relics":["Tiny House","Vajra","Strawberry","Ginger","Omamori","Boot","Darkstone Periapt","PrismaticShard","SlaversCollar","downfall:HeartBlessingRed","downfall:ExtraCursedKey","Happy Flower","downfall:HeartBlessingGreen","Philosopher\u0027s Stone","downfall:HeartBlessingBlue"],"acts_visited":["Exordium","TheCity","TheBeyond"],"potions_floor_usage":[6,12,15,21,29,31],"damage_taken":[{"damage":6,"enemies":"Jaw Worm","floor":2,"turns":2},{"damage":0,"enemies":"2 Louse","floor":3,"turns":2},{"damage":16,"enemies":"3 Sentries","floor":6,"turns":7},{"damage":0,"enemies":"Small Slimes","floor":8,"turns":3},{"damage":23,"enemies":"Lagavulin","floor":12,"turns":5},{"damage":26,"enemies":"Exordium Wildlife","floor":13,"turns":3},{"damage":0,"enemies":"downfall:FleeingMerchant","floor":14,"turns":4},{"damage":6,"enemies":"Exordium Thugs","floor":15,"turns":4},{"damage":14,"enemies":"WA_ARCHETYPE_RETAIN","floor":16,"turns":7},{"damage":0,"enemies":"Chosen","floor":19,"turns":1},{"damage":13,"enemies":"Centurion and Healer","floor":21,"turns":4},{"damage":29,"enemies":"Gremlin Leader","floor":23,"turns":3},{"damage":29,"enemies":"Snecko","floor":25,"turns":6},{"damage":6,"enemies":"Chosen and Byrds","floor":26,"turns":7},{"damage":0,"enemies":"Centurion and Healer","floor":29,"turns":5},{"damage":0,"enemies":"Snecko","floor":31,"turns":3},{"damage":15,"enemies":"Snake Plant","floor":32,"turns":2},{"damage":19,"enemies":"IC_MUSHROOM_ARCHETYPE","floor":33,"turns":7},{"damage":13,"enemies":"Orb Walker","floor":36,"turns":2},{"damage":36,"enemies":"3 Darklings","floor":37,"turns":5},{"damage":5,"enemies":"downfall:FleeingMerchant","floor":39,"turns":4},{"damage":34,"enemies":"4 Shapes","floor":40,"turns":4},{"damage":15,"enemies":"Sphere and 2 Shapes","floor":42,"turns":6},{"damage":29,"enemies":"Spire Growth","floor":44,"turns":5},{"damage":14,"enemies":"Transient","floor":45,"turns":5},{"damage":6,"enemies":"Maw","floor":48,"turns":7},{"damage":32,"enemies":"Sphere and 2 Shapes","floor":49,"turns":5},{"damage":24,"enemies":"DF_ARCHETYPE_ORBS","floor":50,"turns":4}],"seed_played":"121481229915636792","potions_obtained":[{"floor":0,"key":"Energy Potion"},{"floor":2,"key":"Slimebound:ThreeZeroPotion"},{"floor":8,"key":"ColorlessPotion"},{"floor":12,"key":"Ancient Potion"},{"floor":16,"key":"SkillPotion"},{"floor":23,"key":"CultistPotion"},{"floor":25,"key":"EssenceOfSteel"},{"floor":29,"key":"DistilledChaos"},{"floor":32,"key":"DuplicationPotion"}],"is_trial":false,"path_per_floor":["R","M","M","?","?","E","T","M","?","?","T","E","M","$","M","B",null,"R","M","?","M","?","E","T","M","M","R","?","M","?","M","M","B",null,"R","M","M","?","$","M","T","M","?","M","M","R","?","M","M","B"],"character_chosen":"THE_SNECKO","items_purchased":["Darkstone Periapt","PrismaticShard"],"campfire_rested":2,"item_purchase_floors":[14,14],"current_hp_per_floor":[95,89,89,89,82,73,73,73,73,73,73,50,34,34,28,14,102,102,102,102,89,89,60,60,31,28,59,59,59,59,59,51,39,105,115,105,76,76,78,51,51,43,43,21,14,49,49,50,18,0,0,0],"gold":217,"neow_bonus":"BOSS_RELIC","is_daily":false,"chose_seed":false,"campfire_upgraded":2,"win_rate":0.0,"timestamp":1611530923,"path_taken":["R","M","M","?","?","E","T","M","?","?","?","E","?","$","M","BOSS","R","M","?","M","?","E","T","M","?","R","?","M","?","M","M","BOSS","R","M","M","?","$","M","T","?","?","M","?","R","?","M","M","BOSS"],"items_purchased_type":["Relic","Relic"],"build_version":"2020-12-22","purchased_purges":1,"victory":false,"max_hp_per_floor":[95,95,95,95,95,102,102,102,102,102,102,102,102,102,102,102,102,102,102,102,102,102,102,102,102,105,105,105,105,105,105,105,105,105,115,118,118,118,118,118,118,118,118,118,118,118,118,118,118,118,118,118],"card_choices":[{"not_picked":["sneckomod:Rotation","sneckomod:UnknownCommonAttack"],"picked":"sneckomod:QuickBite","floor":0},{"not_picked":["sneckomod:PureSnecko","sneckomod:RainOfDice"],"picked":"sneckomod:QuickMove","floor":2},{"not_picked":["sneckomod:IronFang","sneckomod:UnknownDraw"],"picked":"sneckomod:UnknownUncommonAttack","floor":3},{"not_picked":["sneckomod:QuickBite","sneckomod:UnknownCommonAttack"],"picked":"sneckomod:UnendingSupply","floor":6},{"not_picked":["sneckomod:SoulDraw","sneckomod:UnknownDraw"],"picked":"sneckomod:UnknownWeak","floor":8},{"not_picked":["sneckomod:Unknown1Cost","sneckomod:RainOfDice"],"picked":"sneckomod:UnknownVulnerable","floor":12},{"not_picked":["sneckomod:WideSting","sneckomod:SlitherStrike"],"picked":"sneckomod:SnakeSap","floor":13},{"not_picked":["sneckomod:SlitherStrike","sneckomod:Unknown1Cost"],"picked":"sneckomod:Unknown3Cost","floor":14},{"not_picked":["Rage","Flying Knee"],"picked":"Blade Dance","floor":15},{"not_picked":["Secret Weapon","Reaper"],"picked":"sneckomod:UnknownRareAttack","floor":16},{"not_picked":["bronze:WhirlingStrike","Leg Sweep"],"picked":"Glacier","floor":19},{"not_picked":["Meditate","Blood for Blood"],"picked":"sneckomod:UnknownClassBLUE","floor":21},{"not_picked":["champ:DefensiveStyle","sneckomod:DiceBlock"],"picked":"bronze:Backtrace","floor":23},{"not_picked":["Guardian:PrismaticBeam","Dodge and Roll+1"],"picked":"sneckomod:UnknownBlock+1","floor":25},{"not_picked":["champ:AdrenalArmor","champ:PreciseThrust"],"picked":"hexamod:NightmareStrike","floor":26},{"not_picked":["hexamod:RadiantFlame","Dagger Spray"],"picked":"bronze:Shield+1","floor":29},{"not_picked":["hexamod:SecondSeal","champ:FlashCut+1"],"picked":"hexamod:FirstSeal","floor":31},{"not_picked":["champ:Encircle+1","bronze:OilSpill"],"picked":"Guardian:FloatingOrbs+1","floor":32},{"not_picked":["bronze:BurnOut","bronze:Virus"],"picked":"sneckomod:UnlimitedRolls","floor":33},{"not_picked":["champ:AdrenalArmor+1","CrushJoints+1"],"picked":"bronze:Fortify+1","floor":36},{"not_picked":["Slimebound:SamplingLick+1","Blade Dance"],"picked":"Noxious Fumes","floor":37},{"not_picked":["Guardian:ChargeCore+1","Slimebound:TagTeam"],"picked":"sneckomod:UnknownUncommonPower","floor":39},{"not_picked":["FlurryOfBlows","hexamod:RainOfEmbers+1"],"picked":"TalkToTheHand+1","floor":40},{"not_picked":["sneckomod:UnknownClassGUARDIAN","Conserve Battery"],"picked":"WindmillStrike","floor":42},{"not_picked":["ClearTheMind+1","hexamod:ThermalTransfer+1"],"picked":"sneckomod:Unknown0Cost+1","floor":44},{"not_picked":["Slimebound:SplitLeeching","Hologram"],"picked":"Slimebound:Replication+1","floor":45},{"not_picked":["Recycle","Tantrum+1"],"picked":"hexamod:FlamesFromBeyond","floor":48},{"not_picked":["Flying Knee","Adaptation"],"picked":"hexamod:Hexaguard","floor":49}],"player_experience":289242,"relics_obtained":[{"floor":6,"key":"Strawberry"},{"floor":7,"key":"Ginger"},{"floor":11,"key":"Omamori"},{"floor":12,"key":"Boot"},{"floor":23,"key":"Happy Flower"}],"event_choices":[{"damage_healed":0,"gold_gain":0,"player_choice":"Success","damage_taken":7,"relics_obtained":["Vajra"],"max_hp_gain":0,"max_hp_loss":0,"event_name":"Scrap Ooze","floor":5,"gold_loss":0},{"damage_healed":0,"gold_gain":0,"player_choice":"Forge","damage_taken":0,"max_hp_gain":0,"max_hp_loss":0,"event_name":"Accursed Blacksmith","floor":22,"gold_loss":0,"cards_upgraded":["Glacier"]}],"is_beta":false,"boss_relics":[{"not_picked":["SacredBark","Velvet Choker"],"picked":"SlaversCollar"},{"not_picked":["Pandora\u0027s Box","Astrolabe"],"picked":"Philosopher\u0027s Stone"}],"items_purged_floors":[39],"is_endless":false,"potions_floor_spawned":[2,8,12,16,23,25,29,32,36,40,44,45,49],"killed_by":"DF_ARCHETYPE_ORBS","ascension_level":0}}