{"host":"6xsbn6ynqlzwllfm","time":1611508782,"event":{"mods":["2.2 Compatiblity","BaseMod","Bestiary","Colored Map","Colored Powertips","Curses Come First","Highlight Path","Keyboard Shortcuts","Minty Spire (QoL Compilation)","Quick Restart","Relic Stats","Slay the Relics Exporter","StSLib","SuperFastMode"],"gold_per_floor":[111,128,128,128,53,79,79,37,37,37,72,72,84,84,84],"floor_reached":14,"language":"ENG","playtime":402,"items_purged":["Strike_R"],"score":242,"play_id":"ef8dab01-43d0-45af-b08e-701eb37b9dd0","local_time":"20210124121942","is_ascension_mode":true,"campfire_choices":[{"data":"Fire Breathing","floor":7,"key":"SMITH"},{"data":"Evolve","floor":10,"key":"SMITH"},{"data":"True Grit","floor":12,"key":"SMITH"}],"circlet_count":0,"master_deck":["AscendersBane","Strike_R","Strike_R","Strike_R","Defend_R","Defend_R","Defend_R","Defend_R","Bash","Fire Breathing+1","Twin Strike","Infernal Blade","Power Through","Evolve+1","True Grit+1"],"relics":["Runic Cube","Boot","Incense Burner","Anchor"],"acts_visited":["Exordium"],"potions_floor_usage":[6],"damage_taken":[{"damage":4,"enemies":"Small Slimes","floor":1,"turns":4},{"damage":11,"enemies":"Jaw Worm","floor":2,"turns":6},{"damage":32,"enemies":"Gremlin Nob","floor":6,"turns":4},{"damage":0,"enemies":"3 Sentries","floor":11,"turns":4},{"damage":0,"enemies":"2 Louse","floor":13,"turns":5},{"damage":32,"enemies":"Gremlin Nob","floor":14,"turns":4}],"seed_played":"-867000800237177165","potions_obtained":[{"floor":1,"key":"AttackPotion"},{"floor":6,"key":"Ancient Potion"}],"is_trial":false,"path_per_floor":["M","M","?","?","$","E","R","$","T","R","E","R","M","E"],"character_chosen":"IRONCLAD","items_purchased":["Evolve"],"campfire_rested":0,"item_purchase_floors":[8],"current_hp_per_floor":[64,53,53,58,58,26,26,26,26,26,26,26,26,0,0],"gold":84,"neow_bonus":"BOSS_RELIC","is_daily":false,"chose_seed":false,"campfire_upgraded":3,"win_rate":0.0,"timestamp":1611508782,"path_taken":["M","M","?","?","?","E","R","$","T","R","E","R","M","E"],"items_purchased_type":["Card"],"build_version":"2020-12-22","purchased_purges":1,"victory":false,"max_hp_per_floor":[75,75,75,80,80,80,80,80,80,80,80,80,80,80,80],"relic_stats":{"counters":[6,27],"Boot":[3],"obtain_stats":[{"Anchor":11,"Incense Burner":9,"Boot":6,"Burning Blood":0,"Runic Cube":0},{"Anchor":4,"Incense Burner":3,"Boot":3,"Burning Blood":0,"Runic Cube":0},{"Anchor":18,"Incense Burner":14,"Boot":14,"Burning Blood":0,"Runic Cube":0}],"Runic Cube":[7]},"card_choices":[{"not_picked":["Searing Blow","Body Slam"],"picked":"Fire Breathing","floor":1},{"not_picked":["Shrug It Off","Entrench"],"picked":"Twin Strike","floor":2},{"not_picked":["Clash","Iron Wave"],"picked":"Power Through","floor":6},{"not_picked":["Heavy Blade","Flex"],"picked":"True Grit","floor":11},{"not_picked":["Infernal Blade","Rage","Clash"],"picked":"SKIP","floor":13}],"player_experience":1094022,"relics_obtained":[{"floor":6,"key":"Boot"},{"floor":9,"key":"Incense Burner"},{"floor":11,"key":"Anchor"}],"event_choices":[{"damage_healed":0,"gold_gain":0,"cards_transformed":["Strike_R"],"player_choice":"Change","damage_taken":0,"max_hp_gain":0,"max_hp_loss":0,"event_name":"Living Wall","floor":3,"gold_loss":0,"cards_obtained":["Infernal Blade"]},{"damage_healed":0,"gold_gain":0,"player_choice":"Donut","damage_taken":0,"max_hp_gain":5,"max_hp_loss":0,"event_name":"Big Fish","floor":4,"gold_loss":0}],"is_beta":false,"boss_relics":[],"items_purged_floors":[5],"is_endless":false,"potions_floor_spawned":[1,6],"killed_by":"Gremlin Nob","ascension_level":20}}