{"host":"g4jqqbmo30rq7cal","time":1611475154,"event":{"mods":["BaseMod","Better Match","BetterRewards","Conspire","DeckTracker","Hermit","Minty Spire (QoL Compilation)","Rare Cards Sparkle","Shop Mod","StSLib","The Bug Knight","The Cursed","The Mystic","[IsaacMod]????"],"gold_per_floor":[118,189,189,200,214,214,241,41,41,65,18,18,38,88,88,188,488,503,503,428,330,330,330,346,359,410,420,420,420,420,420],"floor_reached":30,"language":"RUS","playtime":1868,"items_purged":[],"score":251,"play_id":"b535f452-5fde-4de1-aaad-4c85b21ec994","local_time":"20210124125914","is_ascension_mode":false,"campfire_choices":[{"data":"TheCursedMod:CircleOfBlood","floor":6,"key":"SMITH"},{"data":"Apotheosis","floor":12,"key":"SMITH"},{"floor":15,"key":"REST"},{"floor":23,"key":"RECALL"}],"circlet_count":0,"master_deck":["TheCursedMod:CleanUpWorkshop","TheCursedMod:CursedSpellbook","TheCursedMod:AbyssShockwave","TheCursedMod:SoulReap","TheCursedMod:SoulCrush","TheCursedMod:LuckyCharm","TheCursedMod:TroublousMinions","TheCursedMod:TroublousMinions","TheCursedMod:CircleOfBlood+1","TheCursedMod:CollectTribute","TheCursedMod:HellsGateOpen","TheCursedMod:CircleOfWindfury","TheCursedMod:Wield","Apotheosis+1","TheCursedMod:CircleOfFlame","TheCursedMod:StingEye","TheCursedMod:CursedBlade","TheCursedMod:Evocation","TheCursedMod:VoidForm","TheCursedMod:DemonSword","TheCursedMod:Grudge+1","TheCursedMod:VoidForm","TheCursedMod:CircleOfFocus+1","TheCursedMod:Hemoplague+1","TheCursedMod:SpitefulPray+1","TheCursedMod:AbyssShockwave","TheCursedMod:CircleOfCorruption+1","TheCursedMod:TacticalStrike+1","conspire:Banana"],"relics":["TheCursedMod:SoulVessel","HushsDoor","Chaos","Odd Mushroom","TheBean","Question Card","MerchantsRug","Letter Opener"],"acts_visited":["Exordium","TheCity"],"potions_floor_usage":[7,7,7,14],"damage_taken":[{"damage":1,"enemies":"Small Slimes","floor":1,"turns":3},{"damage":0,"enemies":"2 Louse","floor":4,"turns":1},{"damage":0,"enemies":"Cultist","floor":5,"turns":4},{"damage":0,"enemies":"3 Sentries","floor":7,"turns":3},{"damage":7,"enemies":"The Mushroom Lair","floor":10,"turns":4},{"damage":6,"enemies":"Blue Slaver","floor":13,"turns":3},{"damage":45,"enemies":"Hiden Room Battle","floor":14,"turns":3},{"damage":41,"enemies":"Hexaghost","floor":16,"turns":6},{"damage":0,"enemies":"conspire:FuzzyDice","floor":18,"turns":4},{"damage":0,"enemies":"Spheric Guardian","floor":24,"turns":3},{"damage":21,"enemies":"conspire:HollyBat","floor":25,"turns":6},{"damage":33,"enemies":"Snecko","floor":27,"turns":6},{"damage":27,"enemies":"Shelled Parasite and Fungi","floor":30,"turns":3}],"seed_played":"-8836732223673983239","potions_obtained":[{"floor":1,"key":"Explosive Potion"},{"floor":4,"key":"Strength Potion"},{"floor":5,"key":"Energy Potion"},{"floor":10,"key":"Explosive Potion"},{"floor":16,"key":"Dexterity Potion"},{"floor":24,"key":"DuplicationPotion"}],"is_trial":false,"path_per_floor":["M","?","?","M","M","R","E","$","T","?","$","R","M","?","R","B",null,"M","?","?","$","?","R","M","M","T","M","$","?","M"],"character_chosen":"THE_CURSED","items_purchased":["Apotheosis","TheCursedMod:CircleOfFlame","TheCursedMod:CursedBlade","MerchantsRug"],"campfire_rested":1,"item_purchase_floors":[8,8,11,21],"current_hp_per_floor":[82,82,82,82,82,82,82,82,82,77,77,77,77,45,69,55,82,82,82,82,82,82,82,82,62,62,41,41,23,0,0],"gold":420,"neow_bonus":"TEN_PERCENT_HP_BONUS","is_daily":false,"chose_seed":false,"campfire_upgraded":2,"win_rate":0.0,"timestamp":1611475154,"path_taken":["M","?","?","M","M","R","E","$","T","?","?","R","?","?","R","BOSS","M","?","?","$","?","R","M","?","T","M","?","?","M"],"items_purchased_type":["Card","Card","Card","Relic"],"build_version":"2020-12-22","purchased_purges":0,"victory":false,"max_hp_per_floor":[82,82,82,82,82,82,82,82,82,82,82,82,82,82,82,82,82,82,82,82,82,82,82,82,82,82,82,82,82,82,82],"card_choices":[{"not_picked":["TheCursedMod:DoubleShield","TheCursedMod:Stigma"],"picked":"TheCursedMod:HellsGateOpen","floor":1},{"not_picked":["TheCursedMod:RavingStaff","TheCursedMod:SurpriseAttack"],"picked":"TheCursedMod:CircleOfWindfury","floor":4},{"not_picked":["TheCursedMod:SoulReap","TheCursedMod:BlessingInDisguise"],"picked":"TheCursedMod:Wield","floor":5},{"not_picked":["TheCursedMod:SurpriseAttack","TheCursedMod:RapidMovement"],"picked":"Bomb","floor":7},{"not_picked":["TheCursedMod:HellsGateOpen","TheCursedMod:CursedMace"],"picked":"TheCursedMod:StingEye","floor":10},{"not_picked":["TheCursedMod:SaltUponWound","TheCursedMod:SoulReap"],"picked":"TheCursedMod:Evocation","floor":13},{"not_picked":["TheCursedMod:CircleOfCorruption","TheCursedMod:DoubleShield"],"picked":"TheCursedMod:VoidForm","floor":14},{"not_picked":["TheCursedMod:VoidForm","TheCursedMod:UltimatePain","TheCursedMod:StunningStrike"],"picked":"TheCursedMod:DemonSword","floor":16},{"not_picked":["TheCursedMod:Torture","TheCursedMod:Stigma","TheCursedMod:SmokeScreen+1"],"picked":"TheCursedMod:Grudge+1","floor":18},{"not_picked":["TheCursedMod:CursedStaff+1","TheCursedMod:AshesToAshes+1","TheCursedMod:SaltUponWound+1"],"picked":"TheCursedMod:CircleOfFocus+1","floor":20},{"not_picked":["TheCursedMod:FuryStrike+1","TheCursedMod:SpitefulPray+1","TheCursedMod:Evocation+1"],"picked":"TheCursedMod:Hemoplague+1","floor":20},{"not_picked":["TheCursedMod:Evocation+1","TheCursedMod:ReleasedKnowledge+1","TheCursedMod:CursedArmor+1"],"picked":"TheCursedMod:SpitefulPray+1","floor":20},{"not_picked":["TheCursedMod:CircleOfWindfury+1","TheCursedMod:CursedShiv","TheCursedMod:Stigma"],"picked":"TheCursedMod:AbyssShockwave","floor":24},{"not_picked":["TheCursedMod:SoulReap","TheCursedMod:Obscuration","TheCursedMod:Torture"],"picked":"TheCursedMod:CircleOfCorruption+1","floor":25},{"not_picked":["TheCursedMod:SpreadPlague","TheCursedMod:FleshFromBone+1","TheCursedMod:RavingStaff"],"picked":"TheCursedMod:TacticalStrike+1","floor":27}],"player_experience":301553,"relics_obtained":[{"floor":7,"key":"TheBattery"},{"floor":10,"key":"Odd Mushroom"},{"floor":14,"key":"TheBean"},{"floor":14,"key":"Question Card"},{"floor":26,"key":"Letter Opener"}],"event_choices":[{"damage_healed":0,"gold_gain":71,"player_choice":"Gained Gold","damage_taken":0,"max_hp_gain":0,"max_hp_loss":0,"event_name":"Golden Wing","floor":2,"gold_loss":0},{"damage_healed":0,"gold_gain":0,"player_choice":"Fought Mushrooms","damage_taken":0,"max_hp_gain":0,"max_hp_loss":0,"event_name":"Mushrooms","floor":10,"gold_loss":0},{"damage_healed":0,"gold_gain":0,"player_choice":"Fight","damage_taken":0,"max_hp_gain":0,"max_hp_loss":0,"event_name":"HidenRoomEvent","floor":14,"gold_loss":0},{"damage_healed":0,"gold_gain":0,"player_choice":"Copied","damage_taken":0,"max_hp_gain":0,"max_hp_loss":0,"event_name":"Duplicator","floor":19,"gold_loss":0,"cards_obtained":["TheCursedMod:VoidForm"]},{"damage_healed":0,"gold_gain":0,"player_choice":"3","damage_taken":0,"max_hp_gain":0,"max_hp_loss":0,"event_name":"betterMatch:BetterMatch","floor":20,"gold_loss":0,"cards_obtained":["betterMatch:UncommonCard"]},{"damage_healed":0,"gold_gain":0,"player_choice":"Simplicity","damage_taken":0,"max_hp_gain":0,"max_hp_loss":0,"event_name":"Back to Basics","floor":22,"gold_loss":0,"cards_upgraded":[]},{"damage_healed":0,"gold_gain":0,"player_choice":"POTION CARD ","damage_taken":18,"max_hp_gain":0,"max_hp_loss":0,"event_name":"Knowing Skull","floor":29,"potions_obtained":["Ancient Potion"],"gold_loss":0,"cards_obtained":["conspire:Banana"]}],"is_beta":false,"boss_relics":[{"not_picked":["Potion Belt","Bottled Flame"],"picked":"Old Coin"},{"not_picked":[]}],"items_purged_floors":[],"is_endless":false,"potions_floor_spawned":[1,4,5,10,16,24],"killed_by":"Shelled Parasite and Fungi","ascension_level":0}}