{"host":"17xjy7b7ubl548g2","time":1611476289,"event":{"mods":["2.2 Compatiblity","Act Like it!","Aspiration","Astrologer","Bard","BaseMod","Challenge The Spire","ChefMod","Colored Map","Colored Powertips","Conspire","Elementarium","Energized Spire","Gensokyo","GifTheSpireLib","Halation","Hallownest","Hubris","Infinite Spire","Jedi Mod","Jorbs\u0027s Wanderer Trilogy","Marisa（霧雨　魔理沙）","Marked Mod","Menagerie","Minty Spire (QoL Compilation)","Permanent Neow","Replay The Spire","Robot Space Explorer","Spicy Shops","StSLib","Stuff the Spire","The Blue Laboratory","The Bug Knight","The Construct","The Disciple","The Hayseed","The Hierophant","The Marked","The Runesmith","The Sage","TheFirefly"],"gold_per_floor":[111,127,140,140,153,153,33,33,60,87,41,41,70,82,82,157,157,176,176,188,188,206,206,599,599,599,599,599,5,5,5,5,5,5,5,5,5,5,5,5,5,5,5,5,5,5,5,5,5,5],"floor_reached":51,"language":"ENG","playtime":6224,"items_purged":["RobotSpaceExplorer:Strike","RobotSpaceExplorer:Strike","RobotSpaceExplorer:Strike"],"score":1279,"play_id":"420446fb-6b40-4675-9490-984da4f75e9c","local_time":"20210124031809","is_ascension_mode":true,"campfire_choices":[{"data":"RobotSpaceExplorer:ToxicBomb","floor":6,"key":"SMITH"},{"data":"RobotSpaceExplorer:MiniDrones","floor":8,"key":"SMITH"},{"data":"RobotSpaceExplorer:ToxicBomb","floor":15,"key":"SMITH"},{"data":"RobotSpaceExplorer:ShockMissile","floor":23,"key":"SMITH"},{"data":"RobotSpaceExplorer:ShockMissile","floor":27,"key":"SMITH"},{"data":"RobotSpaceExplorer:DroneSwarm","floor":32,"key":"SMITH"},{"floor":42,"key":"REST"},{"data":"RobotSpaceExplorer:Blaster","floor":44,"key":"SMITH"},{"data":"RobotSpaceExplorer:PlasmaMissile","floor":46,"key":"SMITH"},{"floor":49,"key":"REST"}],"circlet_count":0,"master_deck":["AscendersBane","RobotSpaceExplorer:Strike","RobotSpaceExplorer:Defend","RobotSpaceExplorer:Defend","RobotSpaceExplorer:Defend","RobotSpaceExplorer:Defend","RobotSpaceExplorer:Scan","RobotSpaceExplorer:MiniLasers","ReplayTheSpireMod:Private Reserves","RobotSpaceExplorer:Smokescreen+1","RobotSpaceExplorer:MiniDrones+1","RobotSpaceExplorer:ToxicBomb+1","RobotSpaceExplorer:PlasmaMissile+1","RobotSpaceExplorer:SurgingShield","RobotSpaceExplorer:Accelerator+1","RobotSpaceExplorer:SurgingShield","RobotSpaceExplorer:JunkDive","RobotSpaceExplorer:ToxicBomb+1","RobotSpaceExplorer:ShockMissile+1","RobotSpaceExplorer:FrostMissile+1","RobotSpaceExplorer:ShockMissile+1","RobotSpaceExplorer:Counterblock","RobotSpaceExplorer:DroneSwarm+1","RobotSpaceExplorer:SurgingStrike","Replay:Bootleg Shield Generator","RobotSpaceExplorer:SurgingShield","RobotSpaceExplorer:SurgingStrike","RobotSpaceExplorer:LuckyStrike","RobotSpaceExplorer:BigMissile+1","RobotSpaceExplorer:Blaster+1","RobotSpaceExplorer:StunGrenade","RobotSpaceExplorer:ScrapShield","RobotSpaceExplorer:ScrapToss","RobotSpaceExplorer:Reload+1","RobotSpaceExplorer:Pulsar","RobotSpaceExplorer:SurgingStrike+1"],"relics":["RobotSpaceExplorer:RoboCore","halation:PinkSoulGem","StuffTheSpire:Experiment12","aspiration:FetidBarrel","hubris:ToyBattleship","energizedSpire:OgreHead","jedi:ominousloannote","Darkstone Periapt","Centennial Puzzle","Replay:Rubber Ducky","Blood Vial","CatCart","infinitespire:Lucky Rock","MealTicket"],"acts_visited":["Exordium","TheCity","TheBeyond"],"potions_floor_usage":[10,33,37,40,50],"damage_taken":[{"damage":0,"enemies":"2 Louse","floor":1,"turns":3},{"damage":2,"enemies":"Jaw Worm","floor":2,"turns":7},{"damage":1,"enemies":"conspire:RoseBush","floor":3,"turns":5},{"damage":1,"enemies":"Looter","floor":5,"turns":3},{"damage":0,"enemies":"HollowMod:MossKnight","floor":10,"turns":9},{"damage":23,"enemies":"Gremlin Nob","floor":13,"turns":5},{"damage":1,"enemies":"Blue Slaver","floor":14,"turns":3},{"damage":6,"enemies":"Fading Forest","floor":16,"turns":11},{"damage":0,"enemies":"Chosen","floor":18,"turns":6},{"damage":7,"enemies":"Centurion and Healer","floor":20,"turns":5},{"damage":0,"enemies":"conspire:HollyBat","floor":22,"turns":9},{"damage":0,"enemies":"Replay:Snechameleon","floor":25,"turns":8},{"damage":0,"enemies":"Cultist and Chosen","floor":28,"turns":5},{"damage":0,"enemies":"Sentry and Sphere","floor":30,"turns":6},{"damage":3,"enemies":"Centurion and Healer","floor":31,"turns":5},{"damage":9,"enemies":"Automaton","floor":33,"turns":10},{"damage":16,"enemies":"3 Shapes","floor":35,"turns":3},{"damage":0,"enemies":"Orin","floor":37,"turns":11},{"damage":2,"enemies":"3 Darklings","floor":39,"turns":4},{"damage":22,"enemies":"Giant Head","floor":40,"turns":10},{"damage":16,"enemies":"Transient","floor":41,"turns":5},{"damage":0,"enemies":"Nemesis","floor":47,"turns":9},{"damage":12,"enemies":"Jaw Worm Horde","floor":48,"turns":4},{"damage":36,"enemies":"infinitespire:MassOfShapes","floor":50,"turns":18}],"seed_played":"8126391610157294304","potions_obtained":[{"floor":1,"key":"BlessingOfTheForge"},{"floor":2,"key":"blueLaboratory:Moonshine"},{"floor":14,"key":"SpeedPotion"},{"floor":16,"key":"blueLaboratory:SavagePotion"},{"floor":30,"key":"Reflective Coating"},{"floor":35,"key":"PowerPotion"},{"floor":41,"key":"Elixir"},{"floor":47,"key":"blueLaboratory:NullPotion"}],"is_trial":false,"path_per_floor":["M","M","M","?","M","R","$","R","T","E","$","?","E","M","R","B",null,"M","?","M","?","M","R","AVR","E","T","R","M","$","M","M","R","B",null,"M","$","?","?","M","E","M","R","T","R","?","R","E","M","R","B",null],"character_chosen":"RobotSpaceExplorer","items_purchased":["RobotSpaceExplorer:SurgingShield","RobotSpaceExplorer:SurgingShield","Replay:Bootleg Shield Generator","Replay:Rubber Ducky","Blood Vial","RobotSpaceExplorer:SurgingShield","RobotSpaceExplorer:SurgingStrike"],"campfire_rested":2,"item_purchase_floors":[7,11,29,29,29,29,29],"current_hp_per_floor":[68,66,65,65,64,64,64,64,64,64,64,69,46,45,45,63,76,76,76,69,69,69,69,69,69,69,69,69,69,71,70,70,63,76,62,62,64,64,64,44,30,54,54,54,54,54,56,46,70,36],"gold":5,"neow_bonus":"RANDOM_COLORLESS","is_daily":false,"chose_seed":false,"campfire_upgraded":8,"win_rate":0.0,"timestamp":1611476289,"path_taken":["M","M","M","?","M","R","?","R","T","E","$","?","E","M","R","BOSS","M","?","?","?","M","R","AVR","E","T","R","?","$","M","M","R","BOSS","M","$","?","?","?","E","M","R","T","R","?","R","E","M","R","BOSS"],"items_purchased_type":["Card","Card","Card","Relic","Relic","Card","Card"],"build_version":"2020-12-22","purchased_purges":3,"victory":true,"max_hp_per_floor":[75,75,75,75,75,75,75,75,75,75,75,80,80,80,80,80,80,80,80,80,80,80,80,80,80,80,80,80,80,80,80,80,80,80,80,80,80,80,80,80,80,80,80,80,80,80,80,80,80,80],"card_choices":[{"not_picked":["Purity","hubris:Insight"],"picked":"ReplayTheSpireMod:Private Reserves","floor":0},{"not_picked":["RobotSpaceExplorer:LaserBurst","RobotSpaceExplorer:LuckyStrike"],"picked":"RobotSpaceExplorer:Smokescreen","floor":1},{"not_picked":["RobotSpaceExplorer:ShovelStrike","RobotSpaceExplorer:GlueShot"],"picked":"RobotSpaceExplorer:MiniDrones","floor":2},{"not_picked":["RobotSpaceExplorer:MiniDrones","RobotSpaceExplorer:StunGrenade"],"picked":"RobotSpaceExplorer:ToxicBomb","floor":3},{"not_picked":["RobotSpaceExplorer:LaserBurst","RobotSpaceExplorer:SurgingShield"],"picked":"RobotSpaceExplorer:PlasmaMissile","floor":5},{"not_picked":["RobotSpaceExplorer:ScrapMissile","RobotSpaceExplorer:StunGrenade"],"picked":"RobotSpaceExplorer:Accelerator","floor":10},{"not_picked":["RobotSpaceExplorer:SwiftStep","RobotSpaceExplorer:Electropulse"],"picked":"RobotSpaceExplorer:JunkDive","floor":13},{"not_picked":["RobotSpaceExplorer:Jetpack","RobotSpaceExplorer:Pulsar"],"picked":"RobotSpaceExplorer:ToxicBomb","floor":14},{"not_picked":["RobotSpaceExplorer:Blaster","RobotSpaceExplorer:BlastShield"],"picked":"RobotSpaceExplorer:ShockMissile","floor":16},{"not_picked":["RobotSpaceExplorer:ShovelStrike","RobotSpaceExplorer:FranticSearch"],"picked":"RobotSpaceExplorer:FrostMissile+1","floor":18},{"not_picked":["RobotSpaceExplorer:MetalStrike","RobotSpaceExplorer:ShockKick"],"picked":"RobotSpaceExplorer:Counterblock","floor":20},{"not_picked":["RobotSpaceExplorer:SwiftStep","RobotSpaceExplorer:StarDust","RobotSpaceExplorer:DoubleFind"],"picked":"SKIP","floor":22},{"not_picked":["RobotSpaceExplorer:GlueShot","RobotSpaceExplorer:Smokescreen"],"picked":"RobotSpaceExplorer:DroneSwarm","floor":25},{"not_picked":["RobotSpaceExplorer:Pulsar","RobotSpaceExplorer:MakeshiftVolley"],"picked":"RobotSpaceExplorer:SurgingStrike","floor":28},{"not_picked":["RobotSpaceExplorer:StunGrenade","RobotSpaceExplorer:ShockKick"],"picked":"RobotSpaceExplorer:LuckyStrike","floor":30},{"not_picked":["RobotSpaceExplorer:StunGrenade","RobotSpaceExplorer:ShovelStrike"],"picked":"RobotSpaceExplorer:BigMissile+1","floor":31},{"not_picked":["RobotSpaceExplorer:Scanner","RobotSpaceExplorer:Comet"],"picked":"RobotSpaceExplorer:Blaster","floor":33},{"not_picked":["RobotSpaceExplorer:SlimeMissile","RobotSpaceExplorer:DoubleFind"],"picked":"RobotSpaceExplorer:StunGrenade","floor":35},{"not_picked":["RobotSpaceExplorer:ShovelStrike","RobotSpaceExplorer:Counterblock"],"picked":"RobotSpaceExplorer:ScrapShield","floor":37},{"not_picked":["RobotSpaceExplorer:Counterblock+1","RobotSpaceExplorer:ToxicBomb"],"picked":"RobotSpaceExplorer:ScrapToss","floor":39},{"not_picked":["RobotSpaceExplorer:MiniDrones","RobotSpaceExplorer:SurgingShield+1"],"picked":"RobotSpaceExplorer:Reload+1","floor":40},{"not_picked":["RobotSpaceExplorer:DoubleFind","RobotSpaceExplorer:SwiftStep"],"picked":"RobotSpaceExplorer:Pulsar","floor":41},{"not_picked":["RobotSpaceExplorer:SurgingShield","RobotSpaceExplorer:ShovelStrike"],"picked":"RobotSpaceExplorer:SurgingStrike+1","floor":47},{"not_picked":["RobotSpaceExplorer:Reload","RobotSpaceExplorer:MiniDrones","RobotSpaceExplorer:FrostMissile"],"picked":"SKIP","floor":48}],"player_experience":1883823,"relics_obtained":[{"floor":9,"key":"StuffTheSpire:Experiment12"},{"floor":10,"key":"aspiration:FetidBarrel"},{"floor":13,"key":"hubris:ToyBattleship"},{"floor":25,"key":"Darkstone Periapt"},{"floor":26,"key":"Centennial Puzzle"},{"floor":37,"key":"CatCart"},{"floor":40,"key":"infinitespire:Lucky Rock"},{"floor":47,"key":"MealTicket"}],"event_choices":[{"damage_healed":0,"gold_gain":0,"player_choice":"Donut","damage_taken":0,"max_hp_gain":5,"max_hp_loss":0,"event_name":"Big Fish","floor":12,"gold_loss":0},{"damage_healed":0,"gold_gain":0,"player_choice":"Copied","damage_taken":0,"max_hp_gain":0,"max_hp_loss":0,"event_name":"Duplicator","floor":19,"gold_loss":0,"cards_obtained":["RobotSpaceExplorer:ShockMissile"]},{"damage_healed":0,"gold_gain":0,"player_choice":"Upgraded","damage_taken":0,"max_hp_gain":0,"max_hp_loss":0,"event_name":"Upgrade Shrine","floor":21,"gold_loss":0,"cards_upgraded":["RobotSpaceExplorer:Accelerator"]},{"damage_healed":0,"gold_gain":0,"player_choice":"Fight","damage_taken":0,"max_hp_gain":0,"max_hp_loss":0,"event_name":"OrinTheCat","floor":37,"gold_loss":0},{"damage_healed":0,"gold_gain":0,"player_choice":"Leave","damage_taken":0,"max_hp_gain":0,"max_hp_loss":0,"event_name":"conspire:Investor","floor":38,"gold_loss":0}],"is_beta":false,"boss_relics":[{"not_picked":["halation:CatFaceCupcake","aspiration:WatcherSkillbook"],"picked":"energizedSpire:OgreHead"},{"not_picked":["halation:MonkeysPaw","aspiration:PoetsPen_weak","hubris:VirtuousBlindfold"]}],"items_purged_floors":[7,24,29],"is_endless":false,"potions_floor_spawned":[1,2,14,16,22,25,30,35,41,47],"ascension_level":13}}