{"host":"s41rn2jhghpwfrvz","time":1611514592,"event":{"mods":["BaseMod","Minty Spire (QoL Compilation)","Quick Restart","Relic Stats","SuperFastMode"],"gold_per_floor":[110,110,120,131,144,173,173,192,192,219,219,52,80,99,99,177,177,191,241,257,24,24,51,51,83,107,127,155,155,168,200,200,274,274,286,301,201,220,232,263,282,157,157,190,190,204,174,202,202,202,202,202,202,52,77,77],"floor_reached":57,"language":"ENG","playtime":1326,"items_purged":["Quick Slash","Cleave+1","Clothesline+1","Masterful Stab+1"],"score":3834,"play_id":"1edc39aa-e2c5-4385-b5b1-d48936264b70","local_time":"20210124205632","daily_mods":["SealedDeck","Diverse","DeadlyEvents"],"is_ascension_mode":true,"campfire_choices":[{"data":"Flex","floor":7,"key":"SMITH"},{"data":"Accuracy","floor":11,"key":"SMITH"},{"data":"MasterReality","floor":15,"key":"SMITH"},{"data":"Blade Dance","floor":24,"key":"SMITH"},{"data":"Feel No Pain","floor":29,"key":"SMITH"},{"floor":32,"key":"RECALL"},{"data":"Recycle","floor":45,"key":"SMITH"},{"data":"Seeing Red","floor":49,"key":"SMITH"},{"floor":53,"key":"REST"}],"circlet_count":0,"master_deck":["AscendersBane","Recycle+1","Flex+1","Seeing Red+1","Dark Embrace+1","Blade Dance+1","MasterReality+1","Accuracy+1","Feel No Pain+1"],"relics":["Burning Blood","Bronze Scales","Letter Opener","Potion Belt","ClockworkSouvenir","Incense Burner","Runic Dome","PreservedInsect","Bag of Preparation","StoneCalendar","Bag of Marbles","Anchor","Toy Ornithopter","Astrolabe","Akabeko","Prayer Wheel","Mercury Hourglass","Lantern"],"acts_visited":["Exordium","TheCity","TheBeyond","TheEnding"],"potions_floor_usage":[56,56,56,56],"damage_taken":[{"damage":0,"enemies":"Cultist","floor":1,"turns":2},{"damage":10,"enemies":"Jaw Worm","floor":3,"turns":2},{"damage":1,"enemies":"2 Louse","floor":4,"turns":2},{"damage":5,"enemies":"2 Fungi Beasts","floor":5,"turns":4},{"damage":0,"enemies":"Lagavulin","floor":6,"turns":2},{"damage":8,"enemies":"Gremlin Gang","floor":8,"turns":3},{"damage":0,"enemies":"Gremlin Nob","floor":10,"turns":2},{"damage":8,"enemies":"3 Sentries","floor":13,"turns":3},{"damage":14,"enemies":"Exordium Thugs","floor":14,"turns":2},{"damage":0,"enemies":"The Guardian","floor":16,"turns":5},{"damage":0,"enemies":"Chosen","floor":18,"turns":3},{"damage":6,"enemies":"3 Byrds","floor":20,"turns":2},{"damage":0,"enemies":"Gremlin Leader","floor":23,"turns":2},{"damage":0,"enemies":"Book of Stabbing","floor":25,"turns":1},{"damage":0,"enemies":"Centurion and Healer","floor":27,"turns":1},{"damage":0,"enemies":"Gremlin Leader","floor":28,"turns":2},{"damage":0,"enemies":"Snecko","floor":30,"turns":2},{"damage":0,"enemies":"Book of Stabbing","floor":31,"turns":2},{"damage":0,"enemies":"Collector","floor":33,"turns":2},{"damage":15,"enemies":"3 Shapes","floor":35,"turns":2},{"damage":0,"enemies":"Orb Walker","floor":36,"turns":1},{"damage":0,"enemies":"Spire Growth","floor":38,"turns":1},{"damage":0,"enemies":"4 Shapes","floor":39,"turns":1},{"damage":0,"enemies":"Giant Head","floor":40,"turns":2},{"damage":0,"enemies":"Maw","floor":41,"turns":2},{"damage":11,"enemies":"Nemesis","floor":44,"turns":3},{"damage":2,"enemies":"Writhing Mass","floor":46,"turns":2},{"damage":0,"enemies":"Reptomancer","floor":48,"turns":2},{"damage":43,"enemies":"Time Eater","floor":50,"turns":6},{"damage":0,"enemies":"Donu and Deca","floor":51,"turns":2},{"damage":0,"enemies":"Shield and Spear","floor":55,"turns":1},{"damage":64,"enemies":"The Heart","floor":56,"turns":4}],"seed_played":"2508695189079911998","potions_obtained":[{"floor":5,"key":"SmokeBomb"},{"floor":6,"key":"SmokeBomb"},{"floor":8,"key":"Fire Potion"},{"floor":13,"key":"Swift Potion"},{"floor":16,"key":"Energy Potion"},{"floor":20,"key":"Block Potion"},{"floor":33,"key":"SpeedPotion"},{"floor":39,"key":"Ancient Potion"},{"floor":44,"key":"Dexterity Potion"}],"is_trial":true,"path_per_floor":["M","?","M","M","M","E","R","M","T","E","R","$","E","M","R","B",null,"M","?","M","$","?","E","R","E","T","M","E","R","M","E","R","B",null,"M","M","$","M","M","E","M","$","T","E","R","M","?","E","R","B","B",null,"R","$","E","B",null],"character_chosen":"IRONCLAD","items_purchased":["ClockworkSouvenir","PreservedInsect"],"campfire_rested":1,"item_purchase_floors":[12,21],"current_hp_per_floor":[74,74,70,75,75,75,75,73,73,75,75,75,73,65,65,71,74,75,75,75,75,75,75,75,75,75,75,75,75,75,75,75,75,75,66,72,72,75,75,75,75,75,75,70,70,74,74,75,75,38,44,67,75,75,75,17],"gold":77,"neow_bonus":"","is_daily":false,"chose_seed":false,"campfire_upgraded":7,"win_rate":0.0,"timestamp":1611514592,"path_taken":["M","?","M","M","M","E","R","?","T","?","R","$","E","?","R","BOSS","M","?","M","$","?","E","R","E","T","M","E","R","M","E","R","BOSS","M","M","$","M","M","E","?","$","T","E","R","M","?","?","R","BOSS","BOSS","R","$","E","BOSS"],"items_purchased_type":["Relic","Relic"],"build_version":"2020-12-22","purchased_purges":4,"victory":true,"max_hp_per_floor":[75,75,75,75,75,75,75,75,75,75,75,75,75,75,75,75,75,75,75,75,75,75,75,75,75,75,75,75,75,75,75,75,75,75,75,75,75,75,75,75,75,75,75,75,75,75,75,75,75,75,75,75,75,75,75,75],"relic_stats":{"counters":[32,73],"Bronze Scales":[161],"Astrolabe":["Masterful Stab","Clothesline","Cleave"],"StoneCalendar":[0],"Prayer Wheel":1,"PreservedInsect":499,"Bag of Preparation":[38],"Letter Opener":[387],"obtain_stats":[{"Potion Belt":10,"Lantern":55,"Astrolabe":34,"StoneCalendar":25,"PreservedInsect":21,"Incense Burner":13,"Bag of Preparation":23,"Letter Opener":9,"Burning Blood":0,"Akabeko":40,"ClockworkSouvenir":12,"Mercury Hourglass":48,"Runic Dome":17,"Anchor":28,"Bronze Scales":6,"Prayer Wheel":44,"Bag of Marbles":26,"Toy Ornithopter":31},{"Potion Belt":7,"Lantern":31,"Astrolabe":19,"StoneCalendar":14,"PreservedInsect":12,"Incense Burner":8,"Bag of Preparation":13,"Letter Opener":6,"Burning Blood":0,"Akabeko":24,"ClockworkSouvenir":7,"Mercury Hourglass":28,"Runic Dome":10,"Anchor":16,"Bronze Scales":5,"Prayer Wheel":26,"Bag of Marbles":14,"Toy Ornithopter":18},{"Potion Belt":17,"Lantern":69,"Astrolabe":44,"StoneCalendar":35,"PreservedInsect":32,"Incense Burner":20,"Bag of Preparation":34,"Letter Opener":15,"Burning Blood":0,"Akabeko":51,"ClockworkSouvenir":17,"Mercury Hourglass":60,"Runic Dome":27,"Anchor":38,"Bronze Scales":12,"Prayer Wheel":56,"Bag of Marbles":35,"Toy Ornithopter":42}],"Burning Blood":102,"Toy Ornithopter":0,"Mercury Hourglass":[39]},"card_choices":[{"not_picked":["Armaments","Caltrops","Searing Blow"],"picked":"SKIP","floor":1},{"not_picked":["Sweeping Beam","Perseverance","Armaments"],"picked":"SKIP","floor":3},{"not_picked":["Havoc","Outmaneuver","Twin Strike"],"picked":"SKIP","floor":4},{"not_picked":["Sweeping Beam","Bullet Time","Stack"],"picked":"SKIP","floor":5},{"not_picked":["Indignation","Underhanded Strike"],"picked":"MasterReality","floor":6},{"not_picked":["CutThroughFate","FlyingSleeves","Anger"],"picked":"SKIP","floor":8},{"not_picked":["Flame Barrier","Intimidate"],"picked":"Accuracy","floor":10},{"not_picked":["Capacitor","Worship","Poisoned Stab"],"picked":"SKIP","floor":13},{"not_picked":["Double Energy","Whirlwind","Perfected Strike"],"picked":"SKIP","floor":14},{"not_picked":["Underhanded Strike","Dagger Throw","WheelKick"],"picked":"SKIP","floor":18},{"not_picked":["Cold Snap","Deadly Poison","Iron Wave"],"picked":"SKIP","floor":20},{"not_picked":["Clash","BattleHymn","Deadly Poison"],"picked":"SKIP","floor":23},{"not_picked":["CarveReality","Sucker Punch","Hyperbeam"],"picked":"SKIP","floor":25},{"not_picked":["CarveReality+1","Protect"],"picked":"Feel No Pain","floor":27},{"not_picked":["Quick Slash","Streamline","Cold Snap"],"picked":"SKIP","floor":28},{"not_picked":["Dagger Spray+1","Shrug It Off","Hemokinesis"],"picked":"SKIP","floor":30},{"not_picked":["Escape Plan","Bouncing Flask","Gash"],"picked":"SKIP","floor":31},{"not_picked":["Metallicize+1","ForeignInfluence+1","Carnage"],"picked":"SKIP","floor":35},{"not_picked":["Twin Strike","Sanctity+1","Blade Dance"],"picked":"SKIP","floor":36},{"not_picked":["Clash","SandsOfTime","Ghostly Armor"],"picked":"SKIP","floor":38},{"not_picked":["Rebound","Dodge and Roll","LikeWater"],"picked":"SKIP","floor":39},{"not_picked":["Sword Boomerang","SashWhip+1","EmptyFist"],"picked":"SKIP","floor":40},{"not_picked":["Juggernaut","Uppercut","Carnage"],"picked":"SKIP","floor":41},{"not_picked":["Wish","Concentrate","True Grit"],"picked":"SKIP","floor":44},{"not_picked":["EmptyMind","Twin Strike","Deadly Poison"],"picked":"SKIP","floor":46},{"not_picked":["Heatsinks","Cold Snap","Halt"],"picked":"SKIP","floor":46},{"not_picked":["BootSequence","Indignation","Deadly Poison+1"],"picked":"SKIP","floor":48},{"not_picked":["Outmaneuver","Bloodletting","Dash"],"picked":"SKIP","floor":55}],"player_experience":1851290,"relics_obtained":[{"floor":6,"key":"Bronze Scales"},{"floor":9,"key":"Letter Opener"},{"floor":10,"key":"Potion Belt"},{"floor":13,"key":"Incense Burner"},{"floor":23,"key":"Bag of Preparation"},{"floor":25,"key":"StoneCalendar"},{"floor":26,"key":"Bag of Marbles"},{"floor":28,"key":"Anchor"},{"floor":31,"key":"Toy Ornithopter"},{"floor":40,"key":"Akabeko"},{"floor":44,"key":"Prayer Wheel"},{"floor":48,"key":"Mercury Hourglass"},{"floor":55,"key":"Lantern"}],"event_choices":[{"damage_healed":0,"gold_gain":0,"player_choice":"Grow","damage_taken":0,"max_hp_gain":0,"max_hp_loss":0,"event_name":"Living Wall","floor":2,"gold_loss":0,"cards_upgraded":["Dark Embrace"]},{"damage_healed":0,"gold_gain":50,"player_choice":"Stole From Cult","damage_taken":0,"max_hp_gain":0,"max_hp_loss":0,"event_name":"Nest","floor":19,"gold_loss":0},{"cards_removed":["Finisher"],"damage_healed":0,"gold_gain":0,"player_choice":"Purged","damage_taken":0,"max_hp_gain":0,"max_hp_loss":0,"event_name":"Purifier","floor":22,"gold_loss":0},{"damage_healed":0,"gold_gain":0,"player_choice":"Bought 2 Potions","damage_taken":0,"max_hp_gain":0,"max_hp_loss":0,"event_name":"The Woman in Blue","floor":47,"gold_loss":0}],"is_beta":false,"boss_relics":[{"not_picked":["Sozu","Runic Cube"],"picked":"Runic Dome"},{"not_picked":["Black Blood","SlaversCollar"],"picked":"Astrolabe"}],"items_purged_floors":[21,37,42,54],"is_endless":false,"potions_floor_spawned":[5,6,8,13,16,20,33,39,40,41,44,46,55],"ascension_level":20}}