{"host":"Bilverbakes","time":1611458575,"event":{"mods":["2.2 Compatiblity","AchievementEnabler","BaseMod","Bestiary","Colored Map","Minty Spire (QoL Compilation)","Relic Stats","StSLib","ojb\u0027s Info Mod"],"gold_per_floor":[117,192,192,206,226,254,254,282,307,317,317,103,103,133,133,208,208,220,55,55,68,68,94,107,107,132,151,161,174,174,192,192,192,192],"floor_reached":33,"language":"ENG","playtime":1420,"items_purged":["Strike_B"],"score":574,"play_id":"21187c04-9627-4cdc-a4a4-62c99670178c","local_time":"20210123212255","is_ascension_mode":true,"campfire_choices":[{"data":"Rip and Tear","floor":7.0,"key":"SMITH"},{"data":"Chaos","floor":11.0,"key":"SMITH"},{"data":"Defragment","floor":13.0,"key":"SMITH"},{"floor":15.0,"key":"REST"},{"data":"Hologram","floor":32,"key":"SMITH"}],"circlet_count":0,"master_deck":["AscendersBane","Defend_B","Defend_B+1","Defend_B","Defend_B+1","Zap","Dualcast","Rip and Tear+1","Cold Snap","Streamline","Leap","Hologram+1","Chaos+1","Defragment+1","Coolheaded","Go for the Eyes","Core Surge","Defragment+1","Creative AI","White Noise","Leap+1","Doom and Gloom","BootSequence+1","Tempest","Ball Lightning+1","Compile Driver"],"relics":["Cracked Core","NeowsBlessing","War Paint","PreservedInsect","Anchor","Coffee Dripper","DollysMirror","DataDisk","Omamori"],"acts_visited":["Exordium","TheCity"],"potions_floor_usage":[23,29,31,33],"damage_taken":[{"damage":0.0,"enemies":"Small Slimes","floor":1.0,"turns":1.0},{"damage":0.0,"enemies":"Cultist","floor":4.0,"turns":1.0},{"damage":0.0,"enemies":"2 Louse","floor":5.0,"turns":1.0},{"damage":12.0,"enemies":"Lagavulin","floor":6.0,"turns":6.0},{"damage":23.0,"enemies":"Gremlin Nob","floor":8.0,"turns":4.0},{"damage":2.0,"enemies":"Looter","floor":10.0,"turns":3.0},{"damage":1.0,"enemies":"3 Sentries","floor":14.0,"turns":6.0},{"damage":4.0,"enemies":"Slime Boss","floor":16.0,"turns":11.0},{"damage":0,"enemies":"Chosen","floor":18,"turns":3},{"damage":10,"enemies":"Spheric Guardian","floor":21,"turns":6},{"damage":30,"enemies":"Gremlin Leader","floor":23,"turns":9},{"damage":0,"enemies":"Chosen and Byrds","floor":24,"turns":5},{"damage":0,"enemies":"Shelled Parasite and Fungi","floor":27,"turns":7},{"damage":0,"enemies":"Snecko","floor":28,"turns":5},{"damage":0,"enemies":"Snake Plant","floor":29,"turns":2},{"damage":16,"enemies":"Cultist and Chosen","floor":31,"turns":5},{"damage":9,"enemies":"Champ","floor":33,"turns":2}],"seed_played":"-2081354734230134148","potions_obtained":[{"floor":1.0,"key":"DistilledChaos"},{"floor":5.0,"key":"SkillPotion"},{"floor":10.0,"key":"BlessingOfTheForge"},{"floor":16.0,"key":"Block Potion"},{"floor":18,"key":"EssenceOfSteel"},{"floor":23,"key":"PowerPotion"},{"floor":28,"key":"SkillPotion"},{"floor":29,"key":"LiquidBronze"}],"is_trial":false,"path_per_floor":["M","?","?","M","M","E","R","E","T","M","R","$","R","E","R","B",null,"M","$","?","M","?","E","M","?","T","M","M","M","?","M","R","B"],"character_chosen":"DEFECT","items_purchased":["Defragment","Coolheaded","DollysMirror"],"campfire_rested":1,"item_purchase_floors":[12,12,19],"current_hp_per_floor":[64,53,53,53,53,41,41,18,18,16,16,16,16,15,36,32,61,61,61,61,51,51,21,21,21,21,21,21,21,21,5,5,0,0],"gold":192,"neow_bonus":"THREE_ENEMY_KILL","is_daily":false,"chose_seed":false,"campfire_upgraded":4,"win_rate":0.0,"timestamp":1611458575,"path_taken":["M","?","?","M","?","E","R","E","T","M","R","$","R","E","R","BOSS","M","$","?","M","?","E","M","?","T","M","?","M","?","?","R","BOSS"],"items_purchased_type":["Card","Card","Relic"],"build_version":"2020-12-18","purchased_purges":1,"victory":false,"max_hp_per_floor":[71,71,71,71,71,71,71,71,71,71,71,71,71,71,71,71,71,71,71,71,71,71,71,71,71,71,71,71,71,71,71,71,71,71],"relic_stats":{"counters":[17,77],"PreservedInsect":80,"War Paint":["Defend_B","Defend_B"],"obtain_stats":[{"Anchor":14,"DataDisk":23,"NeowsBlessing":0,"DollysMirror":19,"PreservedInsect":8,"Coffee Dripper":17,"Omamori":26,"War Paint":6,"Cracked Core":0},{"Anchor":7,"DataDisk":11,"NeowsBlessing":0,"DollysMirror":9,"PreservedInsect":5,"Coffee Dripper":8,"Omamori":12,"War Paint":4,"Cracked Core":0},{"Anchor":22,"DataDisk":51,"NeowsBlessing":0,"DollysMirror":36,"PreservedInsect":13,"Coffee Dripper":33,"Omamori":56,"War Paint":9,"Cracked Core":0}]},"card_choices":[{"not_picked":["Chaos","Storm"],"picked":"Rip and Tear","floor":1.0},{"not_picked":["Reprogram","Redo"],"picked":"Cold Snap","floor":4.0},{"not_picked":["Hello World","Steam"],"picked":"Streamline","floor":5.0},{"not_picked":["Melter","Streamline"],"picked":"Leap","floor":6.0},{"not_picked":["Stack","Conserve Battery"],"picked":"Hologram","floor":8.0},{"not_picked":["Double Energy","Barrage"],"picked":"Chaos","floor":10.0},{"not_picked":["Gash","Beam Cell"],"picked":"Go for the Eyes","floor":14.0},{"not_picked":["Meteor Strike","Thunder Strike"],"picked":"Core Surge","floor":16.0},{"not_picked":["Double Energy","Barrage","Consume"],"picked":"SKIP","floor":18},{"not_picked":["Stack","Hello World"],"picked":"Leap+1","floor":21},{"not_picked":["Chill","Steam Power"],"picked":"BootSequence+1","floor":23},{"not_picked":["Steam","Steam Power"],"picked":"Tempest","floor":24},{"not_picked":["Fusion","Steam","Loop"],"picked":"SKIP","floor":27},{"not_picked":["FTL","Sweeping Beam"],"picked":"Ball Lightning+1","floor":28},{"not_picked":["Cold Snap","Chaos","Loop"],"picked":"SKIP","floor":29},{"not_picked":["Defragment","Aggregate"],"picked":"Compile Driver","floor":31}],"player_experience":793484,"relics_obtained":[{"floor":6.0,"key":"War Paint"},{"floor":8.0,"key":"PreservedInsect"},{"floor":14.0,"key":"Anchor"},{"floor":23,"key":"DataDisk"},{"floor":26,"key":"Omamori"}],"event_choices":[{"damage_healed":0.0,"max_hp_gain":0.0,"max_hp_loss":0.0,"gold_gain":75.0,"event_name":"World of Goop","player_choice":"Gather Gold","floor":2.0,"gold_loss":0.0,"damage_taken":11.0},{"damage_healed":0.0,"max_hp_gain":0.0,"max_hp_loss":0.0,"gold_gain":0.0,"event_name":"Match and Keep!","player_choice":"0 cards matched","floor":3.0,"gold_loss":0.0,"damage_taken":0.0,"cards_obtained":[]},{"damage_healed":0,"gold_gain":0,"cards_transformed":["Strike_B","Strike_B"],"player_choice":"Became Test Subject","damage_taken":0,"max_hp_gain":0,"max_hp_loss":0,"event_name":"Drug Dealer","floor":20,"gold_loss":0,"cards_obtained":["Creative AI","White Noise"]},{"damage_healed":0,"gold_gain":0,"player_choice":"Read","damage_taken":0,"max_hp_gain":0,"max_hp_loss":0,"event_name":"The Library","floor":22,"gold_loss":0,"cards_obtained":["Doom and Gloom"]},{"cards_removed":["Strike_B"],"damage_healed":0,"gold_gain":0,"player_choice":"Elegance","damage_taken":0,"max_hp_gain":0,"max_hp_loss":0,"event_name":"Back to Basics","floor":25,"gold_loss":0},{"damage_healed":0,"gold_gain":0,"player_choice":"Cursed","damage_taken":0,"max_hp_gain":0,"max_hp_loss":0,"event_name":"Wheel of Change","floor":30,"gold_loss":0,"cards_obtained":["Decay"]}],"is_beta":true,"boss_relics":[{"not_picked":["SacredBark","Nuclear Battery"],"picked":"Coffee Dripper"}],"items_purged_floors":[12],"is_endless":false,"potions_floor_spawned":[1,5,10,16,18,23,28,29],"killed_by":"Champ","ascension_level":20}}