{"host":"0x0gr83ly0vxzjzg","time":1611519108,"event":{"mods":["BaseMod","Bestiary","Better Skull","Curses Come First","Downfall","Hubris","Infinite Spire","Minty Spire (QoL Compilation)","Replay The Spire","Shop Mod","Spire Arcade","StSLib","The Cursed","The Servant 0.9.4"],"gold_per_floor":[99,115,128,142,162,312,312,312,330,345,97,147,163,182,200,298,298,298,317,328,345,345,360,387,387,406,419,419,419,419],"floor_reached":28,"language":"ENG","playtime":3054,"items_purged":[],"score":220,"play_id":"1e0d3530-2c38-4d83-b7a4-e2a7b999afee","local_time":"20210124151148","is_ascension_mode":false,"campfire_choices":[{"floor":1.0,"key":"RECALL"},{"data":"bronze:Verify","floor":18.0,"key":"SMITH"}],"circlet_count":0,"master_deck":["bronze:Strike","bronze:Strike","bronze:Strike","bronze:Strike","bronze:Defend","bronze:Defend","bronze:Defend","bronze:Defend","bronze:Replicate","bronze:Goto","bronze:Branch","bronze:ClassDefault","bronze:BuggyMess","bronze:Overload","downfall:Icky","bronze:DelayedSlice","bronze:Verify+1","bronze:Safeguard","bronze:Allocate","bronze:Repulsor","bronze:Boost","bronze:Repair","bronze:DelayedGuard","bronze:ChildClass","bronze:HardenedForm","bronze:Branch","bronze:ShipIt","bronze:Overheat+1","bronze:Branch+1","bronze:GetLatest+1","bronze:ChildClass+1","bronze:ForceShield","bronze:FineTuning"],"relics":["bronze:BronzeCore","Gremlin Horn","Bag of Marbles","Replay:Bottled Flurry","Sozu","MealTicket","Painkiller Herb"],"acts_visited":["Exordium","TheCity"],"potions_floor_usage":[],"damage_taken":[{"damage":2.0,"enemies":"2 Louse","floor":2.0,"turns":3.0},{"damage":1.0,"enemies":"Jaw Worm","floor":3.0,"turns":4.0},{"damage":0.0,"enemies":"Cultist","floor":4.0,"turns":4.0},{"damage":14.0,"enemies":"Large Slime","floor":5.0,"turns":8.0},{"damage":0.0,"enemies":"Blue Slaver","floor":9.0,"turns":3.0},{"damage":3.0,"enemies":"Exordium Wildlife","floor":10.0,"turns":4.0},{"damage":2.0,"enemies":"downfall:FleeingMerchant","floor":11.0,"turns":4.0},{"damage":0.0,"enemies":"Large Slime","floor":13.0,"turns":5.0},{"damage":5.0,"enemies":"3 Louse","floor":14.0,"turns":3.0},{"damage":0.0,"enemies":"2 Fungi Beasts","floor":15.0,"turns":6.0},{"damage":31.0,"enemies":"WA_ARCHETYPE_RETAIN","floor":16.0,"turns":9.0},{"damage":4.0,"enemies":"Shell Parasite","floor":19.0,"turns":4.0},{"damage":36.0,"enemies":"Snake Plant","floor":20.0,"turns":7.0},{"damage":20.0,"enemies":"3 Cultists","floor":21.0,"turns":7.0},{"damage":20.0,"enemies":"Centurion and Healer","floor":23.0,"turns":9.0},{"damage":6.0,"enemies":"Snake Plant","floor":26.0,"turns":7.0},{"damage":2,"enemies":"3 Cultists","floor":27,"turns":9},{"damage":17,"enemies":"Cultist and Chosen","floor":28,"turns":5}],"seed_played":"-8940451937604374786","potions_obtained":[{"floor":3.0,"key":"Block Potion"},{"floor":4.0,"key":"CultistPotion"},{"floor":5.0,"key":"champ:CounterPotion"},{"floor":9.0,"key":"ColorlessPotion"},{"floor":14.0,"key":"Venom Potion"},{"floor":16.0,"key":"Adrenaline Potion"}],"is_trial":false,"path_per_floor":["R","M","M","M","M","?","T","?","M","M","$","?","M","M","M","B",null,"R","M","M","M","?","M","T","AVR","?","?","?"],"character_chosen":"THE_AUTOMATON","items_purchased":["bronze:Allocate","bronze:Repulsor","bronze:Boost"],"campfire_rested":0,"item_purchase_floors":[11,11,11],"current_hp_per_floor":[77,75,74,74,60,60,60,48,48,45,43,43,50,52,59,35,77,77,73,44,24,24,11,11,11,12,17,0,0,0],"gold":419,"neow_bonus":"TEN_PERCENT_HP_BONUS","is_daily":false,"chose_seed":false,"campfire_upgraded":1,"win_rate":0.0,"timestamp":1611519108,"path_taken":["R","M","M","M","M","?","T","?","M","M","$","?","M","M","M","BOSS","R","M","M","M","?","M","T","AVR","?","?","?"],"items_purchased_type":["Card","Card","Card"],"build_version":"2020-12-22","purchased_purges":0,"victory":false,"max_hp_per_floor":[77,77,77,77,77,77,77,77,77,77,77,77,77,77,77,77,77,77,77,77,77,77,77,77,77,77,77,77,77,77],"card_choices":[{"not_picked":["bronze:OilSpill","bronze:Return"],"picked":"bronze:Branch","floor":2.0},{"not_picked":["bronze:Deprecate","bronze:NullPointer"],"picked":"bronze:ClassDefault","floor":3.0},{"not_picked":["bronze:Overload","bronze:CutThrough"],"picked":"bronze:BuggyMess","floor":4.0},{"not_picked":["bronze:BuggyMess","bronze:BitShift"],"picked":"bronze:Overload","floor":5.0},{"not_picked":["bronze:Deprecate","bronze:ChosenStrike"],"picked":"bronze:DelayedSlice","floor":9.0},{"not_picked":["bronze:Shield","bronze:FollowUp"],"picked":"bronze:Verify","floor":10.0},{"not_picked":["bronze:Deprecate","bronze:BugBarrage"],"picked":"bronze:Safeguard","floor":11.0},{"not_picked":["bronze:OilSpill","bronze:Overheat"],"picked":"bronze:Repair","floor":12.0},{"not_picked":["bronze:ClassDefault","bronze:BuggyMess"],"picked":"bronze:DelayedGuard","floor":12.0},{"not_picked":["bronze:BitShift","bronze:Safeguard"],"picked":"bronze:ChildClass","floor":13.0},{"not_picked":["bronze:Repair","bronze:BitShift"],"picked":"bronze:HardenedForm","floor":14.0},{"not_picked":["bronze:DelayedGuard","bronze:Frontload"],"picked":"bronze:Branch","floor":15.0},{"not_picked":["bronze:BurnOut","bronze:FindAndReplace"],"picked":"bronze:ShipIt","floor":16.0},{"not_picked":["bronze:NullPointer","bronze:Repulsor"],"picked":"bronze:Overheat+1","floor":19.0},{"not_picked":["bronze:DelayedSlice","bronze:Shield"],"picked":"bronze:Branch+1","floor":20.0},{"not_picked":["bronze:DelayedGuard","bronze:ClassDefault+1"],"picked":"bronze:GetLatest+1","floor":21.0},{"not_picked":["bronze:DigitalCarnage","bronze:Deprecate"],"picked":"bronze:ChildClass+1","floor":23.0},{"not_picked":["bronze:Shield+1","bronze:Overheat"],"picked":"bronze:ForceShield","floor":26.0},{"not_picked":["bronze:OilSpill","bronze:Shell"],"picked":"bronze:FineTuning","floor":27}],"player_experience":138721,"relics_obtained":[{"floor":7.0,"key":"Gremlin Horn"},{"floor":12.0,"key":"Replay:Bottled Flurry"},{"floor":24.0,"key":"MealTicket"}],"event_choices":[{"damage_healed":0.0,"max_hp_gain":0.0,"max_hp_loss":0.0,"gold_gain":0.0,"event_name":"Scrap Ooze","player_choice":"Success","floor":8.0,"gold_loss":0.0,"damage_taken":12.0,"relics_obtained":["Bag of Marbles"]}],"is_beta":false,"boss_relics":[{"not_picked":["Runic Dome","Cursed Key"],"picked":"Sozu"}],"items_purged_floors":[],"is_endless":false,"potions_floor_spawned":[3,4,5,9,14,16,20],"killed_by":"Cultist and Chosen","ascension_level":0}}