{"host":"he07elbwfbprxmdo","time":1611512292,"event":{"mods":["BaseMod","Better Skull","Better Third Choice","Better Vampires","Block Reminder","Clockwork Mod","Colored Map","Downfall","Energized Spire","Fox Events","Halation","Hermit","Highlight Path","Marisa????????","Minty Spire (QoL Compilation)","Relic Stats","StSLib","The Animator","The Servant 0.9.4","Unceasing Turn Reminder"],"gold_per_floor":[359,372,383,413,177,177,194,194,194],"floor_reached":8,"language":"ENG","playtime":2243,"items_purged":[],"score":48,"play_id":"504e471e-4541-42a7-9b02-e15591855cf4","local_time":"20210124201812","is_ascension_mode":false,"campfire_choices":[],"circlet_count":0,"master_deck":["Clockwork:Strike","Clockwork:Strike","Clockwork:Strike","Clockwork:Strike","Clockwork:Shield","Clockwork:Shield","Clockwork:Shield","Clockwork:Shield","Clockwork:Tinker","Clockwork:WarmUp","Clockwork:CogToss","Clockwork:CogToss","Clockwork:EnthusiasticStrike","Clockwork:EnthusiasticStrike"],"relics":["Clockwork:MomentumEngine","Clockwork:GoldenCog","foxEvents:LuckyCharm","DollysMirror"],"acts_visited":["Exordium"],"potions_floor_usage":[],"damage_taken":[{"damage":0.0,"enemies":"Small Slimes","floor":1.0,"turns":8.0},{"damage":11.0,"enemies":"Jaw Worm","floor":2.0,"turns":8.0},{"damage":11.0,"enemies":"Cultist","floor":3.0,"turns":6.0},{"damage":13,"enemies":"Colosseum Slavers","floor":4,"turns":6},{"damage":12,"enemies":"Blue Slaver","floor":7,"turns":6},{"damage":21,"enemies":"Lagavulin","floor":8,"turns":4}],"seed_played":"6844819360086239866","potions_obtained":[],"is_trial":false,"path_per_floor":["M","M","M","?","$","?","M","E"],"character_chosen":"CLOCKWORK","items_purchased":["Clockwork:EnthusiasticStrike","DollysMirror"],"campfire_rested":0,"item_purchase_floors":[5,5],"current_hp_per_floor":[61,50,39,26,26,26,14,0,0],"gold":194,"neow_bonus":"TWO_FIFTY_GOLD","is_daily":false,"chose_seed":false,"campfire_upgraded":0,"win_rate":0.0,"timestamp":1611512292,"path_taken":["M","M","M","?","$","?","?","E"],"items_purchased_type":["Card","Relic"],"build_version":"2020-12-22","purchased_purges":0,"victory":false,"max_hp_per_floor":[85,85,85,85,85,85,85,85,85],"relic_stats":{"counters":[6,38],"obtain_stats":[{"Clockwork:MomentumEngine":0,"DollysMirror":5,"foxEvents:LuckyCharm":4,"Clockwork:GoldenCog":3},{"Clockwork:MomentumEngine":0,"DollysMirror":4,"foxEvents:LuckyCharm":4,"Clockwork:GoldenCog":3},{"Clockwork:MomentumEngine":0,"DollysMirror":28,"foxEvents:LuckyCharm":28,"Clockwork:GoldenCog":20}]},"card_choices":[{"not_picked":["Clockwork:Enhance","Clockwork:ChargingBlade"],"picked":"Clockwork:CogToss","floor":1.0},{"not_picked":["Clockwork:ChargingBlade","Clockwork:SpurOn"],"picked":"Clockwork:CogToss","floor":2.0},{"not_picked":["Clockwork:Redundancy","Clockwork:TimeOut","Clockwork:ChargingShield"],"picked":"SKIP","floor":3.0},{"not_picked":["Clockwork:RitualDaggerMk0","Clockwork:FalseStart","Clockwork:Inspiration"],"picked":"SKIP","floor":7}],"player_experience":162157,"relics_obtained":[{"floor":4,"key":"foxEvents:LuckyCharm"}],"event_choices":[{"damage_healed":0,"gold_gain":0,"player_choice":"Ignored","damage_taken":0,"max_hp_gain":0,"max_hp_loss":0,"event_name":"Golden Wing","floor":6,"gold_loss":0}],"is_beta":false,"boss_relics":[],"items_purged_floors":[],"is_endless":false,"potions_floor_spawned":[],"killed_by":"Lagavulin","ascension_level":0}}