{"host":"rj1j8apb2x4vafcu","time":1611469306,"event":{"mods":["AchievementEnabler","Act Like it!","BaseMod","Colored Map","Colored Powertips","Minty Spire (QoL Compilation)","Rare Cards Sparkle","StSLib"],"gold_per_floor":[17,30,30,48,48,91,114,289,289,289,314,328,328,19,19,150,150,164,184,99,117,117,117,117],"floor_reached":23,"language":"ENG","playtime":1441,"items_purged":[],"score":212,"play_id":"e0e99acb-e51d-48da-9ac7-bd4af2baf53e","local_time":"20210124042146","is_ascension_mode":true,"campfire_choices":[{"data":"Barricade","floor":10,"key":"SMITH"},{"data":"Body Slam","floor":13,"key":"SMITH"},{"floor":15,"key":"REST"}],"circlet_count":0,"master_deck":["Strike_R","Strike_R+1","Strike_R","Strike_R+1","Strike_R","Defend_R","Defend_R","Defend_R","Defend_R","Bash","Barricade+1","Rage","Body Slam+1","Disarm","Reaper","Rage","Doubt","Entrench","Juggernaut","Demon Form","Iron Wave","True Grit+1"],"relics":["Burning Blood","Golden Idol","Pear","Mercury Hourglass","Ancient Tea Set","Coffee Dripper","HornCleat"],"acts_visited":["Exordium","TheCity"],"potions_floor_usage":[7,16,19,21,23],"damage_taken":[{"damage":3,"enemies":"2 Louse","floor":1,"turns":4},{"damage":10,"enemies":"Jaw Worm","floor":2,"turns":4},{"damage":0,"enemies":"Small Slimes","floor":4,"turns":5},{"damage":28,"enemies":"3 Sentries","floor":6,"turns":13},{"damage":0,"enemies":"Looter","floor":7,"turns":4},{"damage":16,"enemies":"3 Louse","floor":11,"turns":4},{"damage":15,"enemies":"Blue Slaver","floor":12,"turns":6},{"damage":70,"enemies":"Slime Boss","floor":16,"turns":15},{"damage":38,"enemies":"2 Thieves","floor":18,"turns":5},{"damage":7,"enemies":"3 Byrds","floor":19,"turns":5},{"damage":27,"enemies":"Shelled Parasite and Fungi","floor":21,"turns":6},{"damage":64,"enemies":"Gremlin Leader","floor":23,"turns":3}],"seed_played":"8311493121138397210","potions_obtained":[{"floor":1,"key":"Dexterity Potion"},{"floor":4,"key":"ElixirPotion"},{"floor":7,"key":"Regen Potion"},{"floor":18,"key":"AttackPotion"},{"floor":19,"key":"Fire Potion"}],"is_trial":false,"path_per_floor":["M","M","?","M","?","E","M","?","T","R","M","M","R","$","R","B",null,"M","M","?","M","?","E"],"character_chosen":"IRONCLAD","items_purchased":["Juggernaut","Ancient Tea Set"],"campfire_rested":1,"item_purchase_floors":[14,14],"current_hp_per_floor":[80,76,56,62,46,34,40,40,40,40,30,25,25,25,52,7,90,58,63,63,60,60,0,0],"gold":117,"neow_bonus":"THREE_RARE_CARDS","is_daily":false,"chose_seed":false,"campfire_upgraded":2,"win_rate":0.0,"timestamp":1611469306,"path_taken":["M","M","?","M","?","E","M","?","T","R","M","?","R","$","R","BOSS","M","M","?","M","?","E"],"items_purchased_type":["Card","Relic"],"build_version":"2020-12-22","purchased_purges":0,"victory":false,"max_hp_per_floor":[80,80,80,80,80,90,90,90,90,90,90,90,90,90,90,90,90,90,90,90,90,90,90,90],"card_choices":[{"not_picked":["Brutality","Immolate"],"picked":"Barricade","floor":0},{"not_picked":["Dropkick","Sever Soul"],"picked":"Rage","floor":1},{"not_picked":["Flex","Evolve"],"picked":"Body Slam","floor":2},{"not_picked":["Thunderclap","Evolve"],"picked":"Disarm","floor":4},{"not_picked":["Burning Pact","Clash"],"picked":"Reaper","floor":6},{"not_picked":["Burning Pact","Blood for Blood"],"picked":"Rage","floor":7},{"not_picked":["Blood for Blood","Flex"],"picked":"Entrench","floor":11},{"not_picked":["Warcry","Wild Strike","Clothesline"],"picked":"SKIP","floor":12},{"not_picked":["Fiend Fire","Juggernaut"],"picked":"Demon Form","floor":16},{"not_picked":["Sever Soul","Clash+1"],"picked":"Iron Wave","floor":18},{"not_picked":["Pommel Strike","Cleave","Uppercut"],"picked":"SKIP","floor":19},{"not_picked":["Iron Wave","Uppercut"],"picked":"True Grit+1","floor":21}],"player_experience":94380,"relics_obtained":[{"floor":6,"key":"Pear"},{"floor":9,"key":"Mercury Hourglass"}],"event_choices":[{"damage_healed":0,"gold_gain":0,"player_choice":"Take Damage","damage_taken":20,"relics_obtained":["Golden Idol"],"max_hp_gain":0,"max_hp_loss":0,"event_name":"Golden Idol","floor":3,"gold_loss":0},{"damage_healed":0,"gold_gain":0,"player_choice":"Entered Light","damage_taken":16,"max_hp_gain":0,"max_hp_loss":0,"event_name":"Shining Light","floor":5,"gold_loss":0,"cards_upgraded":["Strike_R","Strike_R"]},{"damage_healed":0,"gold_gain":175,"player_choice":"AGREE","damage_taken":0,"max_hp_gain":0,"max_hp_loss":0,"event_name":"Liars Game","floor":8,"gold_loss":0,"cards_obtained":["Doubt"]},{"damage_healed":0,"gold_gain":0,"player_choice":"Obtained Relic","damage_taken":0,"relics_obtained":["HornCleat"],"max_hp_gain":0,"max_hp_loss":0,"event_name":"Addict","floor":20,"gold_loss":85},{"damage_healed":0,"gold_gain":0,"player_choice":"Ignored","damage_taken":0,"max_hp_gain":0,"max_hp_loss":0,"event_name":"Vampires","floor":22,"gold_loss":0}],"is_beta":false,"boss_relics":[{"not_picked":["Runic Cube","Velvet Choker"],"picked":"Coffee Dripper"}],"items_purged_floors":[],"is_endless":false,"potions_floor_spawned":[1,4,7,18,19],"killed_by":"Gremlin Leader","ascension_level":2}}