{"host":"bc298c4gavna5tx2","time":1611469731,"event":{"mods":["ATMod(阿瑾Mod)","Act Like it!","BaseMod","Challenge The Spire","Lobotomy","Minty Spire (QoL Compilation)","MostiFishMod","Quarter Circle Forward PUNCH!","Quick Restart","Replay The Spire","Spicy Shops","StSLib","【功能Mod】混沌之环修复补丁","【功能Mod】聪明的最终Boss","【遗物卡牌】REMEMod"],"gold_per_floor":[112,132,150,213,213,240,251,251,251,264,277,297,330,330,330,432,432,449,449,461,476,476,501,513,513,513,513,64,82,113,125,125,230,230,241,260,260,311,163,189,239,269,269,269,283,57,74,94,94,94,94,94,94,94,94],"floor_reached":56,"language":"ZHS","playtime":2225,"items_purged":["Doubt"],"score":2635,"play_id":"bff9c59f-70b3-4488-b390-a9cc7090f1dc","local_time":"20210124142851","is_ascension_mode":true,"campfire_choices":[{"data":"MostiFishMod:RainCloud","floor":8,"key":"SMITH"},{"floor":15,"key":"REST"},{"floor":25,"key":"RECALL"},{"data":"Berserk","floor":32,"key":"SMITH"},{"data":"MostiFishMod:RacingGame","floor":49,"key":"SMITH"},{"data":"Freischutz","floor":52,"key":"PURGE"}],"circlet_count":0,"master_deck":["WhiteNight","Strike_R","Strike_R","Strike_R","Defend_R","Defend_R","Defend_R","Bash","HereticApostle","MostiFishMod:RainCloud+1","AT_BodySlamDance+1","BigBadWolf","Berserk+1","BlueStar","MostiFishMod:RacingGame+1","BodiesMountain"],"relics":["Burning Blood","AT_ATBox","DaveBox","REME_ComplimentaryCards","EGODaCapo","CogitoBucket","SynthV:TestCard","Pet Ghost","Kunai","BehaviorAdjustment","AT_LudenTempest","FeatherPendant","HellTrain","Anchor","White Beast Statue","Blood Vial","Sling","AT_BladeRuinedKing","Theresia","REME_IWantAll","ShadowXiaoBlade","Peace Pipe","AT_SunfireAegis","qcfpunch:Handcuffs","Thread and Needle","Incense Burner","ReplayTheSpireMod:Shallot","Boot","REME_PuzzleBoxRelic","DeathAngel"],"acts_visited":["Exordium","TheCity","TheBeyond","TheEnding"],"potions_floor_usage":[13,13,13,16,18,22,29,29,29],"damage_taken":[{"damage":0,"enemies":"Cultist","floor":1,"turns":2},{"damage":0,"enemies":"2 Louse","floor":2,"turns":1},{"damage":10,"enemies":"Small Slimes","floor":3,"turns":2},{"damage":0,"enemies":"3 Sentries","floor":6,"turns":3},{"damage":9,"enemies":"Gremlin Gang","floor":7,"turns":2},{"damage":21,"enemies":"Large Slime","floor":10,"turns":5},{"damage":3,"enemies":"3 Louse","floor":11,"turns":2},{"damage":0,"enemies":"Looter","floor":12,"turns":1},{"damage":0,"enemies":"Lagavulin","floor":13,"turns":2},{"damage":48,"enemies":"Fading Forest","floor":16,"turns":11},{"damage":0,"enemies":"Shell Parasite","floor":18,"turns":2},{"damage":0,"enemies":"Chosen","floor":20,"turns":2},{"damage":0,"enemies":"Snake Plant","floor":21,"turns":2},{"damage":0,"enemies":"Gremlin Leader","floor":23,"turns":3},{"damage":0,"enemies":"Cultist and Chosen","floor":24,"turns":2},{"damage":0,"enemies":"3 Cultists","floor":29,"turns":2},{"damage":0,"enemies":"Replay:Snechameleon","floor":30,"turns":2},{"damage":0,"enemies":"Sentry and Sphere","floor":31,"turns":2},{"damage":0,"enemies":"Pondfish","floor":33,"turns":2},{"damage":12,"enemies":"3 Shapes","floor":35,"turns":2},{"damage":0,"enemies":"Orb Walker","floor":36,"turns":2},{"damage":2,"enemies":"2 Orb Walkers","floor":38,"turns":2},{"damage":4,"enemies":"R_Hoarder","floor":40,"turns":3},{"damage":0,"enemies":"Mind Bloom Boss Battle","floor":41,"turns":1},{"damage":0,"enemies":"Nemesis","floor":42,"turns":1},{"damage":0,"enemies":"Jaw Worm Horde","floor":45,"turns":1},{"damage":0,"enemies":"3 Darklings","floor":47,"turns":2},{"damage":0,"enemies":"Writhing Mass","floor":48,"turns":1},{"damage":3,"enemies":"FixerMidnight","floor":50,"turns":2},{"damage":1,"enemies":"Shield and Spear","floor":54,"turns":1},{"damage":1,"enemies":"The Heart","floor":55,"turns":2}],"seed_played":"-3651381058722752314","potions_obtained":[{"floor":4,"key":"Swift Potion"},{"floor":4,"key":"GamblersBrew"},{"floor":10,"key":"Flashbang"},{"floor":12,"key":"Energy Potion"},{"floor":13,"key":"Venom Potion"},{"floor":16,"key":"AttackPotion"},{"floor":21,"key":"Ancient Potion"},{"floor":22,"key":"REME_GoldPotion"},{"floor":22,"key":"Swift Potion"},{"floor":22,"key":"AttackPotion"},{"floor":30,"key":"Adrenaline Potion"},{"floor":31,"key":"LiquidBronze"},{"floor":33,"key":"LiquidMemories"},{"floor":35,"key":"Energy Potion"},{"floor":47,"key":"Adrenaline Potion"}],"is_trial":false,"path_per_floor":["M","M","M","?","?","E","M","R","T","M","M","M","E","?","R","B",null,"M","?","M","M","?","E","M","R","T","?","$","M","E","M","R","B",null,"M","M","?","?","$","E","?","E","T","?","M","$","M","M","R","B",null,"R","$","E","B",null],"character_chosen":"IRONCLAD","items_purchased":["Blood Vial","Sling","AT_BladeRuinedKing","AT_SunfireAegis","Boot","REME_PuzzleBoxRelic"],"campfire_rested":1,"item_purchase_floors":[28,28,28,39,46,46],"current_hp_per_floor":[78,80,76,56,90,90,87,87,87,72,75,81,15,15,42,20,73,79,79,85,90,90,90,90,90,90,90,90,90,90,90,90,90,90,84,90,90,90,90,94,94,94,94,94,94,94,94,94,94,94,94,94,94,93,94],"gold":94,"neow_bonus":"","is_daily":false,"chose_seed":false,"campfire_upgraded":3,"win_rate":0.0,"timestamp":1611469731,"path_taken":["M","?","M","?","?","E","M","R","T","M","M","?","E","?","R","BOSS","M","?","M","M","?","E","?","R","T","?","$","M","E","M","R","BOSS","M","M","?","?","$","E","?","E","T","?","M","$","M","M","R","BOSS","R","$","E","BOSS"],"items_purchased_type":["Relic","Relic","Relic","Relic","Relic","Relic"],"build_version":"2020-12-22","purchased_purges":1,"victory":true,"max_hp_per_floor":[80,80,80,80,90,90,90,90,90,90,90,90,90,90,90,90,90,90,90,90,90,90,90,90,90,90,90,90,90,90,90,90,90,90,90,90,90,90,90,94,94,94,94,94,94,94,94,94,94,94,94,94,94,94,94],"card_choices":[{"not_picked":["FairyFestival","CherryBlossoms"],"picked":"ShyLook","floor":1},{"not_picked":["Intimidate","True Grit","Headbutt"],"picked":"SKIP","floor":1},{"not_picked":["ReplayReversal","Clothesline","AT_IchimonjiDouble","Entrench"],"picked":"AT_BodySlamDance","floor":2},{"not_picked":["PunishingBird","BeautyBeast"],"picked":"Freischutz","floor":3},{"not_picked":["ReplayTheSpireMod:Strike From Hell","Iron Wave","Fire Breathing","Replay:Undeath\u0027s Touch","Run Through"],"picked":"SKIP","floor":3},{"not_picked":["Armaments","Heavy Blade","Thunderclap","Perfected Strike"],"picked":"AT_Dispersion","floor":4},{"not_picked":["Entrench","Iron Wave","Uppercut","Pommel Strike","Rampage"],"picked":"SKIP","floor":6},{"not_picked":["Shrug It Off","Cleave","Replay:Undeath\u0027s Touch","Defy Death"],"picked":"REME_ACTH","floor":7},{"not_picked":["Battle Trance","REME_ACTH","Flex","Seeing Red","Clothesline"],"picked":"SKIP","floor":10},{"not_picked":["Porccubus","Scorched"],"picked":"Yin","floor":11},{"not_picked":["Dropkick","ReplayTheSpireMod:Strike From Hell","AT_BodySlamDance","Wild Strike","Clothesline"],"picked":"SKIP","floor":11},{"not_picked":["Flex","Twin Strike","ReplayTheSpireMod:Muscle Training","ReplayTheSpireMod:Strike From Hell","Abandon"],"picked":"SKIP","floor":12},{"not_picked":["Armaments","Warcry","Battle Trance","Replay:Undeath\u0027s Touch","Body Slam"],"picked":"SKIP","floor":13},{"not_picked":["Armaments","Warcry","Battle Trance","Replay:Undeath\u0027s Touch","Body Slam"],"picked":"SKIP","floor":13},{"not_picked":["Rudolta","MeatLantern"],"picked":"BigBadWolf","floor":16},{"not_picked":["REME_TheLastStrike","REME_Fury","REME_ACTH","Bludgeon"],"picked":"Berserk","floor":16},{"not_picked":["Perfected Strike+1","Warcry","Feed","AT_IchimonjiDouble","MostiFishMod:BrandingRite"],"picked":"SKIP","floor":18},{"not_picked":["Perfected Strike","Reckless Charge","Clash","AT_CaressingTears","Anger+1"],"picked":"SKIP","floor":20},{"not_picked":["Havoc","Whirlwind","Cleave+1","Heavy Blade","Wild Strike"],"picked":"SKIP","floor":21},{"not_picked":["Havoc","Whirlwind","Cleave+1","Heavy Blade","Wild Strike"],"picked":"SKIP","floor":21},{"not_picked":["Scorched","OldLady"],"picked":"WhitesApple","floor":23},{"not_picked":["Perfected Strike+1","Power Through","Infernal Blade+1","AT_IchimonjiDouble","Searing Blow"],"picked":"SKIP","floor":23},{"not_picked":["Flex","Twin Strike+1","Warcry+1","AT_IchimonjiDouble","Clash+1"],"picked":"SKIP","floor":24},{"not_picked":["Anger","MostiFishMod:ChineseTea","ReplayReversal","Replay:Undeath\u0027s Touch","Twin Strike"],"picked":"SKIP","floor":29},{"not_picked":["Dark Embrace","Fire Breathing","Entrench","Thunderclap","Dropkick+1"],"picked":"SKIP","floor":30},{"not_picked":["Carnage","AT_GerminateFire+1","Shrug It Off","Massacre+1","AT_DrawKnifeCut"],"picked":"SKIP","floor":31},{"not_picked":["Demon Form","MostiFishMod:NewArrival","REME_Fury","MostiFishMod:404NotFound"],"picked":"Limit Break","floor":33},{"not_picked":["Replay:Undeath\u0027s Touch","Twin Strike+1","AT_ManFootWork+1","REME_Scribble+1","Demonic Infusion"],"picked":"SKIP","floor":35},{"not_picked":["MostiFishMod:BrandingRite+1","AT_IchimonjiDouble","ReplayTheSpireMod:Limb From Limb+1","Havoc","Pommel Strike+1"],"picked":"SKIP","floor":36},{"not_picked":["CherryBlossoms","SnowQueen"],"picked":"BlueStar","floor":38},{"not_picked":["ReplayTheSpireMod:LeadingStrike+1","Reckless Charge+1","MostiFishMod:OrdinaryWorld","Armaments+1","Pummel+1"],"picked":"SKIP","floor":40},{"not_picked":["GalaxyChild","Porccubus"],"picked":"PlagueDoctor","floor":42},{"not_picked":["MostiFishMod:FireWorks","AT_DrawKnifeCut+1","Shrug It Off+1","Bloodletting"],"picked":"MostiFishMod:RacingGame","floor":42},{"not_picked":["Funeral","Rudolta"],"picked":"BodiesMountain","floor":45},{"not_picked":["Rage","Wild Strike","Run Through+1","Thunderclap","ReplayTheSpireMod:Muscle Training"],"picked":"SKIP","floor":45},{"not_picked":["Burning Pact+1","Flex","Shockwave+1","Heavy Blade+1","Dual Wield+1"],"picked":"SKIP","floor":47},{"not_picked":["Rampage+1","Evolve","Demonic Infusion","Clothesline","AT_IchimonjiDouble+1"],"picked":"SKIP","floor":48}],"player_experience":110597,"relics_obtained":[{"floor":1,"key":"SynthV:TestCard"},{"floor":4,"key":"Pet Ghost"},{"floor":6,"key":"Kunai"},{"floor":13,"key":"AT_LudenTempest"},{"floor":23,"key":"Anchor"},{"floor":26,"key":"White Beast Statue"},{"floor":30,"key":"REME_IWantAll"},{"floor":38,"key":"Peace Pipe"},{"floor":40,"key":"qcfpunch:Handcuffs"},{"floor":41,"key":"Thread and Needle"},{"floor":42,"key":"Incense Burner"},{"floor":43,"key":"ReplayTheSpireMod:Shallot"},{"floor":54,"key":"DeathAngel"}],"event_choices":[{"cards_removed":["AT_Dispersion"],"damage_healed":24,"gold_gain":0,"player_choice":"Offered Rare","damage_taken":0,"max_hp_gain":10,"max_hp_loss":0,"event_name":"Bonfire Elementals","floor":5,"gold_loss":0},{"damage_healed":0,"gold_gain":0,"player_choice":"Ignored","damage_taken":0,"max_hp_gain":0,"max_hp_loss":0,"event_name":"Shining Light","floor":14,"gold_loss":0},{"damage_healed":0,"gold_gain":0,"player_choice":"Ignored","damage_taken":0,"max_hp_gain":0,"max_hp_loss":0,"event_name":"Ghosts","floor":19,"gold_loss":0},{"damage_healed":0,"gold_gain":0,"player_choice":"Got Potions","damage_taken":0,"max_hp_gain":0,"max_hp_loss":0,"event_name":"Lab","floor":22,"gold_loss":0},{"damage_healed":0,"gold_gain":0,"player_choice":"Forge","damage_taken":0,"max_hp_gain":0,"max_hp_loss":0,"event_name":"Accursed Blacksmith","floor":27,"gold_loss":0,"cards_upgraded":["AT_BodySlamDance"]},{"damage_healed":0,"gold_gain":0,"player_choice":"Fight","damage_taken":0,"max_hp_gain":0,"max_hp_loss":0,"event_name":"Mysterious Sphere","floor":38,"gold_loss":0},{"damage_healed":0,"gold_gain":0,"player_choice":"Fight","damage_taken":0,"max_hp_gain":0,"max_hp_loss":0,"event_name":"MindBloom","floor":41,"gold_loss":0},{"damage_healed":0,"gold_gain":0,"player_choice":"Memory 1","damage_taken":0,"max_hp_gain":0,"max_hp_loss":0,"event_name":"SensoryStone","floor":44,"gold_loss":0}],"is_beta":false,"boss_relics":[{"not_picked":["Replay:Ancient Bell","Abe\u0027s Treasure"],"picked":"FeatherPendant"},{"not_picked":["TakeMeEscape","Electric Blood"],"picked":"ShadowXiaoBlade"}],"items_purged_floors":[39],"is_endless":false,"potions_floor_spawned":[10,12,13,16,21,29,30,31,33,35,36,38,40,41,42,45,47,48,54],"ascension_level":8}}