{"host":"z2o61o1qvcmvhuul","time":1611490129,"event":{"mods":["BaseMod","Minty Spire (QoL Compilation)","Quick Restart","StSLib","SuperFastMode"],"gold_per_floor":[112,123,137,212,224,224,243,253,301,146,146,146,146,156,156,257,257,246,262,262,82,82,82,111,210,285,10,42,57,89,124,124,226,226,239,239,111,162,182,182,208,222,222,238,34,69,69,80,80,80],"floor_reached":51,"language":"ZHS","playtime":1048,"items_purged":["Strike_G","Strike_G","Strike_G","Dagger Spray"],"score":1018,"play_id":"68bbb3e6-56ef-415f-942a-d1a044454c0a","local_time":"20210124200849","is_ascension_mode":true,"campfire_choices":[{"data":"Blade Dance","floor":6.0,"key":"SMITH"},{"data":"Accuracy","floor":11.0,"key":"SMITH"},{"data":"Blade Dance","floor":15.0,"key":"SMITH"},{"data":"Adrenaline","floor":23.0,"key":"SMITH"},{"data":"Accuracy","floor":32.0,"key":"SMITH"},{"data":"Malaise","floor":40.0,"key":"SMITH"},{"data":"Tools of the Trade","floor":47.0,"key":"SMITH"},{"data":"Accuracy","floor":49,"key":"SMITH"}],"circlet_count":0,"master_deck":["Survivor","Neutralize","Blade Dance+1","Accuracy+1","Storm of Steel","Blade Dance+1","Adrenaline+1","Malaise+1","Accuracy+1","Tactician+1","Infinite Blades","Phantasmal Killer+1","Endless Agony","Endless Agony","Heel Hook","After Image","Dagger Throw","Bullet Time+1","Reflex+1","Prepared+1","Tools of the Trade+1","Accuracy+1","Backflip+1","Escape Plan+1","Reflex+1"],"relics":["Ring of the Snake","NeowsBlessing","PreservedInsect","HoveringKite","CaptainsWheel","Lantern","Toxic Egg 2","Red Mask","Nunchaku","Pandora\u0027s Box","Torii","Centennial Puzzle","Mercury Hourglass","Pear"],"acts_visited":["Exordium","TheCity","TheBeyond"],"potions_floor_usage":[50,50],"damage_taken":[{"damage":0.0,"enemies":"Small Slimes","floor":1.0,"turns":1.0},{"damage":0.0,"enemies":"2 Louse","floor":2.0,"turns":1.0},{"damage":0.0,"enemies":"Jaw Worm","floor":3.0,"turns":1.0},{"damage":12.0,"enemies":"3 Louse","floor":5.0,"turns":4.0},{"damage":0.0,"enemies":"Large Slime","floor":7.0,"turns":3.0},{"damage":4.0,"enemies":"Blue Slaver","floor":8.0,"turns":3.0},{"damage":6.0,"enemies":"Exordium Thugs","floor":14.0,"turns":3.0},{"damage":0.0,"enemies":"Slime Boss","floor":16.0,"turns":5.0},{"damage":13.0,"enemies":"2 Thieves","floor":18.0,"turns":4.0},{"damage":0.0,"enemies":"Spheric Guardian","floor":19.0,"turns":3.0},{"damage":0.0,"enemies":"Gremlin Leader","floor":24.0,"turns":3.0},{"damage":4.0,"enemies":"Book of Stabbing","floor":28.0,"turns":2.0},{"damage":10.0,"enemies":"Shelled Parasite and Fungi","floor":29.0,"turns":2.0},{"damage":0.0,"enemies":"Masked Bandits","floor":30.0,"turns":2.0},{"damage":0.0,"enemies":"Gremlin Leader","floor":31.0,"turns":1.0},{"damage":11.0,"enemies":"Collector","floor":33.0,"turns":5.0},{"damage":2.0,"enemies":"3 Shapes","floor":35.0,"turns":3.0},{"damage":13.0,"enemies":"2 Orb Walkers","floor":38.0,"turns":2.0},{"damage":0.0,"enemies":"3 Darklings","floor":39.0,"turns":2.0},{"damage":0.0,"enemies":"Reptomancer","floor":41.0,"turns":3.0},{"damage":3.0,"enemies":"Writhing Mass","floor":42.0,"turns":3.0},{"damage":1.0,"enemies":"Jaw Worm Horde","floor":44.0,"turns":3.0},{"damage":0.0,"enemies":"Giant Head","floor":46.0,"turns":3.0},{"damage":0,"enemies":"Maw","floor":48,"turns":3},{"damage":12,"enemies":"Awakened One","floor":50,"turns":4}],"seed_played":"-8087666070027038705","potions_obtained":[{"floor":1.0,"key":"DistilledChaos"},{"floor":7.0,"key":"DistilledChaos"},{"floor":18.0,"key":"Energy Potion"},{"floor":28.0,"key":"Fire Potion"},{"floor":29.0,"key":"BlessingOfTheForge"},{"floor":30.0,"key":"GamblersBrew"},{"floor":33.0,"key":"Strength Potion"},{"floor":35.0,"key":"GhostInAJar"},{"floor":44.0,"key":"Weak Potion"},{"floor":46.0,"key":"CunningPotion"},{"floor":48,"key":"GamblersBrew"}],"is_trial":false,"path_per_floor":["M","M","M","?","M","R","M","M","T","$","R","?","?","M","R","B",null,"M","M","?","$","?","R","E","?","T","$","E","M","?","E","R","B",null,"M","?","$","?","M","R","E","M","T","M","$","E","R","M","R","B",null],"character_chosen":"THE_SILENT","items_purchased":["Storm of Steel","Accuracy","Lantern","Reflex+1","Prepared+1","Backflip+1"],"campfire_rested":0,"item_purchase_floors":[10,21,27,37,37,45],"current_hp_per_floor":[70,70,70,59,47,47,47,43,43,43,43,29,29,23,23,23,70,57,57,57,57,57,57,57,57,57,57,53,43,43,43,43,32,70,68,66,66,53,53,53,53,50,50,49,49,59,59,59,59,47],"gold":80,"neow_bonus":"THREE_ENEMY_KILL","is_daily":false,"chose_seed":false,"campfire_upgraded":8,"win_rate":0.0,"timestamp":1611490129,"path_taken":["M","M","M","?","M","R","M","M","T","$","R","?","?","M","R","BOSS","M","M","?","$","?","R","E","?","T","?","E","?","?","E","R","BOSS","M","?","$","?","M","R","E","M","T","?","$","E","R","M","R","BOSS"],"items_purchased_type":["Card","Card","Relic","Card","Card","Card"],"build_version":"2020-12-22","purchased_purges":4,"victory":true,"max_hp_per_floor":[70,70,70,70,70,70,70,70,70,70,70,70,70,70,70,70,70,70,70,70,70,70,70,70,70,70,70,70,70,70,70,70,70,70,70,66,66,66,66,66,66,66,66,66,66,76,76,76,76,76],"card_choices":[{"not_picked":["Leg Sweep","Dagger Spray","Crippling Poison"],"picked":"SKIP","floor":1.0},{"not_picked":["Poisoned Stab","Cloak And Dagger","Flying Knee"],"picked":"SKIP","floor":2.0},{"not_picked":["Concentrate","Backflip"],"picked":"Blade Dance","floor":3.0},{"not_picked":["Flying Knee","Dodge and Roll"],"picked":"Dagger Spray","floor":5.0},{"not_picked":["Blur","Heel Hook"],"picked":"Accuracy","floor":7.0},{"not_picked":["Poisoned Stab","Leg Sweep","Deadly Poison"],"picked":"SKIP","floor":8.0},{"not_picked":["Underhanded Strike","Deadly Poison"],"picked":"Adrenaline","floor":14.0},{"not_picked":["Doppelganger","Die Die Die"],"picked":"Malaise","floor":16.0},{"not_picked":["Blur","Caltrops","Riddle With Holes"],"picked":"SKIP","floor":18.0},{"not_picked":["Heel Hook","Quick Slash","Underhanded Strike+1"],"picked":"SKIP","floor":19.0},{"not_picked":["Deadly Poison+1","Endless Agony+1","Deflect"],"picked":"SKIP","floor":24.0},{"not_picked":["Well Laid Plans","All Out Attack+1"],"picked":"Tactician+1","floor":28.0},{"not_picked":["Underhanded Strike","Heel Hook","Dash"],"picked":"SKIP","floor":29.0},{"not_picked":["Dagger Spray","Outmaneuver+1"],"picked":"Infinite Blades","floor":31.0},{"not_picked":["Unload","Grand Finale"],"picked":"Phantasmal Killer+1","floor":33.0},{"not_picked":["Outmaneuver+1","PiercingWail+1","Dagger Spray+1"],"picked":"SKIP","floor":35.0},{"not_picked":["Sucker Punch","Poisoned Stab+1","Underhanded Strike"],"picked":"SKIP","floor":39.0},{"not_picked":["Catalyst+1","Outmaneuver+1"],"picked":"Tools of the Trade","floor":41.0},{"not_picked":["Sucker Punch+1","Slice+1"],"picked":"Accuracy","floor":42.0},{"not_picked":["Poisoned Stab","Quick Slash","Tactician+1"],"picked":"SKIP","floor":44.0},{"not_picked":["Concentrate+1","Leg Sweep+1"],"picked":"Escape Plan+1","floor":46.0},{"not_picked":["Prepared+1","Bane+1"],"picked":"Reflex+1","floor":48}],"player_experience":312192,"relics_obtained":[{"floor":9.0,"key":"PreservedInsect"},{"floor":24.0,"key":"CaptainsWheel"},{"floor":28.0,"key":"Toxic Egg 2"},{"floor":30.0,"key":"Red Mask"},{"floor":31.0,"key":"Nunchaku"},{"floor":38.0,"key":"Torii"},{"floor":41.0,"key":"Centennial Puzzle"},{"floor":43.0,"key":"Mercury Hourglass"},{"floor":46.0,"key":"Pear"}],"event_choices":[{"damage_healed":0.0,"max_hp_gain":0.0,"max_hp_loss":0.0,"gold_gain":75.0,"event_name":"World of Goop","player_choice":"Gather Gold","floor":4.0,"gold_loss":0.0,"damage_taken":11.0},{"damage_healed":0.0,"max_hp_gain":0.0,"max_hp_loss":0.0,"gold_gain":0.0,"event_name":"Shining Light","player_choice":"Entered Light","floor":12.0,"gold_loss":0.0,"damage_taken":14.0,"cards_upgraded":["Defend_G","Defend_G"]},{"damage_healed":0.0,"max_hp_gain":0.0,"max_hp_loss":0.0,"gold_gain":0.0,"cards_transformed":["Defend_G"],"event_name":"Living Wall","player_choice":"Change","floor":13.0,"gold_loss":0.0,"damage_taken":0.0,"cards_obtained":["Blade Dance"]},{"damage_healed":0.0,"max_hp_gain":0.0,"max_hp_loss":0.0,"gold_gain":0.0,"event_name":"Cursed Tome","player_choice":"Ignored","floor":20.0,"gold_loss":0.0,"damage_taken":0.0},{"damage_healed":0.0,"max_hp_gain":0.0,"max_hp_loss":0.0,"gold_gain":0.0,"event_name":"Vampires","player_choice":"Ignored","floor":22.0,"gold_loss":0.0,"damage_taken":0.0},{"damage_healed":0.0,"max_hp_gain":0.0,"max_hp_loss":0.0,"gold_gain":99.0,"event_name":"Nest","player_choice":"Stole From Cult","floor":25.0,"gold_loss":0.0,"damage_taken":0.0},{"damage_healed":0.0,"max_hp_gain":0.0,"max_hp_loss":0.0,"gold_gain":0.0,"event_name":"Masked Bandits","player_choice":"Fought Bandits","floor":30.0,"gold_loss":0.0,"damage_taken":0.0},{"damage_healed":0.0,"max_hp_gain":0.0,"max_hp_loss":4.0,"gold_gain":0.0,"event_name":"Winding Halls","player_choice":"Max HP","floor":36.0,"gold_loss":0.0,"damage_taken":0.0},{"damage_healed":0.0,"max_hp_gain":0.0,"max_hp_loss":0.0,"gold_gain":0.0,"event_name":"Mysterious Sphere","player_choice":"Fight","floor":38.0,"gold_loss":0.0,"damage_taken":0.0}],"is_beta":false,"boss_relics":[{"not_picked":["Sozu","Cursed Key"],"picked":"HoveringKite"},{"not_picked":["Snecko Eye","Calling Bell"],"picked":"Pandora\u0027s Box"}],"items_purged_floors":[10,21,27,45],"is_endless":false,"potions_floor_spawned":[1,7,18,28,29,30,33,35,44,46,48],"ascension_level":2}}