{"host":"ufl0k2so27eic2iy","time":1611518637,"event":{"mods":["BaseMod","Downfall","Minty Spire (QoL Compilation)","StSLib","The Animator"],"gold_per_floor":[113,141,67,91,91,144,144,179,206,224,248,248,267,281,281,377,377,391,391,172,172,216,216,237,237,285,317,337,379,379,400,400,487,487,487],"floor_reached":34,"language":"ENG","playtime":1596,"items_purged":["animator:Strike+1"],"score":751,"play_id":"3ec8fea5-66f2-49c5-b5ae-de34d18fd45e","local_time":"20210124200357","is_ascension_mode":true,"campfire_choices":[{"data":"animator:YunYun","floor":7.0,"key":"SMITH"},{"floor":12.0,"key":"REST"},{"data":"animator:DolaSchwi","floor":15.0,"key":"SMITH"},{"data":"animator:Tetora","floor":23,"key":"SMITH"},{"data":"animator:Krusty","floor":25,"key":"SMITH"},{"data":"animator:Shiroe","floor":30,"key":"SMITH"},{"data":"animator:Shiroe+1","floor":32,"key":"SMITH"}],"circlet_count":0,"master_deck":["AscendersBane","animator:Strike_LogHorizon+1","animator:Defend_LogHorizon+1","animator:Strike+1","animator:Strike+1","animator:Defend+1","animator:Defend+1","animator:Defend+1","animator:Tohya","animator:Minori","animator:YunYun+1","animator:RundelhausCode","animator:Chris","animator:OrikoMikuni+1","animator:YaoHaDucy","animator:SuzuneAmano","animator:Darkness","animator:Serara+1","animator:DolaSchwi+1","animator:Shiroe+2","CurseOfTheBell","animator:Tetora+1","animator:Rayneshia","animator:Krusty+1","animator:DolaCouronne+1","animator:IzunaHatsuse+1","animator:Minori","animator:RundelhausCode","animator:Soujiro"],"relics":["animator:LivingPicture","animator:TheMissingPiece","Blue Candle","animator:Buoy","Blood Vial","Potion Belt","Calling Bell","Bag of Preparation","HornCleat","Gambling Chip","Guardian:PocketSentry","animator:CursedGlyph","Bag of Marbles","Centennial Puzzle","War Paint","Velvet Choker"],"acts_visited":["Exordium","TheCity"],"potions_floor_usage":[29],"damage_taken":[{"damage":2.0,"enemies":"Jaw Worm","floor":1.0,"turns":6.0},{"damage":0.0,"enemies":"Small Slimes","floor":2.0,"turns":3.0},{"damage":0.0,"enemies":"2 Louse","floor":4.0,"turns":2.0},{"damage":22.0,"enemies":"Lagavulin","floor":6.0,"turns":9.0},{"damage":14.0,"enemies":"3 Sentries","floor":8.0,"turns":6.0},{"damage":0.0,"enemies":"Blue Slaver","floor":10.0,"turns":3.0},{"damage":5.0,"enemies":"2 Fungi Beasts","floor":11.0,"turns":3.0},{"damage":16.0,"enemies":"Large Slime","floor":13.0,"turns":5.0},{"damage":0.0,"enemies":"Looter","floor":14.0,"turns":3.0},{"damage":8.0,"enemies":"Slime Boss","floor":16.0,"turns":8.0},{"damage":4.0,"enemies":"Shell Parasite","floor":18.0,"turns":5.0},{"damage":0,"enemies":"Spheric Guardian","floor":22,"turns":3},{"damage":0,"enemies":"Shelled Parasite and Fungi","floor":24,"turns":7},{"damage":16,"enemies":"Book of Stabbing","floor":27,"turns":6},{"damage":6,"enemies":"Snecko","floor":28,"turns":5},{"damage":9,"enemies":"Slavers","floor":29,"turns":6},{"damage":0,"enemies":"Snake Plant","floor":31,"turns":4},{"damage":25,"enemies":"Champ","floor":33,"turns":10}],"seed_played":"6585204791217619864","potions_obtained":[{"floor":2.0,"key":"SpeedPotion"},{"floor":4.0,"key":"DuplicationPotion"},{"floor":10.0,"key":"Fire Potion"},{"floor":14.0,"key":"PowerPotion"},{"floor":24,"key":"Block Potion"},{"floor":28,"key":"sneckomod:MuddlingPotion"},{"floor":29,"key":"LiquidBronze"},{"floor":31,"key":"DistilledChaos"}],"is_trial":false,"path_per_floor":["M","M","$","M","?","E","R","E","T","M","M","R","M","M","R","B",null,"M","?","$","?","M","R","M","R","T","E","M","E","R","M","R","B",null],"character_chosen":"THE_ANIMATOR","items_purchased":["animator:Chris","Guardian:PocketSentry"],"campfire_rested":1,"item_purchase_floors":[3,20],"current_hp_per_floor":[58,58,58,58,53,31,31,17,17,19,16,35,22,24,24,18,55,54,54,54,54,56,56,58,58,58,44,40,33,33,35,35,14,14,14],"gold":487,"neow_bonus":"TEN_PERCENT_HP_BONUS","is_daily":false,"chose_seed":true,"campfire_upgraded":6,"win_rate":0.0,"timestamp":1611518637,"path_taken":["M","M","$","M","?","E","R","E","T","M","M","R","M","M","R","BOSS","M","?","$","?","M","R","M","R","T","E","M","E","R","M","R","BOSS"],"items_purchased_type":["Card","Relic"],"build_version":"2020-12-22","purchased_purges":1,"victory":false,"max_hp_per_floor":[66,66,66,66,66,66,66,66,66,66,66,66,67,67,67,67,67,68,68,68,68,68,68,64,64,64,64,64,64,64,64,64,66,66,66],"card_choices":[{"not_picked":["animator:ShinjiMatou","animator:TukaLunaMarceau"],"picked":"animator:YunYun","floor":1.0},{"not_picked":["animator:FielNirvalen","animator:Assassin"],"picked":"animator:RundelhausCode","floor":2.0},{"not_picked":["animator:ShinjiMatou","animator:WinryRockbell"],"picked":"animator:OrikoMikuni","floor":4.0},{"not_picked":["animator:RoryMercury","animator:Kuribayashi"],"picked":"animator:YaoHaDucy","floor":6.0},{"not_picked":["animator:Naotsugu","animator:Illya"],"picked":"animator:SuzuneAmano","floor":8.0},{"not_picked":["animator:Rider","animator:OrikoMikuni"],"picked":"animator:Darkness","floor":10.0},{"not_picked":["animator:YachiyoNanami","animator:RoryMercury","animator:Tyuule"],"picked":"SKIP","floor":11.0},{"not_picked":["animator:Naotsugu","animator:Minori"],"picked":"animator:Serara","floor":13.0},{"not_picked":["animator:Berserker","animator:Jibril"],"picked":"animator:DolaSchwi","floor":14.0},{"not_picked":["animator:Hans","animator:Wiz"],"picked":"animator:Shiroe","floor":16.0},{"not_picked":["animator:IzunaHatsuse","animator:IrohaTamaki"],"picked":"animator:Tetora","floor":18.0},{"not_picked":["animator:IrohaTamaki","animator:OrikoMikuni"],"picked":"animator:Rayneshia","floor":22},{"not_picked":["animator:Tohya","animator:Serara"],"picked":"animator:Krusty","floor":24},{"not_picked":["animator:ElricAlphonse","animator:YachiyoNanami"],"picked":"animator:DolaCouronne+1","floor":27},{"not_picked":["animator:TukaLunaMarceau","animator:Scar+1"],"picked":"animator:IzunaHatsuse+1","floor":28},{"not_picked":["animator:Berserker","animator:RundelhausCode"],"picked":"animator:Minori","floor":29},{"not_picked":["animator:Serara","animator:Minori"],"picked":"animator:RundelhausCode","floor":31},{"not_picked":["animator:Father","animator:Hans"],"picked":"animator:Soujiro","floor":33}],"player_experience":2768010,"relics_obtained":[{"floor":6.0,"key":"animator:Buoy"},{"floor":8.0,"key":"Blood Vial"},{"floor":9.0,"key":"Potion Belt"},{"floor":17.0,"key":"Bag of Preparation"},{"floor":17.0,"key":"HornCleat"},{"floor":17.0,"key":"Gambling Chip"},{"floor":24,"key":"animator:CursedGlyph"},{"floor":26,"key":"Bag of Marbles"},{"floor":27,"key":"Centennial Puzzle"},{"floor":29,"key":"War Paint"}],"event_choices":[{"damage_healed":0.0,"max_hp_gain":0.0,"max_hp_loss":0.0,"gold_gain":0.0,"event_name":"Back to Basics","player_choice":"Simplicity","floor":19.0,"gold_loss":0.0,"damage_taken":0.0,"cards_upgraded":["animator:Strike_LogHorizon","animator:Defend_LogHorizon","animator:Strike","animator:Strike","animator:Strike","animator:Defend","animator:Defend","animator:Defend"]},{"damage_healed":0.0,"max_hp_gain":0.0,"max_hp_loss":0.0,"gold_gain":0.0,"event_name":"Cursed Tome","player_choice":"Ignored","floor":21.0,"gold_loss":0.0,"damage_taken":0.0}],"is_beta":false,"boss_relics":[{"not_picked":["animator:RacePiece","Fusion Hammer"],"picked":"Calling Bell"},{"not_picked":["Empty Cage","SlaversCollar"],"picked":"Velvet Choker"}],"items_purged_floors":[20],"is_endless":false,"potions_floor_spawned":[2,4,10,14,24,28,29,31,33],"ascension_level":15}}