{"host":"9n6i2vl93jt4o42q","time":1611501942,"event":{"mods":["BaseMod","Minty Spire (QoL Compilation)","Relic Stats"],"gold_per_floor":[109,184,184,184,184,184,212,232,256,281,281,306,11,22,22,98,98,118,138,153,153,20,20,20,36,36,66,66,66,66,66,66],"floor_reached":31,"language":"ENG","playtime":2523,"items_purged":["Strike_G"],"score":613,"play_id":"2f12036c-40c7-4950-9cc5-c2ae2501f506","local_time":"20210124162542","is_ascension_mode":true,"campfire_choices":[{"floor":6.0,"key":"REST"},{"data":"Tools of the Trade","floor":11.0,"key":"SMITH"},{"data":"Well Laid Plans","floor":15.0,"key":"SMITH"},{"floor":23,"key":"REST"},{"floor":29,"key":"REST"}],"circlet_count":0,"master_deck":["AscendersBane","Defend_G","Defend_G","Defend_G+1","Defend_G","Defend_G","Survivor","Neutralize","Well Laid Plans+1","Tools of the Trade+1","Finisher","Deadly Poison","Bouncing Flask","Footwork","Outmaneuver","Predator","Blur","Adrenaline","Deflect","Blade Dance","Necronomicurse","Noxious Fumes","Deflect","After Image","Bite","Bite","Bite","Bite","Bite"],"relics":["Ring of the Snake","NeowsBlessing","Potion Belt","Bag of Preparation","Ancient Tea Set","Mercury Hourglass","SacredBark","Necronomicon","Blue Candle","Pen Nib"],"acts_visited":["Exordium","TheCity"],"potions_floor_usage":[19,27,27,31],"damage_taken":[{"damage":0.0,"enemies":"Jaw Worm","floor":1.0,"turns":1.0},{"damage":0.0,"enemies":"Gremlin Nob","floor":7.0,"turns":1.0},{"damage":0.0,"enemies":"2 Louse","floor":8.0,"turns":2.0},{"damage":17.0,"enemies":"3 Sentries","floor":10.0,"turns":10.0},{"damage":3.0,"enemies":"Gremlin Nob","floor":12.0,"turns":3.0},{"damage":0.0,"enemies":"Small Slimes","floor":14.0,"turns":2.0},{"damage":6.0,"enemies":"The Guardian","floor":16.0,"turns":9.0},{"damage":5.0,"enemies":"Spheric Guardian","floor":18.0,"turns":4.0},{"damage":1,"enemies":"2 Thieves","floor":19,"turns":4},{"damage":30,"enemies":"Chosen and Byrds","floor":20,"turns":6},{"damage":0,"enemies":"Snake Plant","floor":25,"turns":4},{"damage":16,"enemies":"Gremlin Leader","floor":27,"turns":7},{"damage":26,"enemies":"Book of Stabbing","floor":31,"turns":4}],"seed_played":"-1404366179780050440","potions_obtained":[{"floor":7.0,"key":"EntropicBrew"},{"floor":10.0,"key":"Poison Potion"},{"floor":12.0,"key":"DuplicationPotion"},{"floor":19,"key":"FearPotion"},{"floor":25,"key":"EntropicBrew"}],"is_trial":false,"path_per_floor":["M","?","?","?","?","R","E","M","T","E","R","E","$","M","R","B",null,"M","M","M","?","$","R","?","M","T","E","?","R","?","E"],"character_chosen":"THE_SILENT","items_purchased":["Footwork","Outmaneuver","Predator","Noxious Fumes","Deflect"],"campfire_rested":3,"item_purchase_floors":[13,13,13,22,22],"current_hp_per_floor":[59,48,43,23,16,35,37,39,39,24,24,23,23,25,25,21,55,52,53,25,4,4,23,23,25,25,11,11,30,24,0,0],"gold":66,"neow_bonus":"THREE_ENEMY_KILL","is_daily":false,"chose_seed":false,"campfire_upgraded":2,"win_rate":0.0,"timestamp":1611501942,"path_taken":["M","?","?","?","?","R","E","M","T","E","R","E","$","M","R","BOSS","M","M","M","?","$","R","?","?","T","E","?","R","?","E"],"items_purchased_type":["Card","Card","Card","Card","Card"],"build_version":"2020-12-22","purchased_purges":1,"victory":false,"max_hp_per_floor":[66,66,66,66,66,66,66,66,66,66,66,66,66,66,66,66,66,66,66,66,66,66,66,66,66,66,66,66,66,66,66,66],"relic_stats":{"counters":[13,57],"Blue Candle":[1],"Pen Nib":[0],"Bag of Preparation":[20],"Necronomicon":[5],"obtain_stats":[{"Blood Vial":3,"Potion Belt":7,"NeowsBlessing":0,"SacredBark":17,"Blue Candle":26,"Pen Nib":27,"Bag of Preparation":9,"Necronomicon":21,"Ancient Tea Set":10,"Ring of the Snake":0,"Mercury Hourglass":12},{"Blood Vial":1,"Potion Belt":2,"NeowsBlessing":0,"SacredBark":7,"Blue Candle":11,"Pen Nib":12,"Bag of Preparation":3,"Necronomicon":10,"Ancient Tea Set":4,"Ring of the Snake":0,"Mercury Hourglass":5},{"Blood Vial":1,"Potion Belt":2,"NeowsBlessing":0,"SacredBark":28,"Blue Candle":46,"Pen Nib":53,"Bag of Preparation":4,"Necronomicon":42,"Ancient Tea Set":14,"Ring of the Snake":0,"Mercury Hourglass":17}],"Ring of the Snake":[26],"Mercury Hourglass":[144]},"card_choices":[{"not_picked":["Dodge and Roll","Acrobatics"],"picked":"Well Laid Plans","floor":1.0},{"not_picked":["Eviscerate","Prepared"],"picked":"Tools of the Trade","floor":7.0},{"not_picked":["Calculated Gamble","Outmaneuver"],"picked":"Finisher","floor":8.0},{"not_picked":["Bane","Concentrate"],"picked":"Deadly Poison","floor":10.0},{"not_picked":["Expertise","Setup"],"picked":"Bouncing Flask","floor":12.0},{"not_picked":["Underhanded Strike","Flying Knee"],"picked":"Blur","floor":14.0},{"not_picked":["Venomology","Unload"],"picked":"Adrenaline","floor":16.0},{"not_picked":["Dodge and Roll","Dagger Spray"],"picked":"Deflect","floor":18.0},{"not_picked":["Acrobatics","Poisoned Stab"],"picked":"Blade Dance","floor":19},{"not_picked":["Distraction","Poisoned Stab","Dagger Spray"],"picked":"SKIP","floor":20},{"not_picked":["Heel Hook","Doppelganger","Outmaneuver"],"picked":"SKIP","floor":25},{"not_picked":["Dagger Throw","Cloak And Dagger+1"],"picked":"After Image","floor":27}],"player_experience":2258922,"relics_obtained":[{"floor":7.0,"key":"Potion Belt"},{"floor":9.0,"key":"Bag of Preparation"},{"floor":10.0,"key":"Ancient Tea Set"},{"floor":12.0,"key":"Mercury Hourglass"},{"floor":21,"key":"Necronomicon"},{"floor":26,"key":"Blue Candle"},{"floor":27,"key":"Pen Nib"}],"event_choices":[{"damage_healed":0.0,"max_hp_gain":0.0,"max_hp_loss":0.0,"gold_gain":75.0,"event_name":"World of Goop","player_choice":"Gather Gold","floor":2.0,"gold_loss":0.0,"damage_taken":11.0},{"damage_healed":0.0,"max_hp_gain":0.0,"max_hp_loss":0.0,"gold_gain":0.0,"event_name":"Scrap Ooze","player_choice":"Success","floor":3.0,"gold_loss":0.0,"damage_taken":5.0,"relics_obtained":["Blood Vial"]},{"damage_healed":0.0,"max_hp_gain":0.0,"max_hp_loss":0.0,"gold_gain":0.0,"event_name":"Shining Light","player_choice":"Entered Light","floor":4.0,"gold_loss":0.0,"damage_taken":20.0,"cards_upgraded":["Strike_G","Defend_G"]},{"cards_removed":["Strike_G"],"damage_healed":0.0,"max_hp_gain":0.0,"max_hp_loss":0.0,"gold_gain":0.0,"event_name":"Golden Wing","player_choice":"Card Removal","floor":5.0,"gold_loss":0.0,"damage_taken":7.0},{"damage_healed":0,"gold_gain":0,"player_choice":"Obtained Book","damage_taken":21,"max_hp_gain":0,"max_hp_loss":0,"event_name":"Cursed Tome","floor":21,"gold_loss":0},{"cards_removed":["Strike_G"],"damage_healed":0,"gold_gain":0,"player_choice":"Offered Basic","damage_taken":0,"max_hp_gain":0,"max_hp_loss":0,"event_name":"Bonfire Elementals","floor":24,"gold_loss":0},{"damage_healed":0,"gold_gain":0,"player_choice":"Became a vampire (Vial)","damage_taken":0,"max_hp_gain":0,"max_hp_loss":0,"event_name":"Vampires","floor":28,"relics_lost":["Blood Vial"],"gold_loss":0,"cards_obtained":["Bite","Bite","Bite","Bite","Bite"]},{"damage_healed":0,"gold_gain":0,"player_choice":"","damage_taken":6,"max_hp_gain":0,"max_hp_loss":0,"event_name":"Knowing Skull","floor":30,"potions_obtained":[],"gold_loss":0,"cards_obtained":[]}],"is_beta":false,"boss_relics":[{"not_picked":["Black Star","WristBlade"],"picked":"SacredBark"}],"items_purged_floors":[13],"is_endless":false,"potions_floor_spawned":[7,10,12,19,25],"killed_by":"Book of Stabbing","ascension_level":20}}