{"host":"s41rn2jhghpwfrvz","time":1611518009,"event":{"mods":["BaseMod","Minty Spire (QoL Compilation)","Quick Restart","Relic Stats","SuperFastMode"],"gold_per_floor":[118,131,131,131,56,85,95,129,129,142,174,203,203,250,250,325,325,335,255,269,141,159,190,190,218,218,238,238,273,287,317,317,393,393,412,412,1411,1423,192,219,81,97,97,114,139,165,165,183,183,183,183,183,183,63,97,97],"floor_reached":57,"language":"ENG","playtime":1552,"items_purged":["Double Energy","WheelKick+1","LessonLearned+1","Acrobatics+1"],"score":3971,"play_id":"701be3a5-0e37-49dd-a4cd-4bab1656ef00","local_time":"20210124215329","daily_mods":["SealedDeck","Diverse","DeadlyEvents"],"is_ascension_mode":true,"campfire_choices":[{"data":"LessonLearned","floor":13,"key":"SMITH"},{"floor":15,"key":"RECALL"},{"floor":24,"key":"REST"},{"floor":28,"key":"REST"},{"floor":32,"key":"REST"},{"data":"ForeignInfluence+1","floor":47,"key":"PURGE"},{"data":"Self Repair+1","floor":49,"key":"PURGE"},{"data":"PiercingWail+1","floor":53,"key":"PURGE"}],"circlet_count":0,"master_deck":["AscendersBane","Escape Plan+1","Gash+1","Prostrate+1","Evolve+1","Pommel Strike+1","Backflip+1"],"relics":["Burning Blood","Bag of Marbles","TungstenRod","Du-Vu Doll","The Courier","Ancient Tea Set","Fusion Hammer","Bag of Preparation","Magic Flower","Kunai","Blue Candle","Omamori","Boot","SlaversCollar","Peace Pipe","Pen Nib","Turnip","Lee\u0027s Waffle","Art of War","Calipers","MealTicket","Medical Kit","Darkstone Periapt","HornCleat","Pear","Gremlin Horn"],"acts_visited":["Exordium","TheCity","TheBeyond","TheEnding"],"potions_floor_usage":[11,11,56,56],"damage_taken":[{"damage":2,"enemies":"2 Louse","floor":1,"turns":2},{"damage":5,"enemies":"Jaw Worm","floor":2,"turns":3},{"damage":4,"enemies":"Gremlin Nob","floor":6,"turns":3},{"damage":0,"enemies":"Cultist","floor":7,"turns":3},{"damage":7,"enemies":"3 Sentries","floor":8,"turns":4},{"damage":19,"enemies":"3 Louse","floor":10,"turns":3},{"damage":1,"enemies":"Lagavulin","floor":11,"turns":4},{"damage":14,"enemies":"3 Sentries","floor":12,"turns":3},{"damage":0,"enemies":"The Guardian","floor":16,"turns":4},{"damage":6,"enemies":"2 Thieves","floor":18,"turns":3},{"damage":0,"enemies":"Spheric Guardian","floor":20,"turns":2},{"damage":0,"enemies":"Snake Plant","floor":22,"turns":3},{"damage":0,"enemies":"Gremlin Leader","floor":23,"turns":2},{"damage":0,"enemies":"Book of Stabbing","floor":25,"turns":2},{"damage":0,"enemies":"Shelled Parasite and Fungi","floor":27,"turns":2},{"damage":0,"enemies":"Gremlin Leader","floor":29,"turns":2},{"damage":0,"enemies":"Cultist and Chosen","floor":30,"turns":3},{"damage":0,"enemies":"Slavers","floor":31,"turns":2},{"damage":0,"enemies":"Collector","floor":33,"turns":3},{"damage":0,"enemies":"Orb Walker","floor":35,"turns":2},{"damage":0,"enemies":"3 Shapes","floor":38,"turns":2},{"damage":0,"enemies":"Nemesis","floor":40,"turns":3},{"damage":0,"enemies":"Jaw Worm Horde","floor":42,"turns":2},{"damage":0,"enemies":"Maw","floor":44,"turns":3},{"damage":0,"enemies":"Reptomancer","floor":45,"turns":2},{"damage":0,"enemies":"Giant Head","floor":46,"turns":2},{"damage":0,"enemies":"3 Darklings","floor":48,"turns":1},{"damage":0,"enemies":"Awakened One","floor":50,"turns":3},{"damage":0,"enemies":"Time Eater","floor":51,"turns":4},{"damage":0,"enemies":"Shield and Spear","floor":55,"turns":2},{"damage":0,"enemies":"The Heart","floor":56,"turns":5}],"seed_played":"-5094103561179126824","potions_obtained":[{"floor":1,"key":"ColorlessPotion"},{"floor":10,"key":"LiquidMemories"},{"floor":11,"key":"SkillPotion"},{"floor":12,"key":"EssenceOfSteel"},{"floor":22,"key":"PowerPotion"},{"floor":44,"key":"PowerPotion"}],"is_trial":true,"path_per_floor":["M","M","?","?","$","E","M","E","T","M","E","E","R","T","R","B",null,"M","$","M","$","M","E","R","E","T","M","R","E","M","E","R","B",null,"M","$","?","M","$","E","$","M","T","M","E","E","R","M","R","B","B",null,"R","$","E","B",null],"character_chosen":"IRONCLAD","items_purchased":["Bag of Preparation","Peace Pipe","Pen Nib","Turnip","Lee\u0027s Waffle","Art of War","Calipers","Medical Kit"],"campfire_rested":3,"item_purchase_floors":[21,39,39,39,39,39,39,41],"current_hp_per_floor":[75,75,68,68,68,75,75,75,75,69,75,67,67,67,67,75,75,75,75,75,75,75,75,75,75,75,75,75,75,75,75,75,75,75,75,75,75,75,82,82,82,82,82,82,82,92,92,92,92,92,92,92,92,92,92,92],"gold":97,"neow_bonus":"","is_daily":false,"chose_seed":false,"campfire_upgraded":1,"win_rate":0.0,"timestamp":1611518009,"path_taken":["M","M","?","?","$","E","M","E","T","M","E","?","R","?","R","BOSS","M","$","M","$","M","E","R","E","T","M","R","E","M","E","R","BOSS","M","$","?","M","$","E","?","M","T","M","E","?","R","M","R","BOSS","BOSS","R","$","E","BOSS"],"items_purchased_type":["Relic","Relic","Relic","Relic","Relic","Relic","Relic","Relic"],"build_version":"2020-12-22","purchased_purges":4,"victory":true,"max_hp_per_floor":[75,75,75,75,75,75,75,75,75,75,75,75,75,75,75,75,75,75,75,75,75,75,75,75,75,75,75,75,75,75,75,75,75,75,75,75,75,75,82,82,82,82,82,82,82,92,92,92,92,92,92,92,92,92,92,92],"relic_stats":{"Darkstone Periapt":0,"Lee\u0027s Waffle":7,"Gremlin Horn":[0,0],"counters":[31,84],"Blue Candle":[0],"Magic Flower":[0],"Pen Nib":[13],"Bag of Preparation":[40],"Boot":[42],"Medical Kit":[6],"Burning Blood":53,"Peace Pipe":3,"MealTicket":0,"Turnip":[8],"Art of War":[0],"Kunai":[55],"obtain_stats":[{"Darkstone Periapt":43,"Calipers":39,"Gremlin Horn":55,"Magic Flower":23,"Bag of Preparation":21,"Ancient Tea Set":14,"Boot":31,"Burning Blood":0,"HornCleat":45,"MealTicket":40,"Fusion Hammer":17,"Kunai":25,"Lee\u0027s Waffle":39,"Pear":46,"Blue Candle":26,"The Courier":12,"Pen Nib":39,"Omamori":29,"Medical Kit":41,"Du-Vu Doll":11,"Peace Pipe":39,"SlaversCollar":34,"Turnip":39,"Bag of Marbles":6,"Art of War":39,"TungstenRod":8},{"Darkstone Periapt":23,"Calipers":21,"Gremlin Horn":30,"Magic Flower":13,"Bag of Preparation":11,"Ancient Tea Set":8,"Boot":18,"Burning Blood":0,"HornCleat":25,"MealTicket":22,"Fusion Hammer":9,"Kunai":14,"Lee\u0027s Waffle":21,"Pear":26,"Blue Candle":14,"The Courier":8,"Pen Nib":21,"Omamori":16,"Medical Kit":22,"Du-Vu Doll":7,"Peace Pipe":21,"SlaversCollar":19,"Turnip":21,"Bag of Marbles":3,"Art of War":21,"TungstenRod":5},{"Darkstone Periapt":62,"Calipers":57,"Gremlin Horn":79,"Magic Flower":39,"Bag of Preparation":34,"Ancient Tea Set":25,"Boot":50,"Burning Blood":0,"HornCleat":67,"MealTicket":60,"Fusion Hammer":29,"Kunai":41,"Lee\u0027s Waffle":57,"Pear":69,"Blue Candle":41,"The Courier":25,"Pen Nib":57,"Omamori":45,"Medical Kit":60,"Du-Vu Doll":22,"Peace Pipe":57,"SlaversCollar":53,"Turnip":57,"Bag of Marbles":8,"Art of War":57,"TungstenRod":15}],"TungstenRod":11},"card_choices":[{"not_picked":["Protect","Dagger Spray","Leg Sweep"],"picked":"SKIP","floor":1},{"not_picked":["Beam Cell","Pummel"],"picked":"Evolve","floor":2},{"not_picked":["Footwork","Immolate","Leap"],"picked":"SKIP","floor":6},{"not_picked":["Anger","Cold Snap","Reinforced Body"],"picked":"SKIP","floor":7},{"not_picked":["Warcry","Noxious Fumes"],"picked":"LessonLearned","floor":8},{"not_picked":["Conclude","FlurryOfBlows","EmptyBody"],"picked":"SKIP","floor":10},{"not_picked":["True Grit","Steam"],"picked":"Pommel Strike","floor":11},{"not_picked":["FlyingSleeves","Footwork","Sunder"],"picked":"SKIP","floor":12},{"not_picked":["Beam Cell","Armaments"],"picked":"Backflip","floor":18},{"not_picked":["Barrage","PathToVictory","Evolve"],"picked":"SKIP","floor":20},{"not_picked":["Underhanded Strike+1","Vengeance","ForeignInfluence"],"picked":"SKIP","floor":22},{"not_picked":["Redo","Quick Slash","True Grit"],"picked":"SKIP","floor":23},{"not_picked":["Wish","Conserve Battery+1","Sword Boomerang"],"picked":"SKIP","floor":25},{"not_picked":["ReachHeaven","Skewer","FlurryOfBlows"],"picked":"SKIP","floor":27},{"not_picked":["Night Terror","WaveOfTheHand+1","Chill"],"picked":"SKIP","floor":29},{"not_picked":["Collect","FlurryOfBlows","Anger"],"picked":"SKIP","floor":30},{"not_picked":["FlurryOfBlows","Dagger Spray","Heavy Blade+1"],"picked":"SKIP","floor":31},{"not_picked":["Self Repair+1","Sunder+1","Ball Lightning"],"picked":"SKIP","floor":35},{"not_picked":["Perseverance","FollowUp","Evaluate"],"picked":"SKIP","floor":38},{"not_picked":["Footwork","Terror","EmptyMind"],"picked":"SKIP","floor":40},{"not_picked":["Demon Form","PiercingWail","Force Field"],"picked":"SKIP","floor":42},{"not_picked":["Underhanded Strike","Eviscerate+1","Barrage"],"picked":"SKIP","floor":44},{"not_picked":["Body Slam","Bane","Headbutt"],"picked":"SKIP","floor":45},{"not_picked":["Outmaneuver","Cold Snap","Clothesline+1"],"picked":"SKIP","floor":46},{"not_picked":["Flex","Compile Driver","Ghostly Armor+1"],"picked":"SKIP","floor":48},{"not_picked":["Sucker Punch+1","Rebound","LessonLearned"],"picked":"SKIP","floor":55}],"player_experience":1851290,"relics_obtained":[{"floor":6,"key":"Bag of Marbles"},{"floor":8,"key":"TungstenRod"},{"floor":11,"key":"Du-Vu Doll"},{"floor":12,"key":"The Courier"},{"floor":14,"key":"Ancient Tea Set"},{"floor":23,"key":"Magic Flower"},{"floor":25,"key":"Kunai"},{"floor":26,"key":"Blue Candle"},{"floor":29,"key":"Omamori"},{"floor":31,"key":"Boot"},{"floor":40,"key":"MealTicket"},{"floor":43,"key":"Darkstone Periapt"},{"floor":45,"key":"HornCleat"},{"floor":46,"key":"Pear"},{"floor":55,"key":"Gremlin Horn"}],"event_choices":[{"cards_removed":["FTL"],"damage_healed":0,"gold_gain":0,"player_choice":"Card Removal","damage_taken":7,"max_hp_gain":0,"max_hp_loss":0,"event_name":"Golden Wing","floor":3,"gold_loss":0},{"damage_healed":0,"gold_gain":0,"player_choice":"Ignored","damage_taken":0,"max_hp_gain":0,"max_hp_loss":0,"event_name":"Liars Game","floor":4,"gold_loss":0},{"damage_healed":0,"gold_gain":999,"player_choice":"Gold","damage_taken":0,"max_hp_gain":0,"max_hp_loss":0,"event_name":"MindBloom","floor":37,"gold_loss":0,"cards_obtained":["Normality","Normality"]}],"is_beta":false,"boss_relics":[{"not_picked":["Astrolabe","Busted Crown"],"picked":"Fusion Hammer"},{"not_picked":["Sozu","Tiny House"],"picked":"SlaversCollar"}],"items_purged_floors":[5,19,39,54],"is_endless":false,"potions_floor_spawned":[1,10,11,12,16,18,20,22,31,33,38,44,45,46],"ascension_level":20}}