{"host":"8n3a40idg6eftpiu","time":1611502925,"event":{"mods":["Act Like it!","BaseMod","BetterRewards","Block Reminder","Colored Map","Colored Powertips","DeckTracker","GungeonMod","Hallownest","Highlight Path","Hubris","Minty Spire (QoL Compilation)","Practice Mode","Relic Sorter","StSLib","The Blue Laboratory","The Bug Knight","The Necromancer"],"gold_per_floor":[109,8,19,34,54,80,80,91,91,101,101,117,128,157,157,260,260,276,276,276,83,46,76,13,13,13,13,33,33,45,56,56,158,158,170,187,94,94,112,112,137,137,217,233,48,66,26,43,43,43,43,43,7,41,0,0],"floor_reached":55,"language":"POL","playtime":3289,"items_purged":["Expertise","Strike_G+1","Strike_G+1","Strike_G+1"],"score":906,"play_id":"c800c6e6-4ada-4281-8a1f-de71d356a2cb","local_time":"20210124164205","is_ascension_mode":false,"campfire_choices":[{"floor":7.0,"key":"REST"},{"floor":15.0,"key":"RECALL"},{"floor":25.0,"key":"REST"},{"data":"Infinite Blades","floor":27.0,"key":"SMITH"},{"data":"Footwork","floor":32.0,"key":"SMITH"},{"data":"Infinite Blades","floor":40.0,"key":"SMITH"},{"data":"Accuracy","floor":42.0,"key":"SMITH"},{"data":"Envenom","floor":49.0,"key":"SMITH"},{"data":"Footwork","floor":52.0,"key":"SMITH"}],"circlet_count":0,"master_deck":["Strike_G+1","Strike_G+1","Defend_G+1","Defend_G+1","Defend_G+1","Defend_G+1","Defend_G+1","Survivor","Neutralize","Noxious Fumes","Blade Dance","Accuracy+1","Poisoned Stab","Cloak And Dagger","Footwork+1","Deflect","Noxious Fumes","Cloak And Dagger","Accuracy","Catalyst","Cloak And Dagger","Infinite Blades+1","Cloak And Dagger","Infinite Blades+1","Parasite","Noxious Fumes","Envenom+1","Footwork+1","Parasite","Infinite Blades","Footwork"],"relics":["Ring of the Snake","DemoMod:Bottle","Calipers","hubris:MysteriousPyramids","Orichalcum","DemoMod:Relodestone","Coffee Dripper","Nloth\u0027s Gift","Membership Card","Yang","hubris:TenFootPole","hubris:Icosahedron","Anchor","DemoMod:WhiteGuonStone","DemoMod:MeltedRock"],"acts_visited":["Exordium","TheCity","TheBeyond","TheEnding"],"potions_floor_usage":[55,55],"damage_taken":[{"damage":0.0,"enemies":"Cultist","floor":1.0,"turns":4.0},{"damage":0.0,"enemies":"2 Louse","floor":3.0,"turns":2.0},{"damage":0.0,"enemies":"Small Slimes","floor":4.0,"turns":2.0},{"damage":14.0,"enemies":"Exordium Wildlife","floor":5.0,"turns":4.0},{"damage":29.0,"enemies":"Gremlin Nob","floor":6.0,"turns":5.0},{"damage":2.0,"enemies":"2 Fungi Beasts","floor":8.0,"turns":4.0},{"damage":0.0,"enemies":"3 Louse","floor":10.0,"turns":4.0},{"damage":0.0,"enemies":"Exordium Thugs","floor":12.0,"turns":4.0},{"damage":0.0,"enemies":"Large Slime","floor":13.0,"turns":5.0},{"damage":6.0,"enemies":"Lagavulin","floor":14.0,"turns":7.0},{"damage":2.0,"enemies":"Hexaghost","floor":16.0,"turns":8.0},{"damage":10.0,"enemies":"2 Thieves","floor":18.0,"turns":5.0},{"damage":34.0,"enemies":"Gremlin Leader","floor":23.0,"turns":7.0},{"damage":7.0,"enemies":"Spheric Guardian","floor":28.0,"turns":5.0},{"damage":3.0,"enemies":"Snake Plant","floor":30.0,"turns":5.0},{"damage":0.0,"enemies":"Chosen and Byrds","floor":31.0,"turns":7.0},{"damage":13.0,"enemies":"Champ","floor":33.0,"turns":11.0},{"damage":7.0,"enemies":"3 Darklings","floor":35.0,"turns":6.0},{"damage":5.0,"enemies":"3 Shapes","floor":36.0,"turns":5.0},{"damage":6.0,"enemies":"Writhing Mass","floor":39.0,"turns":7.0},{"damage":20.0,"enemies":"Reptomancer","floor":41.0,"turns":8.0},{"damage":18.0,"enemies":"Sphere and 2 Shapes","floor":44.0,"turns":6.0},{"damage":6.0,"enemies":"3 Darklings","floor":46.0,"turns":6.0},{"damage":1.0,"enemies":"Writhing Mass","floor":48.0,"turns":6.0},{"damage":26.0,"enemies":"Awakened One","floor":50.0,"turns":12.0},{"damage":17.0,"enemies":"Shield and Spear","floor":54.0,"turns":8.0},{"damage":59,"enemies":"The Heart","floor":55,"turns":6}],"seed_played":"-7570662337240882899","potions_obtained":[{"floor":1.0,"key":"blueLaboratory:BlinkPotion"},{"floor":4.0,"key":"blueLaboratory:RememoryPotion"},{"floor":13.0,"key":"blueLaboratory:CorrosionFlask"},{"floor":23.0,"key":"BlessingOfTheForge"},{"floor":33.0,"key":"blueLaboratory:HummingbirdPotion"},{"floor":46.0,"key":"blueLaboratory:ArtistsPotion"},{"floor":47.0,"key":"Fruit Juice"},{"floor":47.0,"key":"blueLaboratory:FruitPreserves"}],"is_trial":false,"path_per_floor":["M","$","M","M","M","E","R","M","T","M","T","M","M","E","R","B",null,"M","?","?","$","$","E","$","R","T","R","M","?","M","M","R","B",null,"M","M","$","?","M","R","E","R","T","M","$","M","?","M","R","B",null,"R","$","E","B"],"character_chosen":"THE_SILENT","items_purchased":["Anchor","Noxious Fumes","Accuracy","Poisoned Stab","Membership Card","Infinite Blades","Infinite Blades","Calipers","Footwork","Footwork"],"campfire_rested":2,"item_purchase_floors":[0,0,2,2,21,22,37,45,45,53],"current_hp_per_floor":[70,70,70,70,56,27,48,46,46,46,46,46,46,40,40,38,70,60,60,60,60,60,26,26,47,47,47,40,40,37,37,37,24,70,63,58,58,58,52,52,32,32,32,14,14,8,37,36,36,10,75,75,75,58,0,0],"gold":0,"neow_bonus":"","is_daily":false,"chose_seed":false,"campfire_upgraded":6,"win_rate":0.0,"timestamp":1611502925,"path_taken":["M","?","M","M","M","E","R","M","T","?","?","M","M","E","R","BOSS","M","?","?","?","$","E","$","R","T","R","M","?","M","?","R","BOSS","M","M","$","?","M","R","E","R","T","M","$","M","?","?","R","BOSS","R","$","E","BOSS"],"items_purchased_type":["Relic","Card","Card","Card","Relic","Card","Card","Relic","Card","Card"],"build_version":"2020-12-22","purchased_purges":4,"victory":false,"max_hp_per_floor":[70,70,70,70,70,70,70,70,70,70,70,70,70,70,70,70,70,70,70,70,70,70,70,70,70,70,70,70,70,70,70,70,70,70,70,70,70,70,70,70,70,70,70,70,70,70,75,75,75,75,75,75,75,75,75,75],"card_choices":[{"not_picked":["Slice","Quick Slash"],"picked":"Blade Dance","floor":1.0},{"not_picked":["Prepared","Deadly Poison"],"picked":"Cloak And Dagger","floor":3.0},{"not_picked":["hubris:SlightOfHand","Acrobatics"],"picked":"Footwork","floor":4.0},{"not_picked":["Poisoned Stab","hubris:TrickCloak"],"picked":"Deflect","floor":5.0},{"not_picked":["Choke","Endless Agony"],"picked":"Noxious Fumes","floor":6.0},{"not_picked":["Acrobatics","Deadly Poison","Leg Sweep"],"picked":"SKIP","floor":8.0},{"not_picked":["Prepared","PiercingWail"],"picked":"Cloak And Dagger","floor":10.0},{"not_picked":["hubris:Counter","Outmaneuver","Blur"],"picked":"SKIP","floor":12.0},{"not_picked":["Underhanded Strike","Storm of Steel"],"picked":"Accuracy","floor":13.0},{"not_picked":["Endless Agony","Phantasmal Killer"],"picked":"Catalyst","floor":14.0},{"not_picked":["Deadly Poison","Deflect"],"picked":"Cloak And Dagger","floor":18.0},{"not_picked":["PiercingWail","Flechettes","Masterful Stab+1"],"picked":"SKIP","floor":23.0},{"not_picked":["Acrobatics","Underhanded Strike+1"],"picked":"Cloak And Dagger","floor":28.0},{"not_picked":["Distraction","Grand Finale","Slice+1"],"picked":"SKIP","floor":30.0},{"not_picked":["Well Laid Plans","hubris:TrickCloak","Outmaneuver"],"picked":"SKIP","floor":31.0},{"not_picked":["Crippling Poison+1","PiercingWail+1","Dagger Spray+1"],"picked":"SKIP","floor":35.0},{"not_picked":["Dagger Spray","Tactician","Crippling Poison"],"picked":"SKIP","floor":36.0},{"not_picked":["A Thousand Cuts","Underhanded Strike+1","Skewer+1"],"picked":"SKIP","floor":39.0},{"not_picked":["Poisoned Stab+1","Finisher"],"picked":"Noxious Fumes","floor":41.0},{"not_picked":["Deadly Poison","hubris:Counter"],"picked":"Envenom","floor":44.0},{"not_picked":["Adrenaline","Dagger Throw","Backflip"],"picked":"SKIP","floor":46.0},{"not_picked":["Deadly Poison","Dagger Throw+1"],"picked":"Infinite Blades","floor":48.0},{"not_picked":["A Thousand Cuts","Sucker Punch+1","Corpse Explosion"],"picked":"SKIP","floor":54.0}],"player_experience":237299,"relics_obtained":[{"floor":6.0,"key":"DemoMod:Relodestone"},{"floor":9.0,"key":"DemoMod:WhiteGuonStone"},{"floor":14.0,"key":"Orichalcum"},{"floor":26.0,"key":"hubris:MysteriousPyramids"},{"floor":41.0,"key":"DemoMod:MeltedRock"},{"floor":43.0,"key":"DemoMod:Bottle"},{"floor":54.0,"key":"hubris:TenFootPole"}],"event_choices":[{"damage_healed":0.0,"max_hp_gain":0.0,"max_hp_loss":0.0,"gold_gain":0.0,"event_name":"Back to Basics","player_choice":"Simplicity","floor":20.0,"gold_loss":0.0,"damage_taken":0.0,"cards_upgraded":["Strike_G","Strike_G","Strike_G","Strike_G","Strike_G","Defend_G","Defend_G","Defend_G","Defend_G","Defend_G"]},{"damage_healed":0.0,"max_hp_gain":0.0,"max_hp_loss":0.0,"gold_gain":0.0,"event_name":"N\u0027loth","player_choice":"Traded Relic","floor":29.0,"relics_lost":["hubris:Backtick"],"gold_loss":0.0,"damage_taken":0.0,"relics_obtained":["Nloth\u0027s Gift"]},{"damage_healed":0.0,"max_hp_gain":0.0,"max_hp_loss":0.0,"gold_gain":0.0,"event_name":"The Woman in Blue","player_choice":"Bought 3 Potions","floor":47.0,"gold_loss":0.0,"damage_taken":0.0}],"is_beta":false,"boss_relics":[{"not_picked":["Astrolabe","Calling Bell"],"picked":"hubris:Backtick"},{"not_picked":["hubris:CrackedHourglass","hubris:BlackHole"],"picked":"Coffee Dripper"}],"items_purged_floors":[0,21,24,37],"is_endless":false,"potions_floor_spawned":[1,4,12,13,14,23,28,33,39,41,46],"killed_by":"The Heart","ascension_level":0}}