{"host":"f251oio0chsiwdug","time":1611522404,"event":{"mods":["BaseMod","Colored Map","Downfall","Hermit","Marisa????????","Minty Spire (QoL Compilation)","Replay The Spire","Shop Mod","StSLib","The Cursed"],"gold_per_floor":[114,114,133,146,146,177,177,190,242,242,270,51,86,128,128,128,128],"floor_reached":16,"language":"DEU","playtime":1148,"items_purged":[],"score":112,"play_id":"b73aeaa1-4df2-4492-9d2c-2710c3e15434","local_time":"20210124220644","is_ascension_mode":false,"campfire_choices":[{"floor":7,"key":"RECALL"},{"floor":10,"key":"REST"},{"floor":15,"key":"REST"}],"circlet_count":0,"master_deck":["Strike_MRS","Strike_MRS","Strike_MRS","Defend_MRS","Defend_MRS","Defend_MRS","Defend_MRS","MasterSpark","UpSweep","MysteriousBeam","PulseMagic","DC","IllusionStar","WitchOfGreed","GravityBeat","EnergyFlow","EnergyFlow","SprinkleStarSeal","OortCloud","PulseMagic"],"relics":["MiniHakkero","Replay:WaspNest","Blue Doll","ReplayTheSpireMod:Lightbulb","MerchantsRug","Durian"],"acts_visited":["Exordium"],"potions_floor_usage":[],"damage_taken":[{"damage":6,"enemies":"Jaw Worm","floor":1,"turns":3},{"damage":0,"enemies":"Cultist","floor":3,"turns":2},{"damage":5,"enemies":"2 Louse","floor":4,"turns":2},{"damage":35,"enemies":"3 Sentries","floor":6,"turns":5},{"damage":6,"enemies":"Exordium Thugs","floor":8,"turns":3},{"damage":13,"enemies":"Red Slaver","floor":11,"turns":2},{"damage":14,"enemies":"Looter","floor":13,"turns":4},{"damage":19,"enemies":"Gremlin Nob","floor":14,"turns":5},{"damage":40,"enemies":"The Guardian","floor":16,"turns":9}],"seed_played":"2709101837786285695","potions_obtained":[{"floor":1,"key":"SneckoOil"},{"floor":6,"key":"Doom Potion"},{"floor":11,"key":"Swift Potion"},{"floor":13,"key":"EssenceOfSteel"},{"floor":14,"key":"Ancient Potion"}],"is_trial":false,"path_per_floor":["M","?","M","M","?","E","R","M","T","R","M","$","M","E","R","B"],"character_chosen":"MARISA","items_purchased":["MerchantsRug","EnergyFlow","SprinkleStarSeal"],"campfire_rested":2,"item_purchase_floors":[12,12,12],"current_hp_per_floor":[76,76,76,71,71,36,36,30,30,54,41,41,27,13,39,0,0],"gold":128,"neow_bonus":"TEN_PERCENT_HP_BONUS","is_daily":false,"chose_seed":false,"campfire_upgraded":0,"win_rate":0.0,"timestamp":1611522404,"path_taken":["M","?","M","?","?","E","R","M","T","R","?","$","M","E","R","BOSS"],"items_purchased_type":["Relic","Card","Card"],"build_version":"2020-12-22","purchased_purges":0,"victory":false,"max_hp_per_floor":[82,82,82,82,82,82,82,82,82,82,82,82,82,87,87,87,87],"card_choices":[{"not_picked":["ChargingUp","UnstableBomb"],"picked":"MysteriousBeam","floor":1},{"not_picked":["GasGiant","6A"],"picked":"PulseMagic","floor":3},{"not_picked":["ShootingEcho","ManaConvection"],"picked":"DC","floor":4},{"not_picked":["DoubleSpark","AsteroidBelt"],"picked":"IllusionStar","floor":6},{"not_picked":["ChargeUpSpray","UnstableBomb"],"picked":"WitchOfGreed","floor":8},{"not_picked":["MachineGunSpark","MilkyWay"],"picked":"GravityBeat","floor":11},{"not_picked":["ManaConvection","OrrerysSun"],"picked":"OortCloud","floor":13},{"not_picked":["ShootingEcho","Occultation"],"picked":"PulseMagic","floor":14}],"player_experience":46322,"relics_obtained":[{"floor":6,"key":"Blue Doll"},{"floor":9,"key":"ReplayTheSpireMod:Lightbulb"},{"floor":14,"key":"Durian"}],"event_choices":[{"cards_removed":["Strike_MRS"],"damage_healed":0,"gold_gain":0,"player_choice":"Card Removal","damage_taken":0,"max_hp_gain":0,"max_hp_loss":0,"event_name":"Wheel of Change","floor":2,"gold_loss":0},{"damage_healed":0,"gold_gain":0,"player_choice":"Gave Potion","damage_taken":0,"relics_obtained":["Replay:WaspNest"],"max_hp_gain":0,"max_hp_loss":0,"event_name":"WeMeetAgain","floor":5,"gold_loss":0}],"is_beta":false,"boss_relics":[],"items_purged_floors":[],"is_endless":false,"potions_floor_spawned":[1,6,14],"killed_by":"The Guardian","ascension_level":0}}