{"host":"6q94iy5iz6612v89","time":1611495077,"event":{"mods":["2.2 Compatiblity","AchievementEnabler","BaseMod","Colored Map","DeckTracker","Keyboard Shortcuts","Marisa£¨Ùöéë¡¡Øª×âÞÞ£©","Minty Spire (QoL Compilation)","Permanent Neow","StSLib","SuperFastMode"],"gold_per_floor":[109,34,34,34,55,95,95,113,140,140,176,192,213,251,251,374,374,357,373,273,294,294,91,91,91],"floor_reached":24,"language":"KOR","playtime":785,"items_purged":["Strike_MRS","Strike_MRS","DC"],"score":301,"play_id":"e1a11115-d2d3-4792-ae96-575a0f5b9587","local_time":"20210124223117","is_ascension_mode":true,"campfire_choices":[{"data":"MasterSpark","floor":7,"key":"SMITH"},{"data":"GalacticHalo","floor":15,"key":"SMITH"}],"circlet_count":0,"master_deck":["Defend_MRS","Defend_MRS","Defend_MRS","Defend_MRS","MasterSpark+1","UpSweep","DarkMatter","GalacticHalo+1","EnergyRecoil","Acceleration","GalacticHalo","6A"],"relics":["MiniHakkero","NeowsBlessing","Golden Idol","Bag of Preparation","Ancient Tea Set","Kunai","Mercury Hourglass","SsserpentHead"],"acts_visited":["Exordium","TheCity"],"potions_floor_usage":[11,11],"damage_taken":[{"damage":0,"enemies":"Small Slimes","floor":1,"turns":1},{"damage":0,"enemies":"Cultist","floor":5,"turns":1},{"damage":0,"enemies":"Lagavulin","floor":6,"turns":1},{"damage":0,"enemies":"2 Louse","floor":8,"turns":2},{"damage":11,"enemies":"Gremlin Nob","floor":11,"turns":3},{"damage":6,"enemies":"Lots of Slimes","floor":12,"turns":5},{"damage":0,"enemies":"3 Louse","floor":13,"turns":2},{"damage":20,"enemies":"3 Sentries","floor":14,"turns":7},{"damage":16,"enemies":"Slime Boss","floor":16,"turns":9},{"damage":6,"enemies":"2 Thieves","floor":18,"turns":4},{"damage":8,"enemies":"Chosen","floor":19,"turns":5},{"damage":23,"enemies":"Snake Plant","floor":21,"turns":5},{"damage":24,"enemies":"Book of Stabbing","floor":24,"turns":7}],"seed_played":"-1341995380562093897","potions_obtained":[{"floor":5,"key":"CultistPotion"},{"floor":6,"key":"FearPotion"},{"floor":8,"key":"BottledSpark"},{"floor":16,"key":"Ancient Potion"}],"is_trial":false,"path_per_floor":["M","$","?","?","M","E","R","M","T","?","E","M","M","E","R","B",null,"M","M","$","M","?","$","E"],"character_chosen":"MARISA","items_purchased":["GalacticHalo","6A"],"campfire_rested":0,"item_purchase_floors":[23,23],"current_hp_per_floor":[75,75,57,57,57,57,57,57,57,57,46,40,40,20,20,4,57,51,43,43,20,20,20,0,0],"gold":91,"neow_bonus":"THREE_ENEMY_KILL","is_daily":false,"chose_seed":false,"campfire_upgraded":2,"win_rate":0.0,"timestamp":1611495077,"path_taken":["M","$","?","?","M","E","R","M","T","?","E","M","?","E","R","BOSS","M","M","$","M","?","$","E"],"items_purchased_type":["Card","Card"],"build_version":"2020-12-22","purchased_purges":3,"victory":false,"max_hp_per_floor":[75,75,75,75,75,75,75,75,75,75,75,75,75,75,75,75,75,75,75,75,75,75,75,75,75],"card_choices":[{"not_picked":["SuperPerseids","ShootTheMoon"],"picked":"DC","floor":1},{"not_picked":["IllusionStar","EarthLightRay","GrandCross"],"picked":"SKIP","floor":5},{"not_picked":["OneTimeOff","StarlightTyphoon"],"picked":"DarkMatter","floor":6},{"not_picked":["GasGiant","MilkyWay"],"picked":"GalacticHalo","floor":8},{"not_picked":["BlazingStar","NonDirectionalLaser","GrandCross"],"picked":"SKIP","floor":11},{"not_picked":["MysteriousBeam","SporeBomb","PowerUp"],"picked":"SKIP","floor":12},{"not_picked":["StarBarrage","WitchLeyline","ShootTheMoon"],"picked":"SKIP","floor":13},{"not_picked":["StarBarrage","SporeBomb","PulseMagic"],"picked":"SKIP","floor":14},{"not_picked":["Acceleration","DC"],"picked":"EnergyRecoil","floor":18},{"not_picked":["GasGiant","GravityBeat"],"picked":"Acceleration","floor":19},{"not_picked":["DoubleSpark","GrandCross","OrrerysSun"],"picked":"SKIP","floor":21}],"player_experience":1482856,"relics_obtained":[{"floor":6,"key":"Bag of Preparation"},{"floor":9,"key":"Ancient Tea Set"},{"floor":11,"key":"Kunai"},{"floor":14,"key":"Mercury Hourglass"}],"event_choices":[{"damage_healed":0,"gold_gain":0,"player_choice":"Take Damage","damage_taken":18,"relics_obtained":["Golden Idol"],"max_hp_gain":0,"max_hp_loss":0,"event_name":"Golden Idol","floor":3,"gold_loss":0},{"cards_removed":["Strike_MRS"],"damage_healed":0,"gold_gain":0,"player_choice":"Forget","damage_taken":0,"max_hp_gain":0,"max_hp_loss":0,"event_name":"Living Wall","floor":4,"gold_loss":0},{"cards_removed":["Strike_MRS"],"damage_healed":0,"gold_gain":0,"player_choice":"Offered Basic","damage_taken":0,"max_hp_gain":0,"max_hp_loss":0,"event_name":"Bonfire Elementals","floor":10,"gold_loss":0},{"damage_healed":0,"gold_gain":0,"player_choice":"Trade","damage_taken":0,"relics_obtained":["SsserpentHead"],"max_hp_gain":0,"max_hp_loss":0,"event_name":"FaceTrader","floor":22,"gold_loss":0}],"is_beta":false,"boss_relics":[{"not_picked":["Snecko Eye","Fusion Hammer","Pandora\u0027s Box"]}],"items_purged_floors":[2,20,23],"is_endless":false,"potions_floor_spawned":[5,6,8,16],"killed_by":"Book of Stabbing","ascension_level":5}}