{"host":"z2o61o1qvcmvhuul","time":1611488865,"event":{"mods":["BaseMod","Minty Spire (QoL Compilation)","Quick Restart","StSLib","SuperFastMode"],"gold_per_floor":[112,72,147,97,97,114,142,142,142,155,155,155,171,183,183,282,282,293,313,95,95,109,109,137,137,161,175,175,75,75,2,2,106,106,121,121,121,121,121,121,147,147,147,147,158,175,175,193,193,193],"floor_reached":51,"language":"ZHS","playtime":782,"items_purged":["Strike_G","Strike_G"],"score":802,"play_id":"bafcc575-ab5c-44f7-a1c4-a892d17882bb","local_time":"20210124194745","is_ascension_mode":true,"campfire_choices":[{"data":"Terror","floor":8.0,"key":"SMITH"},{"data":"Backstab","floor":12.0,"key":"SMITH"},{"data":"Predator","floor":15.0,"key":"SMITH"},{"data":"Finisher","floor":23.0,"key":"SMITH"},{"data":"Phantasmal Killer","floor":25.0,"key":"SMITH"},{"floor":32.0,"key":"REST"},{"data":"Blade Dance","floor":42.0,"key":"SMITH"},{"data":"Accuracy","floor":44.0,"key":"SMITH"},{"data":"Neutralize","floor":47.0,"key":"SMITH"},{"data":"Cloak And Dagger","floor":49.0,"key":"SMITH"}],"circlet_count":0,"master_deck":["Strike_G","Strike_G","Defend_G","Defend_G","Defend_G","Survivor","Neutralize+1","Backstab+1","Backstab+1","Blade Dance+1","Terror+1","Predator+1","After Image","Reflex+1","Finisher+1","Phantasmal Killer+1","Accuracy+1","Decay","Accuracy+1","Venomology","Madness","Madness","Dramatic Entrance","Flash of Steel","Cloak And Dagger+1"],"relics":["Ring of the Snake","NeowsBlessing","Question Card","Pantograph","Philosopher\u0027s Stone","ClockworkSouvenir","Potion Belt","Regal Pillow","SacredBark","Bag of Marbles","Gremlin Horn"],"acts_visited":["Exordium","TheCity","TheBeyond"],"potions_floor_usage":[50,50,50],"damage_taken":[{"damage":0.0,"enemies":"Small Slimes","floor":1.0,"turns":2.0},{"damage":0.0,"enemies":"2 Louse","floor":6.0,"turns":1.0},{"damage":0.0,"enemies":"Gremlin Nob","floor":7.0,"turns":1.0},{"damage":0.0,"enemies":"Cultist","floor":10.0,"turns":1.0},{"damage":0.0,"enemies":"2 Fungi Beasts","floor":13.0,"turns":2.0},{"damage":2.0,"enemies":"Lots of Slimes","floor":14.0,"turns":3.0},{"damage":0.0,"enemies":"Slime Boss","floor":16.0,"turns":1.0},{"damage":0.0,"enemies":"Chosen","floor":18.0,"turns":3.0},{"damage":4.0,"enemies":"2 Thieves","floor":19.0,"turns":3.0},{"damage":18.0,"enemies":"Sentry and Sphere","floor":22.0,"turns":4.0},{"damage":31.0,"enemies":"Book of Stabbing","floor":24.0,"turns":4.0},{"damage":4.0,"enemies":"Centurion and Healer","floor":27.0,"turns":3.0},{"damage":22.0,"enemies":"Champ","floor":33.0,"turns":7.0},{"damage":17.0,"enemies":"Orb Walker","floor":35.0,"turns":3.0},{"damage":0.0,"enemies":"Nemesis","floor":40.0,"turns":1.0},{"damage":0.0,"enemies":"3 Shapes","floor":45.0,"turns":2.0},{"damage":10.0,"enemies":"Transient","floor":46.0,"turns":5.0},{"damage":0.0,"enemies":"3 Darklings","floor":48.0,"turns":1.0},{"damage":77,"enemies":"Awakened One","floor":50,"turns":9}],"seed_played":"-8378241149578602868","potions_obtained":[{"floor":1.0,"key":"SkillPotion"},{"floor":10.0,"key":"SteroidPotion"},{"floor":13.0,"key":"Fire Potion"},{"floor":19.0,"key":"Poison Potion"},{"floor":27.0,"key":"ColorlessPotion"},{"floor":33.0,"key":"Regen Potion"},{"floor":45.0,"key":"SkillPotion"},{"floor":48.0,"key":"GhostInAJar"}],"is_trial":false,"path_per_floor":["M","$","?","?","?","M","E","R","T","M","?","R","M","M","R","B",null,"M","M","$","?","M","R","E","R","T","M","?","$","?","$","R","B",null,"M","?","?","?","?","E","T","R","T","R","M","M","R","M","R","B",null],"character_chosen":"THE_SILENT","items_purchased":["Backstab","ClockworkSouvenir","Accuracy"],"campfire_rested":1,"item_purchase_floors":[2,20,31],"current_hp_per_floor":[70,70,59,59,59,59,59,59,59,59,59,59,59,57,57,70,70,70,66,66,66,48,48,17,17,17,13,13,13,13,13,49,48,70,53,44,44,34,61,61,61,61,61,61,61,51,51,51,51,29],"gold":193,"neow_bonus":"THREE_ENEMY_KILL","is_daily":false,"chose_seed":false,"campfire_upgraded":9,"win_rate":0.0,"timestamp":1611488865,"path_taken":["M","$","?","?","?","M","E","R","T","?","?","R","?","M","R","BOSS","M","M","$","?","M","R","E","R","T","M","?","$","?","$","R","BOSS","M","?","?","?","?","E","?","R","T","R","M","M","R","M","R","BOSS"],"items_purchased_type":["Card","Relic","Card"],"build_version":"2020-12-22","purchased_purges":2,"victory":true,"max_hp_per_floor":[70,70,70,70,70,70,70,70,70,70,70,70,70,70,70,70,70,70,70,70,70,70,70,70,70,70,70,70,70,70,70,70,70,70,70,70,70,70,61,61,61,61,61,61,61,61,61,61,61,61],"card_choices":[{"not_picked":["Noxious Fumes","Dodge and Roll"],"picked":"Backstab","floor":1.0},{"not_picked":["Outmaneuver","Slice"],"picked":"Blade Dance","floor":6.0},{"not_picked":["Venomology","Cloak And Dagger"],"picked":"Terror","floor":7.0},{"not_picked":["Slice","PiercingWail","Catalyst"],"picked":"Infinite Blades","floor":10.0},{"not_picked":["Bane","Dagger Throw","Deflect","Leg Sweep"],"picked":"SKIP","floor":13.0},{"not_picked":["Quick Slash","Blade Dance","Prepared"],"picked":"Predator","floor":14.0},{"not_picked":["Corpse Explosion","Tools of the Trade","Bullet Time"],"picked":"After Image","floor":16.0},{"not_picked":["Crippling Poison","Tactician","Underhanded Strike"],"picked":"Reflex+1","floor":18.0},{"not_picked":["Prepared","Deflect","Distraction","Dagger Spray"],"picked":"SKIP","floor":19.0},{"not_picked":["Flying Knee","Backflip","Quick Slash+1"],"picked":"Finisher","floor":22.0},{"not_picked":["Burst","PiercingWail","Quick Slash"],"picked":"Phantasmal Killer","floor":24.0},{"not_picked":["Well Laid Plans+1","Dagger Spray","Eviscerate"],"picked":"Accuracy+1","floor":27.0},{"not_picked":["Grand Finale","Envenom","A Thousand Cuts"],"picked":"Venomology","floor":33.0},{"not_picked":["Flying Knee","Eviscerate","Prepared","Dodge and Roll"],"picked":"SKIP","floor":35.0},{"not_picked":["Enlightenment","Bandage Up","The Bomb"],"picked":"Dramatic Entrance","floor":38.0},{"not_picked":["Madness","Swift Strike","Dramatic Entrance"],"picked":"Flash of Steel","floor":38.0},{"not_picked":["Cloak And Dagger","Dodge and Roll","Deadly Poison","Dash+1"],"picked":"SKIP","floor":45.0},{"not_picked":["Cloak And Dagger","Dodge and Roll","Deadly Poison","Dash+1"],"picked":"SKIP","floor":45.0},{"not_picked":["Sucker Punch+1","Poisoned Stab+1","Eviscerate+1","Flying Knee+1"],"picked":"SKIP","floor":46.0},{"not_picked":["Flechettes","Dodge and Roll+1","Reflex"],"picked":"Cloak And Dagger","floor":48.0}],"player_experience":311367,"relics_obtained":[{"floor":7.0,"key":"Question Card"},{"floor":9.0,"key":"Pantograph"},{"floor":24.0,"key":"Potion Belt"},{"floor":26.0,"key":"Regal Pillow"},{"floor":41.0,"key":"Bag of Marbles"},{"floor":43.0,"key":"Gremlin Horn"}],"event_choices":[{"damage_healed":0.0,"max_hp_gain":0.0,"max_hp_loss":0.0,"gold_gain":75.0,"event_name":"World of Goop","player_choice":"Gather Gold","floor":3.0,"gold_loss":0.0,"damage_taken":11.0},{"cards_removed":["Defend_G"],"damage_healed":0.0,"max_hp_gain":0.0,"max_hp_loss":0.0,"gold_gain":0.0,"event_name":"The Cleric","player_choice":"Card Removal","floor":4.0,"gold_loss":50.0,"damage_taken":0.0},{"cards_removed":["Defend_G"],"damage_healed":0.0,"max_hp_gain":0.0,"max_hp_loss":0.0,"gold_gain":0.0,"event_name":"Bonfire Elementals","player_choice":"Offered Basic","floor":5.0,"gold_loss":0.0,"damage_taken":0.0},{"damage_healed":0.0,"max_hp_gain":0.0,"max_hp_loss":0.0,"gold_gain":0.0,"event_name":"Accursed Blacksmith","player_choice":"Forge","floor":11.0,"gold_loss":0.0,"damage_taken":0.0,"cards_upgraded":["Backstab"]},{"cards_removed":["Strike_G"],"damage_healed":0.0,"max_hp_gain":0.0,"max_hp_loss":0.0,"gold_gain":0.0,"event_name":"Back to Basics","player_choice":"Elegance","floor":21.0,"gold_loss":0.0,"damage_taken":0.0},{"damage_healed":0.0,"max_hp_gain":0.0,"max_hp_loss":0.0,"gold_gain":0.0,"event_name":"Forgotten Altar","player_choice":"Smashed Altar","floor":30.0,"gold_loss":0.0,"damage_taken":0.0,"cards_obtained":["Decay"]},{"damage_healed":0.0,"max_hp_gain":0.0,"max_hp_loss":0.0,"gold_gain":0.0,"event_name":"Winding Halls","player_choice":"Embrace Madness","floor":36.0,"gold_loss":0.0,"damage_taken":9.0,"cards_obtained":["Madness","Madness"]},{"cards_removed":["Infinite Blades"],"damage_healed":0.0,"max_hp_gain":0.0,"max_hp_loss":0.0,"gold_gain":0.0,"event_name":"Falling","player_choice":"Removed Power","floor":37.0,"gold_loss":0.0,"damage_taken":0.0},{"damage_healed":0.0,"max_hp_gain":0.0,"max_hp_loss":0.0,"gold_gain":0.0,"event_name":"SensoryStone","player_choice":"Memory 3","floor":38.0,"gold_loss":0.0,"damage_taken":10.0},{"damage_healed":61.0,"max_hp_gain":0.0,"max_hp_loss":9.0,"gold_gain":0.0,"event_name":"The Moai Head","player_choice":"Heal","floor":39.0,"gold_loss":0.0,"damage_taken":0.0}],"is_beta":false,"boss_relics":[{"not_picked":["Snecko Eye","Ectoplasm"],"picked":"Philosopher\u0027s Stone"},{"not_picked":["Sozu","Fusion Hammer"],"picked":"SacredBark"}],"items_purged_floors":[20,29],"is_endless":false,"potions_floor_spawned":[1,10,13,19,27,33,40,45,48],"ascension_level":1}}