{"host":"qfskrnw3pl1q86j0","time":1611504353,"event":{"mods":["BaseMod","Block Reminder","Hermit","Marisa????????","Minty Spire (QoL Compilation)","Quick Restart","Random Character Button","Relic Stats","StSLib","The Poker Player","slay the spire mod where everything is the same but ironclad has a cowboy hat"],"gold_per_floor":[110,120,120,130,140,140,153,153,153,167,184,210,210,223,223,322,322,334,348,25,37,51,51,69,69,69,69,103,115,69,87,87,191,191,205,219,238,238,47,47,47,66,93,103,103,0,16,41,41,41],"floor_reached":51,"language":"ENG","playtime":1622,"items_purged":[],"score":752,"play_id":"212080a6-23d6-400a-aad7-0138085ff1d0","local_time":"20210124170553","is_ascension_mode":false,"campfire_choices":[{"data":"MasterSpark","floor":6,"key":"SMITH"},{"data":"EnergyFlow","floor":8,"key":"SMITH"},{"data":"EnergyFlow","floor":13,"key":"SMITH"},{"data":"MilkyWay","floor":15,"key":"SMITH"},{"data":"MilkyWay","floor":23,"key":"SMITH"},{"data":"MilkyWay","floor":25,"key":"SMITH"},{"data":"MillisecondPulsars","floor":27,"key":"SMITH"},{"floor":32,"key":"REST"},{"data":"SprinkleStarSeal","floor":40,"key":"SMITH"},{"floor":45,"key":"REST"},{"floor":49,"key":"REST"}],"circlet_count":0,"master_deck":["Strike_MRS","Strike_MRS+1","Defend_MRS","Defend_MRS","Defend_MRS","MasterSpark+1","UpSweep","DC+1","EnergyFlow+1","AsteroidBelt","DoubleSpark","MilkyWay+1","EnergyFlow+1","MilkyWay+1","MillisecondPulsars+1","SprinkleStarSeal+1","MilkyWay+1","SporeBomb","Acceleration","StarBarrage+1","DeepEcoloBomb+1","GalacticHalo+1","GrandCross+1","MachineGunSpark+1","Singularity+1","AlicesGift+1"],"relics":["MiniHakkero","Molten Egg 2","Pen Nib","Busted Crown","Bottled Lightning","Vajra","Calipers","ExperimentalFamiliar","Whetstone","Oddly Smooth Stone","Red Mask","Bag of Marbles"],"acts_visited":["Exordium","TheCity","TheBeyond"],"potions_floor_usage":[16,19,19,21,28,31,50,50,50],"damage_taken":[{"damage":0,"enemies":"2 Louse","floor":1,"turns":2},{"damage":0,"enemies":"Cultist","floor":2,"turns":2},{"damage":1,"enemies":"Jaw Worm","floor":4,"turns":2},{"damage":7,"enemies":"Blue Slaver","floor":5,"turns":3},{"damage":3,"enemies":"Red Slaver","floor":7,"turns":2},{"damage":0,"enemies":"3 Louse","floor":10,"turns":3},{"damage":8,"enemies":"Exordium Wildlife","floor":11,"turns":4},{"damage":7,"enemies":"Lagavulin","floor":12,"turns":5},{"damage":6,"enemies":"Large Slime","floor":14,"turns":3},{"damage":0,"enemies":"The Guardian","floor":16,"turns":8},{"damage":10,"enemies":"Chosen","floor":18,"turns":4},{"damage":0,"enemies":"3 Byrds","floor":19,"turns":3},{"damage":0,"enemies":"Snecko","floor":21,"turns":4},{"damage":11,"enemies":"Centurion and Healer","floor":22,"turns":5},{"damage":11,"enemies":"Cultist and Chosen","floor":24,"turns":6},{"damage":26,"enemies":"Slavers","floor":28,"turns":4},{"damage":6,"enemies":"Snake Plant","floor":29,"turns":3},{"damage":3,"enemies":"Chosen and Byrds","floor":31,"turns":4},{"damage":12,"enemies":"Champ","floor":33,"turns":4},{"damage":7,"enemies":"3 Shapes","floor":35,"turns":5},{"damage":10,"enemies":"3 Darklings","floor":36,"turns":3},{"damage":0,"enemies":"Transient","floor":37,"turns":5},{"damage":19,"enemies":"Writhing Mass","floor":42,"turns":4},{"damage":0,"enemies":"4 Shapes","floor":44,"turns":4},{"damage":10,"enemies":"3 Darklings","floor":47,"turns":3},{"damage":44,"enemies":"Time Eater","floor":50,"turns":8}],"seed_played":"-4699861460518303145","potions_obtained":[{"floor":2,"key":"DistilledChaos"},{"floor":5,"key":"CultistPotion"},{"floor":10,"key":"BottledSpark"},{"floor":16,"key":"BottledSpark"},{"floor":22,"key":"GamblersBrew"},{"floor":24,"key":"FearPotion"},{"floor":28,"key":"Explosive Potion"},{"floor":33,"key":"EssenceOfSteel"},{"floor":35,"key":"SkillPotion"}],"is_trial":false,"path_per_floor":["M","M","?","M","M","R","M","R","T","M","M","E","R","M","R","B",null,"M","M","$","M","M","R","M","R","T","R","E","M","$","M","R","B",null,"M","M","M","?","$","R","?","M","T","M","R","?","M","T","R","B",null],"character_chosen":"MARISA","items_purchased":["SporeBomb","Acceleration","Bottled Lightning","GrandCross+1","Whetstone","AlicesGift+1"],"campfire_rested":3,"item_purchase_floors":[20,20,20,30,39,39],"current_hp_per_floor":[68,68,68,67,60,60,57,57,57,57,49,42,42,36,36,36,68,58,58,58,58,47,47,36,36,36,36,10,4,4,1,21,9,68,61,51,51,51,51,51,51,32,32,32,52,52,42,42,62,18],"gold":41,"neow_bonus":"REMOVE_TWO","is_daily":false,"chose_seed":false,"campfire_upgraded":8,"win_rate":0.0,"timestamp":1611504353,"path_taken":["M","M","?","M","M","R","M","R","T","M","?","E","R","M","R","BOSS","M","M","$","M","M","R","M","R","T","R","E","?","?","M","R","BOSS","M","M","M","?","$","R","?","M","T","?","R","?","M","?","R","BOSS"],"items_purchased_type":["Card","Card","Relic","Card","Relic","Card"],"build_version":"2020-12-22","purchased_purges":0,"victory":true,"max_hp_per_floor":[68,68,68,68,68,68,68,68,68,68,68,68,68,68,68,68,68,68,68,68,68,68,68,68,68,68,68,68,68,68,68,68,68,68,68,68,68,68,68,68,68,68,68,68,68,68,68,68,68,68],"relic_stats":{"Busted Crown":32,"counters":[26,103],"Pen Nib":[14],"Whetstone":["DC","Strike_MRS"],"obtain_stats":[{"Busted Crown":17,"Calipers":28,"ExperimentalFamiliar":34,"Vajra":26,"Oddly Smooth Stone":43,"Molten Egg 2":9,"Pen Nib":12,"Red Mask":46,"Bag of Marbles":48,"MiniHakkero":0,"Bottled Lightning":20,"Whetstone":39},{"Busted Crown":10,"Calipers":16,"ExperimentalFamiliar":19,"Vajra":15,"Oddly Smooth Stone":23,"Molten Egg 2":5,"Pen Nib":8,"Red Mask":24,"Bag of Marbles":25,"MiniHakkero":0,"Bottled Lightning":12,"Whetstone":22},{"Busted Crown":34,"Calipers":60,"ExperimentalFamiliar":71,"Vajra":56,"Oddly Smooth Stone":88,"Molten Egg 2":11,"Pen Nib":23,"Red Mask":92,"Bag of Marbles":95,"MiniHakkero":0,"Bottled Lightning":41,"Whetstone":84}]},"card_choices":[{"not_picked":["UnstableBomb","WitchLeyline"],"picked":"DC","floor":1},{"not_picked":["GalacticHalo","Acceleration"],"picked":"EnergyFlow","floor":2},{"not_picked":["FairyDestructionRay","LuminesStrike"],"picked":"AsteroidBelt","floor":4},{"not_picked":["WitchLeyline","ManaRampage","MysteriousBeam"],"picked":"SKIP","floor":5},{"not_picked":["LuminesStrike","EnergyRecoil"],"picked":"DoubleSpark","floor":7},{"not_picked":["MysteriousBeam+1","PropBag"],"picked":"MilkyWay","floor":10},{"not_picked":["DarkSpark+1","MilkyWay"],"picked":"EnergyFlow","floor":11},{"not_picked":["IllusionStar","DoubleSpark+1","StarDustReverie"],"picked":"SKIP","floor":12},{"not_picked":["Orbital","StarBarrage+1"],"picked":"MilkyWay","floor":14},{"not_picked":["StarDustReverie","JA+1"],"picked":"MillisecondPulsars","floor":16},{"not_picked":[],"picked":"SprinkleStarSeal","floor":18},{"not_picked":[],"picked":"MilkyWay","floor":19},{"not_picked":["IllusionStar"],"picked":"SKIP","floor":21},{"not_picked":[],"picked":"StarBarrage+1","floor":22},{"not_picked":[],"picked":"DeepEcoloBomb+1","floor":24},{"not_picked":["PowerUp"],"picked":"SKIP","floor":28},{"not_picked":[],"picked":"GalacticHalo+1","floor":29},{"not_picked":[],"picked":"MachineGunSpark+1","floor":31},{"not_picked":[],"picked":"Singularity+1","floor":35},{"not_picked":["AsteroidBelt"],"picked":"SKIP","floor":36},{"not_picked":["SporeBomb+1"],"picked":"SKIP","floor":37},{"not_picked":["PowerUp+1"],"picked":"SKIP","floor":42},{"not_picked":["ShootingEcho+1"],"picked":"SKIP","floor":44},{"not_picked":["LuminesStrike+1"],"picked":"SKIP","floor":47}],"player_experience":1002715,"relics_obtained":[{"floor":9,"key":"Molten Egg 2"},{"floor":12,"key":"Pen Nib"},{"floor":26,"key":"Vajra"},{"floor":28,"key":"Calipers"},{"floor":43,"key":"Oddly Smooth Stone"},{"floor":48,"key":"Bag of Marbles"}],"event_choices":[{"cards_removed":["Strike_MRS"],"damage_healed":0,"gold_gain":0,"player_choice":"Offered Basic","damage_taken":0,"max_hp_gain":0,"max_hp_loss":0,"event_name":"Bonfire Elementals","floor":3,"gold_loss":0},{"damage_healed":0,"gold_gain":0,"player_choice":"Memory 1","damage_taken":0,"max_hp_gain":0,"max_hp_loss":0,"event_name":"SensoryStone","floor":38,"gold_loss":0},{"damage_healed":0,"gold_gain":0,"player_choice":"Ignored","damage_taken":0,"max_hp_gain":0,"max_hp_loss":0,"event_name":"NoteForYourself","floor":41,"gold_loss":0},{"damage_healed":0,"gold_gain":0,"player_choice":"Paid","damage_taken":0,"relics_obtained":["Red Mask"],"max_hp_gain":0,"max_hp_loss":0,"event_name":"Tomb of Lord Red Mask","floor":46,"gold_loss":103}],"is_beta":false,"boss_relics":[{"not_picked":["Ectoplasm","Velvet Choker"],"picked":"Busted Crown"},{"not_picked":["Tiny House","Snecko Eye"],"picked":"ExperimentalFamiliar"}],"items_purged_floors":[],"is_endless":false,"potions_floor_spawned":[2,5,10,11,16,18,22,24,28,33,35,37,44,47],"ascension_level":0}}