{"host":"q9718omregw4er46","time":1611511941,"event":{"mods":["BaseMod","Bestiary","Colored Powertips","Custom Start","Highlight Path","Minty Spire (QoL Compilation)","Practice Mode","Quick Restart","Relic Stats"],"gold_per_floor":[113,125,144,162,181,181,198,198,198,198,198],"floor_reached":10,"language":"ENG","playtime":331,"items_purged":[],"score":124,"play_id":"d7519c04-d0dc-489e-a3e0-431d5fad6bf4","local_time":"20210124231221","is_ascension_mode":true,"campfire_choices":[{"data":"Bash","floor":6,"key":"SMITH"},{"data":"Disarm","floor":8,"key":"SMITH"}],"circlet_count":0,"master_deck":["AscendersBane","Strike_R","Strike_R","Strike_R","Strike_R","Strike_R","Defend_R","Defend_R","Defend_R","Defend_R","Bash+1","Reaper","Cleave","Thunderclap","Disarm+1","Exhume","Anger","Shrug It Off"],"relics":["Burning Blood","Potion Belt"],"acts_visited":["Exordium"],"potions_floor_usage":[],"damage_taken":[{"damage":24,"enemies":"Small Slimes","floor":1,"turns":6},{"damage":12,"enemies":"Cultist","floor":2,"turns":4},{"damage":11,"enemies":"2 Louse","floor":3,"turns":3},{"damage":15,"enemies":"2 Fungi Beasts","floor":4,"turns":4},{"damage":25,"enemies":"Blue Slaver","floor":5,"turns":8},{"damage":7,"enemies":"Large Slime","floor":7,"turns":6},{"damage":37,"enemies":"Lagavulin","floor":10,"turns":8}],"seed_played":"-1254282333226336499","potions_obtained":[{"floor":3,"key":"Swift Potion"},{"floor":4,"key":"Dexterity Potion"},{"floor":7,"key":"PowerPotion"}],"is_trial":false,"path_per_floor":["M","M","M","M","M","R","M","R","T","E"],"character_chosen":"IRONCLAD","items_purchased":[],"campfire_rested":0,"item_purchase_floors":[],"current_hp_per_floor":[38,38,41,44,31,31,34,34,34,0,0],"gold":198,"neow_bonus":"THREE_RARE_CARDS","is_daily":false,"chose_seed":false,"campfire_upgraded":2,"win_rate":0.0,"timestamp":1611511941,"path_taken":["M","M","M","M","M","R","M","R","T","E"],"items_purchased_type":[],"build_version":"2020-12-22","purchased_purges":0,"victory":false,"max_hp_per_floor":[75,75,75,75,75,75,75,75,75,75,75],"relic_stats":{"counters":[7,39],"obtain_stats":[{"Potion Belt":9,"Burning Blood":0},{"Potion Belt":6,"Burning Blood":0},{"Potion Belt":31,"Burning Blood":0}],"Burning Blood":36},"card_choices":[{"not_picked":["Corruption","Offering"],"picked":"Reaper","floor":0},{"not_picked":["Shockwave","Pommel Strike"],"picked":"Cleave","floor":1},{"not_picked":["True Grit","Clothesline"],"picked":"Thunderclap","floor":2},{"not_picked":["Rage","Armaments"],"picked":"Disarm","floor":3},{"not_picked":["Clash","Reckless Charge"],"picked":"Exhume","floor":4},{"not_picked":["Thunderclap","Body Slam"],"picked":"Anger","floor":5},{"not_picked":["Warcry","Anger"],"picked":"Shrug It Off","floor":7}],"player_experience":1252428,"relics_obtained":[{"floor":9,"key":"Potion Belt"}],"event_choices":[],"is_beta":false,"boss_relics":[],"items_purged_floors":[],"is_endless":false,"potions_floor_spawned":[3,4,7],"killed_by":"Lagavulin","ascension_level":20}}