{"host":"rkezzvf6da7mjjsm","time":1611518016,"event":{"mods":["BaseMod","Colored Map","Downfall","Minty Spire (QoL Compilation)","StSLib"],"gold_per_floor":[99,99,99,24,124,142,165,199,214,286,286,314,327,352,370,471,471,471,482,499,516,516,159,234,234,260,301,1,29,29,29,55,164,164,164,188,1187,507,525,541,541,55,55,55,88,99,99,128,142,142,142,172,31,31,31,31],"floor_reached":57,"language":"ENG","playtime":4973,"items_purged":["Pride","Normality","Normality"],"score":1450,"play_id":"c1ff0119-80bb-4a72-afdf-00383fed68ef","local_time":"20210125065336","is_ascension_mode":false,"campfire_choices":[{"data":"hexamod:Float","floor":1.0,"key":"SMITH"},{"data":"hexamod:TimeWarp","floor":11.0,"key":"SMITH"},{"floor":18.0,"key":"RECALL"},{"floor":28,"key":"REST"},{"floor":30,"key":"REST"},{"floor":35,"key":"REST"},{"floor":44,"key":"REST"},{"floor":47,"key":"REST"},{"floor":54,"key":"REST"}],"circlet_count":0,"master_deck":["hexamod:Strike+1","hexamod:Strike+1","hexamod:Strike+1","hexamod:Strike+1","hexamod:Defend+1","hexamod:Defend+1","hexamod:Defend","hexamod:Defend+1","hexamod:Sear+1","hexamod:Float+1","hexamod:StepThrough","hexamod:BacktrackSmack+1","hexamod:TimeWarp+1","hexamod:BurningTouch+1","hexamod:HexaLevel+1","hexamod:Hexaguard+1","hexamod:FastForward+1","hexamod:Hexaguard+1","hexamod:UnlimitedPower+1","hexamod:Incineration+1","hexamod:RadiantFlame+1","hexamod:SixthSeal","hexamod:SkipABeat","hexamod:AdvancingGuard+1","hexamod:InspiringFlames+1","hexamod:RainOfEmbers+1","hexamod:StepThrough","hexamod:SixthSeal","hexamod:ExtraCrispy+1","hexamod:SecondSeal","hexamod:GhostflameInferno+1","hexamod:Incineration","RitualDagger+1","hexamod:GhostShield+1","hexamod:VolcanoVisage+1","hexamod:Hexaguard","expansioncontent:StudyTheSpire","hexamod:SpectralAdrenaline+1","expansioncontent:Chronoboost","hexamod:HexaLevel+1","hexamod:UnlimitedPower+1","Shame","hexamod:UnlimitedPower+1","hexamod:PowerFromBeyond+1","hexamod:GhostflameBarrier+1","hexamod:EmpoweredFlame+1","hexamod:ChargedBarrage+1"],"relics":["hexamod:SpiritBrand","downfall:HeartsMalice","downfall:GremlinWheel","War Paint","Pear","The Courier","hexamod:Sixitude","Bag of Marbles","Fusion Hammer","Bag of Preparation","Gremlin Horn","hexamod:JarOfFuel","hexamod:BolsterEngine","hexamod:TheBrokenSeal","MealTicket","downfall:HeartBlessingRed","downfall:HeartBlessingGreen","downfall:HeartBlessingBlue","Snecko Eye","Bottled Tornado","FossilizedHelix","Toxic Egg 2","Pantograph","Vajra","Medical Kit","hexamod:InflammatoryLetter","bronze:DecasWashers","StrikeDummy","InkBottle"],"acts_visited":["Exordium","TheCity","TheBeyond","TheEnding"],"potions_floor_usage":[33,38,38,50,55,55,55],"damage_taken":[{"damage":0.0,"enemies":"2 Louse","floor":2.0,"turns":1.0},{"damage":0.0,"enemies":"Cultist","floor":3.0,"turns":1.0},{"damage":0.0,"enemies":"downfall:FleeingMerchant","floor":4.0,"turns":1.0},{"damage":24.0,"enemies":"downfall:FleeingMerchant","floor":5.0,"turns":5.0},{"damage":0.0,"enemies":"Small Slimes","floor":6.0,"turns":2.0},{"damage":18.0,"enemies":"3 Sentries","floor":8.0,"turns":8.0},{"damage":7.0,"enemies":"Exordium Thugs","floor":9.0,"turns":4.0},{"damage":11.0,"enemies":"Gremlin Nob","floor":12.0,"turns":2.0},{"damage":6.0,"enemies":"Exordium Wildlife","floor":13.0,"turns":4.0},{"damage":3.0,"enemies":"Lagavulin","floor":14.0,"turns":6.0},{"damage":5.0,"enemies":"3 Louse","floor":15.0,"turns":3.0},{"damage":37.0,"enemies":"WA_ARCHETYPE_RETAIN","floor":16.0,"turns":8.0},{"damage":9.0,"enemies":"Chosen","floor":19.0,"turns":5.0},{"damage":13,"enemies":"Shell Parasite","floor":20,"turns":3},{"damage":6,"enemies":"Centurion and Healer","floor":21,"turns":9},{"damage":5,"enemies":"downfall:FleeingMerchant","floor":23,"turns":4},{"damage":10,"enemies":"Snecko","floor":26,"turns":6},{"damage":30,"enemies":"Book of Stabbing","floor":27,"turns":7},{"damage":2,"enemies":"3 Cultists","floor":29,"turns":4},{"damage":9,"enemies":"Centurion and Healer","floor":32,"turns":4},{"damage":16,"enemies":"SI_MIRROR_ARCHETYPE","floor":33,"turns":7},{"damage":0,"enemies":"3 Shapes","floor":36,"turns":3},{"damage":0,"enemies":"downfall:FleeingMerchant","floor":38,"turns":4},{"damage":0,"enemies":"Orb Walker","floor":39,"turns":2},{"damage":0,"enemies":"Sphere and 2 Shapes","floor":40,"turns":1},{"damage":0,"enemies":"Nemesis","floor":45,"turns":3},{"damage":0,"enemies":"Jaw Worm Horde","floor":46,"turns":2},{"damage":0,"enemies":"Reptomancer","floor":48,"turns":2},{"damage":0,"enemies":"Spire Growth","floor":49,"turns":3},{"damage":34,"enemies":"DF_ARCHETYPE_ORBS","floor":50,"turns":6},{"damage":0,"enemies":"downfall:CharBossMerchant","floor":52,"turns":5},{"damage":30,"enemies":"downfall:NeowBoss","floor":55,"turns":10},{"damage":76,"enemies":"downfall:NeowBossFinal","floor":56,"turns":6}],"seed_played":"6024090061165364698","potions_obtained":[{"floor":6.0,"key":"champ:CounterPotion"},{"floor":12.0,"key":"sneckomod:MuddlingPotion"},{"floor":13.0,"key":"sneckomod:MuddlingPotion"},{"floor":14.0,"key":"GamblersBrew"},{"floor":15.0,"key":"Strength Potion"},{"floor":16.0,"key":"bronze:BurnAndBuffPotion"},{"floor":26,"key":"bronze:BurnAndBuffPotion"},{"floor":27,"key":"SkillPotion"},{"floor":32,"key":"DuplicationPotion"},{"floor":33,"key":"Ancient Potion"},{"floor":36,"key":"Energy Potion"},{"floor":39,"key":"EssenceOfSteel"},{"floor":49,"key":"SteroidPotion"},{"floor":52,"key":"champ:CounterPotion"}],"is_trial":false,"path_per_floor":["R","M","M","$","?","M","T","E","M","T","R","E","M","E","M","B",null,"R","M","M","M","?","$","T","?","M","E","R","M","R","?","M","B",null,"R","M","?","$","M","M","T","$","?","R","E","M","R","E","M","B",null,"E","$","R","B","B",null],"character_chosen":"THE_SPIRIT","items_purchased":["hexamod:TimeWarp","hexamod:StepThrough","hexamod:JarOfFuel","hexamod:BolsterEngine","expansioncontent:StudyTheSpire","Bottled Tornado","FossilizedHelix","Toxic Egg 2","hexamod:SpectralAdrenaline+1","expansioncontent:Chronoboost","Vajra","Medical Kit","hexamod:InflammatoryLetter","hexamod:SoulburnPotion","Strength Potion"],"campfire_rested":6,"item_purchase_floors":[4,23,23,23,38,38,38,38,38,38,42,42,42,42,53],"current_hp_per_floor":[70,70,70,70,53,60,60,59,59,59,59,48,42,46,48,11,80,80,78,65,66,66,68,68,68,65,81,100,98,100,94,85,69,100,100,100,100,100,100,100,100,100,100,100,100,100,100,100,100,66,100,100,100,100,70,19],"gold":31,"neow_bonus":"THREE_ENEMY_KILL","is_daily":false,"chose_seed":false,"campfire_upgraded":2,"win_rate":0.0,"timestamp":1611518016,"path_taken":["R","M","M","$","?","?","T","E","M","?","R","E","?","E","M","BOSS","R","M","M","M","?","$","T","?","M","E","R","?","R","?","M","BOSS","R","M","?","$","M","M","T","$","?","R","E","M","R","E","M","BOSS","E","$","R","BOSS","BOSS"],"items_purchased_type":["Card","Card","Relic","Relic","Card","Relic","Relic","Relic","Card","Card","Relic","Relic","Relic","Potion","Potion"],"build_version":"2020-12-22","purchased_purges":3,"victory":true,"max_hp_per_floor":[70,70,70,70,70,70,70,80,80,80,80,80,80,80,80,80,80,80,80,80,80,80,80,80,80,80,90,100,100,100,100,100,100,100,100,100,100,100,100,100,100,100,100,100,100,100,100,100,100,100,100,100,100,100,100,100],"card_choices":[{"not_picked":["hexamod:InspiringFlames","hexamod:PhantomCloak"],"picked":"hexamod:StepThrough","floor":2.0},{"not_picked":["hexamod:FlamesFromBeyond","hexamod:GhostShield"],"picked":"hexamod:BacktrackSmack","floor":3.0},{"not_picked":["hexamod:NecessarySacrifice","hexamod:FlamesFromBeyond"],"picked":"hexamod:FirstSeal","floor":4.0},{"not_picked":["hexamod:Firestarter","hexamod:BacktrackSmack"],"picked":"hexamod:BurningTouch","floor":6.0},{"not_picked":["hexamod:FlamesFromBeyond","hexamod:Hexaguard"],"picked":"hexamod:HexaLevel","floor":8.0},{"not_picked":["hexamod:ThermalTransfer","hexamod:BacktrackSmack"],"picked":"hexamod:Hexaguard","floor":9.0},{"not_picked":["hexamod:RecurringNightmare","hexamod:HauntingEcho","hexamod:ThermalTransfer"],"picked":"SKIP","floor":12.0},{"not_picked":["hexamod:HeatMetal","hexamod:SpectersWail"],"picked":"hexamod:FastForward","floor":13.0},{"not_picked":["hexamod:Hexaguard","hexamod:Firestarter"],"picked":"hexamod:ThirdSeal","floor":14.0},{"not_picked":["hexamod:BacktrackSmack","hexamod:HeatMetal"],"picked":"hexamod:Hexaguard","floor":15.0},{"not_picked":["hexamod:UnleashSpirits","hexamod:ShieldOfDarkness","hexamod:Firestarter"],"picked":"SKIP","floor":15.0},{"not_picked":["hexamod:TimeOfNeed","hexamod:HexaLevel"],"picked":"hexamod:FifthSeal","floor":16.0},{"not_picked":["hexamod:VolcanoVisage","hexamod:WildfireWeapon"],"picked":"hexamod:UnlimitedPower","floor":16.0},{"not_picked":["hexamod:FlamesFromBeyond+1","hexamod:AdvancingGuard+1"],"picked":"hexamod:Incineration","floor":19.0},{"not_picked":["hexamod:FirstSeal","hexamod:FourthSeal"],"picked":"hexamod:SixthSeal","floor":19.0},{"not_picked":["hexamod:PowerFromBeyond","hexamod:BurningTouch+1"],"picked":"hexamod:RadiantFlame","floor":19.0},{"not_picked":["hexamod:ThirdSeal","hexamod:FirstSeal"],"picked":"hexamod:SixthSeal","floor":20},{"not_picked":["hexamod:HauntingEcho","hexamod:BurningTouch"],"picked":"hexamod:SkipABeat","floor":20},{"not_picked":["hexamod:ShieldOfDarkness","hexamod:SwordOfDarkness+1"],"picked":"hexamod:AdvancingGuard","floor":20},{"not_picked":["hexamod:SixthSeal","hexamod:ThirdSeal"],"picked":"hexamod:SecondSeal","floor":21},{"not_picked":["hexamod:ThermalTransfer+1","hexamod:BurningTouch+1"],"picked":"hexamod:InspiringFlames","floor":21},{"not_picked":["hexamod:FirstSeal","hexamod:SwordOfDarkness+1","hexamod:BurningTouch"],"picked":"SKIP","floor":21},{"not_picked":["hexamod:SixthSeal","hexamod:ThirdSeal"],"picked":"hexamod:FourthSeal","floor":23},{"not_picked":["hexamod:NightmareGuise","hexamod:SpectralAdrenaline"],"picked":"hexamod:RainOfEmbers","floor":23},{"not_picked":["hexamod:NecessarySacrifice+1","hexamod:GhostflameBarrier","hexamod:InspiringFlames"],"picked":"SKIP","floor":23},{"not_picked":["hexamod:FirstSeal","hexamod:SecondSeal"],"picked":"hexamod:SixthSeal","floor":26},{"not_picked":["hexamod:Hexaguard","hexamod:GhostShield"],"picked":"hexamod:ExtraCrispy","floor":26},{"not_picked":["hexamod:FourthSeal","hexamod:SixthSeal"],"picked":"hexamod:SecondSeal","floor":27},{"not_picked":["hexamod:FlameSwitch","hexamod:StepThrough+1"],"picked":"hexamod:GhostflameInferno","floor":27},{"not_picked":["hexamod:SpectersWail+1","hexamod:ShieldOfDarkness+1"],"picked":"hexamod:Incineration","floor":29},{"not_picked":["hexamod:NightmareGuise","hexamod:NecessarySacrifice"],"picked":"hexamod:GhostShield+1","floor":32},{"not_picked":["hexamod:GiftsFromTheDead","hexamod:ApocalypticArmor"],"picked":"hexamod:VolcanoVisage","floor":33},{"not_picked":["hexamod:FastForward","hexamod:NightmareGuise+1"],"picked":"hexamod:Hexaguard","floor":36},{"not_picked":["hexamod:GhostLash","hexamod:CatchUp","hexamod:ShieldOfDarkness"],"picked":"SKIP","floor":38},{"not_picked":["hexamod:EtherealExpedition+1","hexamod:FirstSeal","hexamod:SpectralAdrenaline+1"],"picked":"SKIP","floor":39},{"not_picked":["hexamod:BurningTouch+1","hexamod:GhostLash","hexamod:SwordOfDarkness+1"],"picked":"SKIP","floor":40},{"not_picked":["hexamod:GhostShield+1","hexamod:SwordOfDarkness"],"picked":"hexamod:UnlimitedPower+1","floor":45},{"not_picked":["hexamod:SpectersWail","hexamod:GhostflameBarrier+1"],"picked":"hexamod:PowerFromBeyond+1","floor":46},{"not_picked":["hexamod:ThermalTransfer+1","hexamod:GhostLash"],"picked":"hexamod:GhostflameBarrier+1","floor":48},{"not_picked":["hexamod:Again+1","hexamod:ChargedBarrage+1"],"picked":"hexamod:EmpoweredFlame+1","floor":49},{"not_picked":["hexamod:InspiringFlames+1","hexamod:SpectralSpark+1"],"picked":"hexamod:ChargedBarrage+1","floor":52}],"player_experience":648541,"relics_obtained":[{"floor":5.0,"key":"downfall:GremlinWheel"},{"floor":7.0,"key":"War Paint"},{"floor":8.0,"key":"Pear"},{"floor":10.0,"key":"The Courier"},{"floor":12.0,"key":"hexamod:Sixitude"},{"floor":14.0,"key":"Bag of Marbles"},{"floor":18.0,"key":"Bag of Preparation"},{"floor":27,"key":"MealTicket"},{"floor":41,"key":"Pantograph"},{"floor":45,"key":"bronze:DecasWashers"},{"floor":48,"key":"StrikeDummy"},{"floor":52,"key":"InkBottle"}],"event_choices":[{"damage_healed":0.0,"max_hp_gain":0.0,"max_hp_loss":0.0,"gold_gain":0.0,"event_name":"Wheel of Change","player_choice":"Relic","floor":18.0,"gold_loss":0.0,"damage_taken":0.0},{"damage_healed":0,"gold_gain":0,"player_choice":"Stole Relic","damage_taken":0,"relics_obtained":["Gremlin Horn"],"max_hp_gain":0,"max_hp_loss":0,"event_name":"Addict","floor":22,"gold_loss":0,"cards_obtained":["Pride"]},{"damage_healed":0,"gold_gain":0,"player_choice":"Ignored","damage_taken":0,"max_hp_gain":0,"max_hp_loss":0,"event_name":"NoteForYourself","floor":25,"gold_loss":0}],"is_beta":false,"boss_relics":[{"not_picked":["Cursed Key","Calling Bell"],"picked":"Fusion Hammer"},{"not_picked":["SacredBark","hexamod:IceCube"],"picked":"Snecko Eye"}],"items_purged_floors":[23,38,53],"is_endless":false,"potions_floor_spawned":[6,12,13,14,15,16,27,29,32,33,36,39,45,49,52],"ascension_level":0}}