{"host":"zp90yhv2jte41hcd","time":1611460845,"event":{"mods":["AchievementEnabler","BaseMod","BetterRewards","Colored Map","Colored Powertips","Downfall","Hermit","Highlight Path","Minty Spire (QoL Compilation)","Rare Cards Sparkle","Relic Stats","Shop Mod","StSLib","SuperFastMode","The Cursed","The Disciple"],"gold_per_floor":[116,129,146,160,160,160,160,160],"floor_reached":7,"language":"ENG","playtime":527,"items_purged":[],"score":43,"play_id":"dae58547-a16b-43f9-bf1a-03f773db7a73","local_time":"20210123220045","is_ascension_mode":false,"campfire_choices":[{"floor":6,"key":"REST"}],"circlet_count":0,"master_deck":["Strike_Br","Strike_Br","Strike_Br","Strike_Br","Defend_Br","Defend_Br","Defend_Br","Defend_Br","SecondHand","PatternShift","LockedScales","LockedAnchor","LockedUrn","FormalWear"],"relics":["Chronometer","Gambling Chip"],"acts_visited":[],"potions_floor_usage":[],"damage_taken":[{"damage":3,"enemies":"2 Louse","floor":1,"turns":4},{"damage":2,"enemies":"Cultist","floor":2,"turns":4},{"damage":2,"enemies":"Small Slimes","floor":3,"turns":4},{"damage":15,"enemies":"2 Fungi Beasts","floor":4,"turns":6},{"damage":44,"enemies":"3 Sentries","floor":7,"turns":4}],"seed_played":"-9221375101502004655","potions_obtained":[{"floor":1,"key":"SpeedPotion"},{"floor":3,"key":"sneckomod:MuddlingPotion"}],"is_trial":false,"path_per_floor":["M","M","M","M","?","R","E"],"character_chosen":"CHRONO_CLASS","items_purchased":[],"campfire_rested":1,"item_purchase_floors":[],"current_hp_per_floor":[68,66,64,49,16,37,0,0],"gold":160,"neow_bonus":"TEN_PERCENT_HP_BONUS","is_daily":false,"chose_seed":false,"campfire_upgraded":0,"win_rate":0.0,"timestamp":1611460845,"path_taken":["M","M","M","M","?","R","E"],"items_purchased_type":[],"build_version":"2020-12-22","purchased_purges":0,"victory":false,"max_hp_per_floor":[71,71,71,71,71,71,71,71],"relic_stats":{"counters":[5,22],"Gambling Chip":[1],"obtain_stats":[{"Chronometer":0,"Gambling Chip":5},{"Chronometer":0,"Gambling Chip":4},{"Chronometer":0,"Gambling Chip":18}]},"card_choices":[{"not_picked":["BiteCommand","Analog"],"picked":"LockedScales","floor":1},{"not_picked":["ShortSighted","Keepsakes"],"picked":"LockedAnchor","floor":2},{"not_picked":["ReapSow","AlternateTimeline"],"picked":"LockedUrn","floor":3},{"not_picked":["VestedLegacy","AlternateTimeline"],"picked":"FormalWear","floor":4}],"player_experience":361137,"relics_obtained":[],"event_choices":[{"damage_healed":0,"gold_gain":0,"player_choice":"Success","damage_taken":33,"relics_obtained":["Gambling Chip"],"max_hp_gain":0,"max_hp_loss":0,"event_name":"Scrap Ooze","floor":5,"gold_loss":0}],"is_beta":false,"boss_relics":[],"items_purged_floors":[],"is_endless":false,"potions_floor_spawned":[1,3],"killed_by":"3 Sentries","ascension_level":0}}