{"host":"t1puqh5lxz8sp6fn","time":1611474222,"event":{"mods":["AchievementEnabler","BaseMod","Colored Powertips","Minty Spire (QoL Compilation)","Rare Cards Sparkle","Relic Stats","StSLib"],"gold_per_floor":[111,42,42,53,126,126,301,330,356,389,389,452,257,257,257,352,352,339,389,405,429,300,333,333,364,388,1,11,11,26,58,58,156,156,168,185,185,212,53,53,78,97,97,110,110,128,53,0,0,0,0,0,0,31,31,31],"floor_reached":55,"playtime":2600,"items_purged":["Doubt","Strike_R","Strike_R","Strike_R"],"score":1311,"play_id":"f527f1e5-939f-4187-9b5e-140c8b50952c","local_time":"20210124044342","is_ascension_mode":true,"campfire_choices":[{"data":"Blood for Blood","floor":6.0,"key":"SMITH"},{"data":"Flex","floor":11.0,"key":"SMITH"},{"data":"Shrug It Off","floor":15.0,"key":"SMITH"},{"data":"Inflame","floor":24.0,"key":"SMITH"},{"data":"Offering","floor":32.0,"key":"SMITH"},{"floor":40.0,"key":"RECALL"},{"floor":45.0,"key":"REST"},{"floor":49.0,"key":"REST"},{"floor":52,"key":"REST"}],"circlet_count":0,"master_deck":["AscendersBane","Strike_R+1","Defend_R","Defend_R","Defend_R","Defend_R","Bash","Flex+1","Reaper+1","Reaper","Blood for Blood+1","Headbutt","Flame Barrier","Shrug It Off+1","Twin Strike","Impervious","Warcry","Cleave","Inflame+1","Offering+1","Apotheosis+1","Shockwave","Inflame","Inflame+1","Impervious","Feel No Pain+1","Heavy Blade","Shrug It Off","Inflame","Limit Break"],"relics":["Burning Blood","NeowsBlessing","Meat on the Bone","Anchor","Tiny Chest","Vajra","Membership Card","Gremlin Horn","Black Star","Turnip","Blood Vial","StoneCalendar","Bag of Preparation","Whetstone","Thread and Needle","Art of War","Happy Flower","Fusion Hammer","Dream Catcher","CaptainsWheel","Mercury Hourglass","The Courier","InkBottle","Red Mask","Bag of Marbles","Boot"],"acts_visited":["Exordium","TheCity","TheBeyond","TheEnding"],"potions_floor_usage":[55],"damage_taken":[{"damage":0.0,"enemies":"Cultist","floor":1.0,"turns":1.0},{"damage":0.0,"enemies":"Jaw Worm","floor":4.0,"turns":1.0},{"damage":0.0,"enemies":"Gremlin Nob","floor":8.0,"turns":1.0},{"damage":75.0,"enemies":"3 Sentries","floor":10.0,"turns":13.0},{"damage":25.0,"enemies":"3 Sentries","floor":12.0,"turns":8.0},{"damage":62.0,"enemies":"The Guardian","floor":16.0,"turns":13.0},{"damage":13.0,"enemies":"2 Thieves","floor":18.0,"turns":4.0},{"damage":25.0,"enemies":"Spheric Guardian","floor":20.0,"turns":7.0},{"damage":30.0,"enemies":"Slavers","floor":23.0,"turns":6.0},{"damage":71.0,"enemies":"Book of Stabbing","floor":25.0,"turns":7.0},{"damage":17.0,"enemies":"3 Cultists","floor":28.0,"turns":5.0},{"damage":20.0,"enemies":"Snake Plant","floor":30.0,"turns":4.0},{"damage":25.0,"enemies":"Slavers","floor":31.0,"turns":5.0},{"damage":14.0,"enemies":"Collector","floor":33.0,"turns":8.0},{"damage":9.0,"enemies":"3 Darklings","floor":35.0,"turns":3.0},{"damage":24.0,"enemies":"Orb Walker","floor":36.0,"turns":5.0},{"damage":28.0,"enemies":"Nemesis","floor":41.0,"turns":7.0},{"damage":23.0,"enemies":"4 Shapes","floor":42.0,"turns":5.0},{"damage":9.0,"enemies":"Transient","floor":44.0,"turns":5.0},{"damage":6.0,"enemies":"Jaw Worm Horde","floor":46.0,"turns":3.0},{"damage":78,"enemies":"Awakened One","floor":50,"turns":12},{"damage":51,"enemies":"Shield and Spear","floor":54,"turns":6},{"damage":95,"enemies":"The Heart","floor":55,"turns":5}],"seed_played":"-2614480580211940301","potions_obtained":[{"floor":10.0,"key":"BloodPotion"},{"floor":12.0,"key":"ElixirPotion"},{"floor":18.0,"key":"PowerPotion"},{"floor":23.0,"key":"Strength Potion"},{"floor":30.0,"key":"SmokeBomb"},{"floor":35.0,"key":"SteroidPotion"},{"floor":42.0,"key":"SteroidPotion"},{"floor":44.0,"key":"LiquidBronze"}],"is_trial":false,"path_per_floor":["M","$","?","M","?","R","?","E","T","E","R","?","$","T","R","B",null,"M","?","M","T","$","E","R","E","T","$","M","?","M","E","R","B",null,"M","M","?","T","$","R","E","M","T","M","R","M","$","?","R","B",null,"R","$","E","B"],"character_chosen":"IRONCLAD","items_purchased":["Reaper","Membership Card","Twin Strike","Inflame","DuplicationPotion","Apotheosis","Shockwave","Inflame","Thread and Needle","CaptainsWheel","Shrug It Off"],"campfire_rested":3,"item_purchase_floors":[2,13,13,22,22,27,27,27,27,39,39],"current_hp_per_floor":[78,78,78,80,80,80,80,80,80,31,31,52,52,52,52,40,70,73,73,59,59,59,76,76,35,35,35,68,68,66,80,80,80,80,80,66,66,66,66,66,69,75,75,80,80,80,80,80,80,68,77,80,80,53,0,0],"gold":31,"neow_bonus":"THREE_ENEMY_KILL","is_daily":false,"chose_seed":false,"campfire_upgraded":5,"win_rate":0.0,"timestamp":1611474222,"path_taken":["M","?","?","M","?","R","?","E","T","E","R","?","$","?","R","BOSS","M","?","M","?","$","E","R","E","T","$","M","?","M","E","R","BOSS","M","?","?","?","$","R","E","M","T","M","R","?","$","?","R","BOSS","R","$","E","BOSS"],"items_purchased_type":["Card","Relic","Card","Card","Potion","Card","Card","Card","Relic","Relic","Card"],"build_version":"2020-12-13","purchased_purges":4,"victory":false,"max_hp_per_floor":[80,80,80,80,80,80,80,80,80,80,80,80,80,80,80,80,80,80,80,80,80,80,80,80,80,80,80,80,80,80,80,80,80,80,80,80,80,80,80,80,80,80,80,80,80,80,80,80,80,80,80,80,80,80,80,80],"relic_stats":{"Gremlin Horn":[22,22],"Happy Flower":[19],"counters":[23,133],"StoneCalendar":[52],"Bag of Preparation":[26],"Whetstone":["Reaper","Strike_R"],"Boot":[0],"Burning Blood":97,"Mercury Hourglass":[145],"Blood Vial":16,"Dream Catcher":3,"Tiny Chest":2,"Turnip":[7],"Black Star":5,"Art of War":[9],"obtain_stats":[{"Gremlin Horn":14,"Vajra":12,"StoneCalendar":25,"Bag of Preparation":25,"Whetstone":26,"Boot":54,"Burning Blood":0,"Blood Vial":23,"Dream Catcher":38,"Tiny Chest":10,"Fusion Hammer":34,"Red Mask":48,"InkBottle":43,"NeowsBlessing":0,"Happy Flower":31,"Thread and Needle":27,"The Courier":41,"Mercury Hourglass":41,"Anchor":9,"CaptainsWheel":39,"Turnip":23,"Black Star":17,"Art of War":31,"Bag of Marbles":54,"Membership Card":13,"Meat on the Bone":8},{"Gremlin Horn":5,"Vajra":5,"StoneCalendar":10,"Bag of Preparation":10,"Whetstone":10,"Boot":22,"Burning Blood":0,"Blood Vial":9,"Dream Catcher":16,"Tiny Chest":4,"Fusion Hammer":14,"Red Mask":20,"InkBottle":18,"NeowsBlessing":0,"Happy Flower":13,"Thread and Needle":10,"The Courier":17,"Mercury Hourglass":17,"Anchor":3,"CaptainsWheel":16,"Turnip":9,"Black Star":6,"Art of War":13,"Bag of Marbles":22,"Membership Card":5,"Meat on the Bone":3},{"Gremlin Horn":24,"Vajra":24,"StoneCalendar":61,"Bag of Preparation":61,"Whetstone":61,"Boot":128,"Burning Blood":0,"Blood Vial":54,"Dream Catcher":91,"Tiny Chest":16,"Fusion Hammer":83,"Red Mask":110,"InkBottle":102,"NeowsBlessing":0,"Happy Flower":75,"Thread and Needle":61,"The Courier":98,"Mercury Hourglass":98,"Anchor":3,"CaptainsWheel":91,"Turnip":54,"Black Star":37,"Art of War":75,"Bag of Marbles":128,"Membership Card":24,"Meat on the Bone":3}],"InkBottle":[12],"Meat on the Bone":60},"card_choices":[{"not_picked":["Sentinel","Clash"],"picked":"Flex","floor":1.0},{"not_picked":["Iron Wave","Heavy Blade"],"picked":"Blood for Blood","floor":4.0},{"not_picked":["Perfected Strike","Burning Pact"],"picked":"Headbutt","floor":8.0},{"not_picked":["Wild Strike","True Grit"],"picked":"Flame Barrier","floor":10.0},{"not_picked":["Wild Strike","Perfected Strike"],"picked":"Shrug It Off","floor":12.0},{"not_picked":["Exhume","Reaper"],"picked":"Impervious","floor":16.0},{"not_picked":["Rampage+1","Armaments"],"picked":"Warcry","floor":18.0},{"not_picked":["Flex","Perfected Strike"],"picked":"Cleave","floor":20.0},{"not_picked":["Iron Wave","Thunderclap","Wild Strike+1"],"picked":"SKIP","floor":23.0},{"not_picked":["Thunderclap","Double Tap"],"picked":"Offering","floor":25.0},{"not_picked":["Thunderclap","Pommel Strike"],"picked":"Inflame+1","floor":28.0},{"not_picked":["Iron Wave","Headbutt","Rupture"],"picked":"SKIP","floor":30.0},{"not_picked":["Infernal Blade","Entrench"],"picked":"Impervious","floor":31.0},{"not_picked":["Brutality","Reaper"],"picked":"Berserk","floor":33.0},{"not_picked":["Dropkick+1","Shrug It Off"],"picked":"Feel No Pain+1","floor":35.0},{"not_picked":["Body Slam","Burning Pact"],"picked":"Heavy Blade","floor":36.0},{"not_picked":["Ghostly Armor","Blood for Blood+1","Sever Soul+1"],"picked":"SKIP","floor":41.0},{"not_picked":["Cleave","Heavy Blade"],"picked":"Inflame","floor":42.0},{"not_picked":["Burning Pact","Evolve+1","Wild Strike"],"picked":"SKIP","floor":44.0},{"not_picked":["Ghostly Armor","Warcry","Combust"],"picked":"SKIP","floor":46.0},{"not_picked":["Shrug It Off","Exhume"],"picked":"Limit Break","floor":54}],"player_experience":452730,"relics_obtained":[{"floor":8.0,"key":"Meat on the Bone"},{"floor":9.0,"key":"Anchor"},{"floor":10.0,"key":"Tiny Chest"},{"floor":12.0,"key":"Vajra"},{"floor":14.0,"key":"Gremlin Horn"},{"floor":23.0,"key":"Turnip"},{"floor":23.0,"key":"Blood Vial"},{"floor":25.0,"key":"StoneCalendar"},{"floor":25.0,"key":"Bag of Preparation"},{"floor":26.0,"key":"Whetstone"},{"floor":31.0,"key":"Art of War"},{"floor":31.0,"key":"Happy Flower"},{"floor":38.0,"key":"Dream Catcher"},{"floor":41.0,"key":"Mercury Hourglass"},{"floor":41.0,"key":"The Courier"},{"floor":43.0,"key":"InkBottle"},{"floor":54,"key":"Bag of Marbles"},{"floor":54,"key":"Boot"}],"event_choices":[{"damage_healed":0.0,"max_hp_gain":0.0,"max_hp_loss":0.0,"gold_gain":0.0,"cards_transformed":["Strike_R"],"event_name":"Living Wall","player_choice":"Change","floor":3.0,"gold_loss":0.0,"damage_taken":0.0,"cards_obtained":["Reaper"]},{"damage_healed":0.0,"max_hp_gain":0.0,"max_hp_loss":0.0,"gold_gain":73.0,"event_name":"Golden Wing","player_choice":"Gained Gold","floor":5.0,"gold_loss":0.0,"damage_taken":0.0},{"damage_healed":0.0,"max_hp_gain":0.0,"max_hp_loss":0.0,"gold_gain":175.0,"event_name":"Liars Game","player_choice":"AGREE","floor":7.0,"gold_loss":0.0,"damage_taken":0.0,"cards_obtained":["Doubt"]},{"damage_healed":0.0,"max_hp_gain":0.0,"max_hp_loss":0.0,"gold_gain":30.0,"event_name":"Dead Adventurer","player_choice":"Searched \u00272\u0027 times","floor":12.0,"gold_loss":0.0,"damage_taken":0.0},{"damage_healed":0.0,"max_hp_gain":0.0,"max_hp_loss":0.0,"gold_gain":100.0,"event_name":"The Joust","player_choice":"Bet on Murderer","floor":19.0,"gold_loss":50.0,"damage_taken":0.0},{"damage_healed":0.0,"max_hp_gain":0.0,"max_hp_loss":0.0,"gold_gain":0.0,"event_name":"Upgrade Shrine","player_choice":"Upgraded","floor":29.0,"gold_loss":0.0,"damage_taken":0.0,"cards_upgraded":["Apotheosis"]},{"cards_removed":["Berserk"],"damage_healed":0.0,"max_hp_gain":0.0,"max_hp_loss":0.0,"gold_gain":0.0,"event_name":"Falling","player_choice":"Removed Power","floor":37.0,"gold_loss":0.0,"damage_taken":0.0},{"damage_healed":0.0,"max_hp_gain":0.0,"max_hp_loss":0.0,"gold_gain":0.0,"event_name":"Tomb of Lord Red Mask","player_choice":"Paid","floor":48.0,"gold_loss":53.0,"damage_taken":0.0,"relics_obtained":["Red Mask"]}],"is_beta":false,"boss_relics":[{"not_picked":["SacredBark","Mark of Pain"],"picked":"Black Star"},{"not_picked":["Pandora\u0027s Box","Calling Bell"],"picked":"Fusion Hammer"}],"items_purged_floors":[13,22,27,47],"is_endless":false,"potions_floor_spawned":[10,12,18,23,30,35,42,44,54],"killed_by":"The Heart","ascension_level":12}}