{"host":"7eytxr1oawi6r5nr","time":1611516849,"event":{"mods":["BaseMod","Better Third Choice","Curses Come First","Dark Map","Hermit","Hubris","Jorbs\u0027s Wanderer Trilogy","Minty Spire (QoL Compilation)","Permanent Neow","Quick Restart","Rare Cards Sparkle","Replay The Spire","Robot Space Explorer","StSLib","The Cursed","The Disciple","The Forsaken","The Marked","The Mystic","The Runesmith","Wide Potions"],"gold_per_floor":[116,135,153,153,153,153,153,153],"floor_reached":7,"language":"ENG","playtime":619,"items_purged":[],"score":41,"play_id":"ab3492c5-54e4-4bb0-b0cd-f02ee4b47bf0","local_time":"20210124193409","is_ascension_mode":false,"campfire_choices":[{"data":"mysticmod:PreparedCaster","floor":6,"key":"SMITH"}],"circlet_count":0,"master_deck":["mysticmod:Strike_Mystic","mysticmod:Strike_Mystic","mysticmod:Strike_Mystic","mysticmod:Defend_Mystic","mysticmod:Defend_Mystic","mysticmod:Defend_Mystic","mysticmod:Defend_Mystic","mysticmod:ArcaneDodge","mysticmod:ShockingGrasp","mysticmod:ComboCaster","mysticmod:SpellCombat","mysticmod:Riposte","mysticmod:PreparedCaster+1"],"relics":["mysticmod:SpellBook","hubris:FoxTail"],"acts_visited":["Exordium"],"potions_floor_usage":[],"damage_taken":[{"damage":0.0,"enemies":"Jaw Worm","floor":1.0,"turns":5.0},{"damage":0.0,"enemies":"2 Louse","floor":2.0,"turns":3.0},{"damage":1,"enemies":"Cultist","floor":3,"turns":4},{"damage":13,"enemies":"3 Sentries","floor":7,"turns":7}],"seed_played":"4340686710480573460","potions_obtained":[{"floor":1.0,"key":"Strength Potion"},{"floor":3,"key":"DuplicationPotion"}],"is_trial":false,"path_per_floor":["M","M","M","?","?","R","E"],"character_chosen":"MYSTIC_CLASS","items_purchased":[],"campfire_rested":0,"item_purchase_floors":[],"current_hp_per_floor":[77,77,76,76,76,76,63,63],"gold":153,"neow_bonus":"RANDOM_COMMON_RELIC","is_daily":false,"chose_seed":false,"campfire_upgraded":1,"win_rate":0.0,"timestamp":1611516849,"path_taken":["M","M","M","?","?","R","E"],"items_purchased_type":[],"build_version":"2020-12-22","purchased_purges":0,"victory":false,"max_hp_per_floor":[77,77,77,77,77,77,77,77],"card_choices":[{"not_picked":["mysticmod:FloatingDisk","mysticmod:CorrosiveTouch"],"picked":"mysticmod:ComboCaster","floor":1.0},{"not_picked":["mysticmod:Daze","mysticmod:BulkUp"],"picked":"mysticmod:SpellCombat","floor":2},{"not_picked":["mysticmod:MirrorStrike","mysticmod:ComboCaster"],"picked":"mysticmod:Riposte","floor":3}],"player_experience":177572,"relics_obtained":[],"event_choices":[{"damage_healed":0,"gold_gain":0,"cards_transformed":["mysticmod:Strike_Mystic"],"player_choice":"Transformed","damage_taken":0,"max_hp_gain":0,"max_hp_loss":0,"event_name":"Transmorgrifier","floor":5,"gold_loss":0,"cards_obtained":["mysticmod:PreparedCaster"]}],"is_beta":false,"boss_relics":[],"items_purged_floors":[],"is_endless":false,"potions_floor_spawned":[1,3],"killed_by":"3 Sentries","ascension_level":0}}