{"host":"yvb207ks1sg3cxef","time":1611511476,"event":{"mods":["2.2 Compatiblity","BaseMod","Bestiary","Colored Powertips","Minty Spire (QoL Compilation)","Permanent Neow","Quick Restart","Relic Stats","StSLib"],"gold_per_floor":[16,28,40,56,68,68,11,40,63,95,110,260,260,260,260,336,336,354,366,31,51,77,77,77,77],"floor_reached":24,"language":"ENG","playtime":1221,"items_purged":["Strike_P"],"score":406,"play_id":"43751802-d026-4087-a94f-d9bc3aa58bce","local_time":"20210124233436","is_ascension_mode":true,"campfire_choices":[{"data":"Wallop","floor":6,"key":"SMITH"},{"floor":15,"key":"REST"},{"data":"EmptyMind","floor":23,"key":"SMITH"}],"circlet_count":0,"master_deck":["AscendersBane","Strike_P","Strike_P","Strike_P","Defend_P","Defend_P","Defend_P","Defend_P","Eruption","Vigilance","Wallop+1","ReachHeaven","Protect","Wireheading","FearNoEvil","InnerPeace","Wallop","SpiritShield","InnerPeace+1","Study+1","EmptyMind","WheelKick","LikeWater","EmptyMind+1","Wallop+1"],"relics":["PureWater","Ice Cream","Happy Flower","Toy Ornithopter","Bag of Preparation","Nunchaku","VioletLotus","Red Mask"],"acts_visited":["Exordium","TheCity"],"potions_floor_usage":[8,16,16,22,22,24],"damage_taken":[{"damage":0.0,"enemies":"Cultist","floor":1.0,"turns":3.0},{"damage":4.0,"enemies":"Small Slimes","floor":2.0,"turns":4.0},{"damage":5.0,"enemies":"2 Louse","floor":3.0,"turns":3.0},{"damage":0.0,"enemies":"Large Slime","floor":4.0,"turns":4.0},{"damage":0,"enemies":"2 Fungi Beasts","floor":5,"turns":3},{"damage":17,"enemies":"Gremlin Nob","floor":8,"turns":3},{"damage":3,"enemies":"Lagavulin","floor":10,"turns":5},{"damage":0,"enemies":"Looter","floor":11,"turns":1},{"damage":8,"enemies":"The Guardian","floor":16,"turns":11},{"damage":0,"enemies":"2 Thieves","floor":18,"turns":4},{"damage":10,"enemies":"Shell Parasite","floor":19,"turns":12},{"damage":23,"enemies":"3 Cultists","floor":21,"turns":7},{"damage":11,"enemies":"Masked Bandits","floor":22,"turns":6},{"damage":48,"enemies":"Gremlin Leader","floor":24,"turns":5}],"seed_played":"-4008779845516841535","potions_obtained":[{"floor":3.0,"key":"Dexterity Potion"},{"floor":4.0,"key":"Explosive Potion"},{"floor":11,"key":"Explosive Potion"},{"floor":19,"key":"Regen Potion"},{"floor":22,"key":"Weak Potion"}],"is_trial":false,"path_per_floor":["M","M","M","M","M","R","$","E","T","E","M","?","?","?","R","B",null,"M","M","$","M","?","R","E"],"character_chosen":"WATCHER","items_purchased":["Fire Potion","EmptyMind","WheelKick","LikeWater","Fire Potion"],"campfire_rested":1,"item_purchase_floors":[7,20,20,20,20],"current_hp_per_floor":[61,57,52,52,52,52,52,35,35,32,32,32,21,14,34,36,60,60,50,50,27,41,41,0,0],"gold":77,"neow_bonus":"ONE_RARE_RELIC","is_daily":false,"chose_seed":false,"campfire_upgraded":2,"win_rate":0.0,"timestamp":1611511476,"path_taken":["M","M","M","?","M","R","$","E","T","E","M","?","?","?","R","BOSS","M","M","$","M","?","R","E"],"items_purchased_type":["Potion","Card","Card","Card","Potion"],"build_version":"2020-12-22","purchased_purges":1,"victory":false,"max_hp_per_floor":[68,68,68,68,68,68,68,68,68,68,68,68,68,68,68,68,68,68,68,68,68,68,68,68,68],"relic_stats":{"Nunchaku":[7],"Happy Flower":[17],"counters":[14,71],"VioletLotus":[19],"Bag of Preparation":[14],"obtain_stats":[{"Ice Cream":0,"Nunchaku":13,"Happy Flower":8,"VioletLotus":17,"Bag of Preparation":10,"Red Mask":22,"PureWater":0,"Toy Ornithopter":9},{"Ice Cream":0,"Nunchaku":8,"Happy Flower":6,"VioletLotus":9,"Bag of Preparation":7,"Red Mask":13,"PureWater":0,"Toy Ornithopter":6},{"Ice Cream":0,"Nunchaku":26,"Happy Flower":20,"VioletLotus":37,"Bag of Preparation":25,"Red Mask":66,"PureWater":0,"Toy Ornithopter":20}],"Toy Ornithopter":25},"card_choices":[{"not_picked":["FlurryOfBlows","Evaluate"],"picked":"Wallop","floor":1.0},{"not_picked":["Collect","PathToVictory"],"picked":"ReachHeaven","floor":2.0},{"not_picked":["Vengeance","Pray"],"picked":"Protect","floor":3.0},{"not_picked":["Wireheading","FollowUp","Consecrate"],"picked":"SKIP","floor":4.0},{"not_picked":["FollowUp","Consecrate"],"picked":"Wireheading","floor":4.0},{"not_picked":["EmptyBody","CrushJoints"],"picked":"FearNoEvil","floor":5},{"not_picked":["Conclude","BowlingBash"],"picked":"InnerPeace","floor":8},{"not_picked":["CrushJoints","FlyingSleeves"],"picked":"Wallop","floor":10},{"not_picked":["CarveReality","Halt","CrushJoints"],"picked":"SKIP","floor":11},{"not_picked":["Devotion","Brilliance"],"picked":"SpiritShield","floor":16},{"not_picked":["Indignation","MentalFortress"],"picked":"InnerPeace+1","floor":18},{"not_picked":["PathToVictory","WindmillStrike"],"picked":"Study+1","floor":19},{"not_picked":["ThirdEye","FollowUp"],"picked":"EmptyMind","floor":21},{"not_picked":["JustLucky","Halt"],"picked":"Wallop+1","floor":22}],"player_experience":444530,"relics_obtained":[{"floor":8,"key":"Happy Flower"},{"floor":9,"key":"Toy Ornithopter"},{"floor":10,"key":"Bag of Preparation"},{"floor":22,"key":"Red Mask"}],"event_choices":[{"damage_healed":0,"gold_gain":150,"player_choice":"AGREE","damage_taken":0,"max_hp_gain":0,"max_hp_loss":0,"event_name":"Liars Game","floor":12,"gold_loss":0,"cards_obtained":["Doubt"]},{"damage_healed":0,"gold_gain":0,"player_choice":"Success","damage_taken":11,"relics_obtained":["Nunchaku"],"max_hp_gain":0,"max_hp_loss":0,"event_name":"Scrap Ooze","floor":13,"gold_loss":0},{"cards_removed":["Doubt"],"damage_healed":0,"gold_gain":0,"player_choice":"Card Removal","damage_taken":7,"max_hp_gain":0,"max_hp_loss":0,"event_name":"Golden Wing","floor":14,"gold_loss":0},{"damage_healed":0,"gold_gain":0,"player_choice":"Fought Bandits","damage_taken":0,"max_hp_gain":0,"max_hp_loss":0,"event_name":"Masked Bandits","floor":22,"gold_loss":0}],"is_beta":false,"boss_relics":[{"not_picked":["Astrolabe","HolyWater"],"picked":"VioletLotus"}],"items_purged_floors":[20],"is_endless":false,"potions_floor_spawned":[3,4,11,19,22],"killed_by":"Gremlin Leader","ascension_level":19}}