{"host":"Naix","time":1611473485,"event":{"mods":["Act Like it!","Aspiration","BaseMod","Energized Spire","Friendly Minions","Gensokyo","HornydragonMod","Kiyohime£®«Âºß£©","Koishi","Minty Spire (QoL Compilation)","Prisma Mod","Reimu£®≤©¿ˆ¡È√Œ£©","Replay The Spire","StSLib","The Alterego","The Animator","The Jungle","TheSwordswoman","Waifu the Spire","Wide Potions","Yakumo Yukari mod","Youmu£®ªÍ∆«—˝√Œ£©","°æ“≈ŒÔø®≈∆°øREMEMod"],"gold_per_floor":[114,138,215,228,245,274,305,315,342,342,342,354,19,51,51,146,146,156,256,256,270,281,293,344,344,370,370,395,395,418,326,326,326,326],"floor_reached":33,"language":"ZHS","playtime":3618,"items_purged":[],"score":312,"play_id":"4ce74d75-30df-4563-859e-c995c6e0b459","local_time":"20210124153125","is_ascension_mode":false,"campfire_choices":[{"floor":10,"key":"DIG"},{"floor":15,"key":"DIG"},{"floor":25,"key":"DIG"},{"floor":32,"key":"DIG"}],"circlet_count":0,"master_deck":["animator:Strike_MadokaMagica","animator:Defend_MadokaMagica","animator:Strike","animator:Strike","animator:Strike","animator:Defend","animator:Defend","animator:Defend","animator:IrohaTamaki","animator:YuiTsuruno","blazmod:TrueOfHeart","animator:Genos","animator:Shinoa","animator:Viivi","animator:OrikoMikuni+1","animator:YaoHaDucy","animator:Scar+1","animator:MamiTomoe","animator:YachiyoNanami","animator:MadokaKaname","animator:Mitsuba+1","animator:AcuraTooru+1","animator:Sonic","animator:MetalKnight","animator:MumenRider+1","animator:Kyubey","animator:ElricAlphonse+1","Pot Of Greed","Pot Of Greed","Pot Of Greed+1","Gensokyo:MedicineKit","Gensokyo:ScrapIron"],"relics":["animator:LivingPicture","animator:TheMissingPiece","REME_ComplimentaryCards","NeowsBlessing","Replay:Accelerometer","aspiration:SeaSaltIceCream","Shovel","Replay:Baseball","aspiration:FetidBarrel","Medical Kit","Sling","REME_HandOfSuture","Bag of Preparation","REME_ChargedStone","Pondfish Scales","Replay:Kaleidoscope","animator:HeavyHalberd","Blood Vial","Whetstone","Replay:Ringing Soul","Grinning Jar","War Paint","HornCleat"],"acts_visited":["Exordium","Gensokyo:Gensokyo"],"potions_floor_usage":[16,19,23,24],"damage_taken":[{"damage":0,"enemies":"Gensokyo:3_Fairies","floor":1,"turns":2},{"damage":0,"enemies":"Gensokyo:Python","floor":4,"turns":1},{"damage":0,"enemies":"Gensokyo:2_Kodama","floor":5,"turns":1},{"damage":7,"enemies":"Gensokyo:Kitsune","floor":6,"turns":4},{"damage":14,"enemies":"Gensokyo:Mamizou","floor":7,"turns":8},{"damage":8,"enemies":"Gensokyo:VengefulSpirit","floor":8,"turns":4},{"damage":15,"enemies":"Gensokyo:Python_and_Kodama","floor":12,"turns":3},{"damage":1,"enemies":"Gensokyo:2_Rabbits","floor":14,"turns":3},{"damage":7,"enemies":"Gensokyo:Kokoro","floor":16,"turns":11},{"damage":1,"enemies":"Gensokyo:Chomper","floor":18,"turns":4},{"damage":26,"enemies":"Gensokyo:Chomper","floor":19,"turns":6},{"damage":13,"enemies":"Gensokyo:AngelMirror","floor":21,"turns":3},{"damage":10,"enemies":"Gensokyo:Chomper_and_Gloop","floor":22,"turns":7},{"damage":7,"enemies":"Gensokyo:Wraith","floor":23,"turns":4},{"damage":15,"enemies":"Gensokyo:Tenshi","floor":24,"turns":5},{"damage":7,"enemies":"Gensokyo:Reisen","floor":28,"turns":7},{"damage":35,"enemies":"Gensokyo:Eternal_Rivals","floor":33,"turns":6}],"seed_played":"-103702125356454753","potions_obtained":[{"floor":5,"key":"Explosive Potion"},{"floor":6,"key":"SteroidPotion"},{"floor":7,"key":"ColorlessPotion"},{"floor":14,"key":"ZuzhouPotion:ReiMu"},{"floor":16,"key":"Fire Potion"},{"floor":18,"key":"Strength Potion"},{"floor":19,"key":"BlessingOfTheForge"},{"floor":23,"key":"Fruit Juice"}],"is_trial":false,"path_per_floor":["M","?","T","M","M","M","E","M","T","R","?","M","COS","M","R","B",null,"M","?","?","M","M","M","E","R","T","?","E","?","T","COS","R","B"],"character_chosen":"THE_ANIMATOR","items_purchased":[],"campfire_rested":0,"item_purchase_floors":[],"current_hp_per_floor":[66,66,66,66,66,59,45,37,37,37,44,30,30,29,29,23,68,68,43,50,37,27,32,20,20,20,20,18,21,21,24,24,0,0],"gold":326,"neow_bonus":"THREE_ENEMY_KILL","is_daily":false,"chose_seed":false,"campfire_upgraded":0,"win_rate":0.0,"timestamp":1611473485,"path_taken":["M","?","?","M","?","M","E","M","T","R","?","M","COS","M","R","BOSS","M","?","?","M","?","M","E","R","T","?","E","?","?","COS","R","BOSS"],"items_purchased_type":[],"build_version":"2020-12-18","purchased_purges":0,"victory":false,"max_hp_per_floor":[66,66,66,66,66,66,66,66,66,66,66,67,67,67,67,68,68,69,70,70,70,70,82,82,82,82,82,85,82,82,85,85,85,85],"card_choices":[{"not_picked":["animator:Gluttony","animator:Mikaela"],"picked":"animator:Genos","floor":1},{"not_picked":["animator:AcuraAkari","animator:ElricEdward"],"picked":"animator:Shinoa","floor":2},{"not_picked":["animator:Shalltear","animator:Demiurge"],"picked":"animator:Viivi","floor":2},{"not_picked":["animator:Yoichi","animator:MaesHughes","animator:Sebas"],"picked":"SKIP","floor":4},{"not_picked":["animator:MetalKnight","animator:YuiTsuruno","animator:HiiragiShinya"],"picked":"SKIP","floor":5},{"not_picked":["animator:YuiTsuruno","animator:KyokoSakura"],"picked":"animator:OrikoMikuni","floor":6},{"not_picked":["animator:MaesHughes","animator:Gluttony"],"picked":"animator:YaoHaDucy","floor":7},{"not_picked":["animator:MumenRider","animator:OrikoMikuni"],"picked":"animator:Scar","floor":8},{"not_picked":["animator:Shalltear","animator:MaesHughes"],"picked":"animator:MamiTomoe","floor":12},{"not_picked":["animator:KyokoSakura","animator:SuzuneAmano"],"picked":"animator:YachiyoNanami","floor":14},{"not_picked":["animator:ChaikaTrabant","animator:FeridBathory"],"picked":"animator:MadokaKaname","floor":16},{"not_picked":["animator:PandorasActor","animator:Geryuganshoop"],"picked":"animator:Mitsuba","floor":18},{"not_picked":["animator:RoyMustang","animator:Evileye+1"],"picked":"animator:AcuraTooru+1","floor":19},{"not_picked":["animator:SilverFang","animator:OrikoMikuni+1"],"picked":"animator:Sonic","floor":21},{"not_picked":["animator:Genos","animator:MumenRider"],"picked":"animator:MetalKnight","floor":22},{"not_picked":["animator:IrohaTamaki","animator:Viivi"],"picked":"animator:MumenRider+1","floor":23},{"not_picked":["animator:SuzuneAmano","animator:Tyuule"],"picked":"animator:Kyubey","floor":24},{"not_picked":["animator:MaesHughes","animator:SayakaMiki"],"picked":"animator:ElricAlphonse+1","floor":28}],"player_experience":781688,"relics_obtained":[{"floor":3,"key":"Replay:Accelerometer"},{"floor":7,"key":"aspiration:SeaSaltIceCream"},{"floor":9,"key":"Replay:Baseball"},{"floor":10,"key":"aspiration:FetidBarrel"},{"floor":15,"key":"REME_HandOfSuture"},{"floor":19,"key":"Pondfish Scales"},{"floor":19,"key":"Replay:Kaleidoscope"},{"floor":24,"key":"animator:HeavyHalberd"},{"floor":25,"key":"Blood Vial"},{"floor":26,"key":"Whetstone"},{"floor":28,"key":"Replay:Ringing Soul"},{"floor":30,"key":"War Paint"},{"floor":32,"key":"HornCleat"}],"event_choices":[],"is_beta":true,"boss_relics":[{"not_picked":["energizedSpire:MagnifyingGlass","aspiration:RunicSpoon"],"picked":"REME_ChargedStone"}],"items_purged_floors":[],"is_endless":false,"potions_floor_spawned":[5,6,7,14,16,18,19,23],"killed_by":"Gensokyo:Eternal_Rivals","ascension_level":0}}