{"host":"cjhtzh7tp54jdfyv","time":1611524367,"event":{"mods":["AchievementEnabler","BaseMod","Colored Map","Colored Powertips","Curses Come First","DeckTracker","Filter the Spire","Minty Spire (QoL Compilation)","RNG Fix","Relic Sorter","Relic Stats","StSLib","UnlockEverythingMod","ojb\u0027s Better Paths Mod","ojb\u0027s Info Mod"],"gold_per_floor":[215,215,231,231,251,251,251,1,53,78,78,105,115,448,448,520,520,535,548,498,513,428,428,428,428],"floor_reached":24,"language":"ENG","playtime":2543,"items_purged":["Strike_G"],"score":428,"play_id":"2bd99d6c-c3f7-461f-b4d0-5370619970ed","local_time":"20210124163927","is_ascension_mode":true,"campfire_choices":[{"data":"A Thousand Cuts","floor":6,"key":"SMITH"},{"data":"Wraith Form v2","floor":15,"key":"SMITH"},{"floor":23,"key":"REST"}],"circlet_count":0,"master_deck":["AscendersBane","Strike_G","Strike_G","Strike_G+1","Strike_G","Defend_G","Defend_G","Defend_G","Defend_G","Survivor","Neutralize","Dagger Throw","A Thousand Cuts+1","Poisoned Stab","Venomology","Dagger Throw+1","Blade Dance","Storm of Steel","Wraith Form v2+1","After Image","Well Laid Plans","Reflex"],"relics":["Ring of the Snake","Whetstone","Pocketwatch","Old Coin","Fusion Hammer","Lantern"],"acts_visited":["Exordium","TheCity"],"potions_floor_usage":[5,10,10,12,14,16,16,19,21,21,21,21,24,24],"damage_taken":[{"damage":3,"enemies":"2 Louse","floor":1,"turns":3},{"damage":6,"enemies":"Cultist","floor":3,"turns":5},{"damage":1,"enemies":"Small Slimes","floor":5,"turns":5},{"damage":4,"enemies":"Lagavulin","floor":10,"turns":7},{"damage":20,"enemies":"3 Sentries","floor":12,"turns":7},{"damage":2,"enemies":"Looter","floor":13,"turns":4},{"damage":32,"enemies":"Gremlin Nob","floor":14,"turns":4},{"damage":16,"enemies":"Hexaghost","floor":16,"turns":8},{"damage":20,"enemies":"Shell Parasite","floor":18,"turns":6},{"damage":20,"enemies":"2 Thieves","floor":19,"turns":4},{"damage":0,"enemies":"Snake Plant","floor":21,"turns":3},{"damage":33,"enemies":"Slavers","floor":24,"turns":2}],"seed_played":"-5419198333607509859","potions_obtained":[{"floor":1,"key":"Weak Potion"},{"floor":4,"key":"Regen Potion"},{"floor":5,"key":"LiquidBronze"},{"floor":13,"key":"PowerPotion"},{"floor":14,"key":"Regen Potion"}],"is_trial":false,"path_per_floor":["M","?","M","?","M","R","?","$","T","E","T","E","M","E","R","B",null,"M","M","?","M","?","R","E"],"character_chosen":"THE_SILENT","items_purchased":["Venomology"],"campfire_rested":1,"item_purchase_floors":[8],"current_hp_per_floor":[56,56,50,50,63,63,63,63,63,59,59,39,37,5,5,4,51,31,11,11,11,11,30,0,0],"gold":428,"neow_bonus":"HUNDRED_GOLD","is_daily":false,"chose_seed":false,"campfire_upgraded":2,"win_rate":0.0,"timestamp":1611524367,"path_taken":["M","?","M","?","M","R","?","$","T","E","?","E","M","E","R","BOSS","M","M","?","M","?","R","E"],"items_purchased_type":["Card"],"build_version":"2020-12-22","purchased_purges":1,"victory":false,"max_hp_per_floor":[66,66,66,66,66,66,66,66,66,66,66,66,66,66,66,66,66,66,66,66,66,66,66,66,66],"relic_stats":{"counters":[12,58],"Whetstone":["Strike_G","Dagger Throw"],"obtain_stats":[{"Lantern":22,"Fusion Hammer":17,"Whetstone":10,"Ring of the Snake":0,"Pocketwatch":11,"Old Coin":14},{"Lantern":11,"Fusion Hammer":8,"Whetstone":4,"Ring of the Snake":0,"Pocketwatch":4,"Old Coin":7},{"Lantern":56,"Fusion Hammer":43,"Whetstone":20,"Ring of the Snake":0,"Pocketwatch":20,"Old Coin":35}],"Ring of the Snake":[24],"Pocketwatch":[33]},"card_choices":[{"not_picked":["Outmaneuver","Quick Slash"],"picked":"Dagger Throw","floor":1},{"not_picked":["Blur","Outmaneuver","Escape Plan"],"picked":"SKIP","floor":3},{"not_picked":["Heel Hook","Footwork"],"picked":"Poisoned Stab","floor":5},{"not_picked":["Dodge and Roll","Concentrate"],"picked":"Dagger Throw","floor":10},{"not_picked":["Riddle With Holes","Quick Slash"],"picked":"Blade Dance","floor":12},{"not_picked":["Choke","Setup"],"picked":"Storm of Steel","floor":13},{"not_picked":["Underhanded Strike","Quick Slash"],"picked":"Wraith Form v2","floor":14},{"not_picked":["Burst","Glass Knife"],"picked":"After Image","floor":16},{"not_picked":["Cloak And Dagger","Bouncing Flask","Dodge and Roll"],"picked":"SKIP","floor":18},{"not_picked":["Tactician","Poisoned Stab"],"picked":"Well Laid Plans","floor":19},{"not_picked":["Dagger Throw","Acrobatics"],"picked":"Reflex","floor":21}],"player_experience":4518808,"relics_obtained":[{"floor":10,"key":"Whetstone"},{"floor":11,"key":"Pocketwatch"},{"floor":14,"key":"Old Coin"}],"event_choices":[{"damage_healed":0,"gold_gain":0,"cards_transformed":["Defend_G"],"player_choice":"Transformed","damage_taken":0,"max_hp_gain":0,"max_hp_loss":0,"event_name":"Transmorgrifier","floor":2,"gold_loss":0,"cards_obtained":["A Thousand Cuts"]},{"damage_healed":0,"gold_gain":0,"player_choice":"Got Potions","damage_taken":0,"max_hp_gain":0,"max_hp_loss":0,"event_name":"Lab","floor":4,"gold_loss":0},{"damage_healed":0,"gold_gain":0,"player_choice":"Ignored","damage_taken":0,"max_hp_gain":0,"max_hp_loss":0,"event_name":"Shining Light","floor":7,"gold_loss":0},{"damage_healed":0,"gold_gain":0,"player_choice":"Bet on Murderer","damage_taken":0,"max_hp_gain":0,"max_hp_loss":0,"event_name":"The Joust","floor":20,"gold_loss":50},{"damage_healed":0,"gold_gain":0,"player_choice":"Obtained Relic","damage_taken":0,"relics_obtained":["Lantern"],"max_hp_gain":0,"max_hp_loss":0,"event_name":"Addict","floor":22,"gold_loss":85}],"is_beta":false,"boss_relics":[{"not_picked":["Ectoplasm","Pandora\u0027s Box"],"picked":"Fusion Hammer"}],"items_purged_floors":[8],"is_endless":false,"potions_floor_spawned":[1,5,13,14,18],"killed_by":"Slavers","ascension_level":20}}