{"host":"uv5ws9rdk87e8i5k","time":1611530673,"event":{"mods":["AchievementEnabler","BaseMod","Colored Map","Minty Spire (QoL Compilation)","StSLib","SuperFastMode","The Necromancer"],"gold_per_floor":[99,99,99,49,49,49,24,24,24,24,24,24,9,9,9,9,9,9,9,0,0,0,0,0,0,0,0,0,0,0,0,0,0,0,0,0,0,0,0,0,0],"floor_reached":40,"language":"ENG","playtime":1085,"items_purged":[],"score":520,"play_id":"6e10582b-fb0b-4341-8406-becc8969631d","local_time":"20210124172433","is_ascension_mode":true,"campfire_choices":[{"data":"Summon_Death_Knight","floor":8.0,"key":"SMITH"},{"floor":15.0,"key":"DIG"},{"data":"Summon_Undead","floor":24.0,"key":"SMITH"},{"data":"Summon_Death_Knight","floor":32.0,"key":"SMITH"}],"circlet_count":0,"master_deck":["Strike_W","Strike_W","Strike_W","Defend_W","Defend_W","Defend_W","Defend_W","Negative_Energy_Arrows","Bone_Wall","Bone_Shift+1","Negative_Energy_Sphere","Negative_Energy_Sphere","Summon_Death_Knight+1","Negative_Energy_Javelin","Life_Tap","Death_Coil","Vampiric_Strike","Summon_Death_Knight+1","Summon_Undead+1","Finger_Of_Death","Bone_Armor+1","Negative_Energy_Burst","Uncharnel+1","Writhe","Grasp_Heart","Spectral_Walk+1","Vampiric_Strike","Summon_Undead_Army"],"relics":["Ectoplasm","Ancient Tea Set","Bronze Scales","PreservedInsect","Shovel","Blood Vial","Black Star","Art of War","Toy Ornithopter","Meat on the Bone","Dream Catcher","The Courier","Regal Pillow","Pen Nib","Strawberry","Philosopher\u0027s Stone"],"acts_visited":["Exordium","TheCity","TheBeyond"],"potions_floor_usage":[40,40],"damage_taken":[{"damage":0.0,"enemies":"Cultist","floor":1.0,"turns":4.0},{"damage":0.0,"enemies":"2 Louse","floor":2.0,"turns":2.0},{"damage":1.0,"enemies":"Jaw Worm","floor":3.0,"turns":3.0},{"damage":37.0,"enemies":"Lagavulin","floor":6.0,"turns":9.0},{"damage":0.0,"enemies":"Gremlin Nob","floor":10.0,"turns":3.0},{"damage":2.0,"enemies":"Blue Slaver","floor":11.0,"turns":4.0},{"damage":6.0,"enemies":"Lagavulin","floor":12.0,"turns":7.0},{"damage":0.0,"enemies":"Looter","floor":13.0,"turns":2.0},{"damage":0.0,"enemies":"2 Fungi Beasts","floor":14.0,"turns":3.0},{"damage":8.0,"enemies":"The Guardian","floor":16.0,"turns":8.0},{"damage":6.0,"enemies":"Shell Parasite","floor":18.0,"turns":5.0},{"damage":12.0,"enemies":"Spheric Guardian","floor":21.0,"turns":4.0},{"damage":13.0,"enemies":"Centurion and Healer","floor":22.0,"turns":7.0},{"damage":12.0,"enemies":"Book of Stabbing","floor":23.0,"turns":5.0},{"damage":8.0,"enemies":"Gremlin Leader","floor":25.0,"turns":5.0},{"damage":30.0,"enemies":"Slavers","floor":27.0,"turns":5.0},{"damage":16.0,"enemies":"Sentry and Sphere","floor":28.0,"turns":5.0},{"damage":2.0,"enemies":"Shelled Parasite and Fungi","floor":30.0,"turns":5.0},{"damage":33.0,"enemies":"Automaton","floor":33.0,"turns":9.0},{"damage":26.0,"enemies":"Orb Walker","floor":35.0,"turns":4.0},{"damage":21,"enemies":"3 Shapes","floor":36,"turns":4},{"damage":4,"enemies":"Transient","floor":38,"turns":5},{"damage":26,"enemies":"Jaw Worm Horde","floor":39,"turns":3},{"damage":57,"enemies":"Giant Head","floor":40,"turns":8}],"seed_played":"2065692513276359409","potions_obtained":[{"floor":2.0,"key":"SteroidPotion"},{"floor":6.0,"key":"Swift Potion"},{"floor":13.0,"key":"CultistPotion"},{"floor":18.0,"key":"BlessingOfTheForge"},{"floor":21.0,"key":"SpeedPotion"},{"floor":22.0,"key":"Ancient Potion"},{"floor":27.0,"key":"Energy Potion"},{"floor":33.0,"key":"Swift Potion"},{"floor":38,"key":"SpeedPotion"}],"is_trial":false,"path_per_floor":["M","M","M","?","?","E","$","R","T","E","M","E","M","M","R","B",null,"M","?","?","M","M","E","R","E","T","E","M","?","M","?","R","B",null,"M","M","?","M","M","E"],"character_chosen":"NECROMANCER","items_purchased":["Negative_Energy_Javelin"],"campfire_rested":0,"item_purchase_floors":[7],"current_hp_per_floor":[75,75,74,74,74,37,37,37,37,37,35,29,29,31,31,29,75,69,69,69,59,52,44,44,45,45,30,30,30,48,55,55,45,82,56,49,49,49,39,0,0],"gold":0,"neow_bonus":"BOSS_RELIC","is_daily":false,"chose_seed":false,"campfire_upgraded":3,"win_rate":0.0,"timestamp":1611530673,"path_taken":["M","M","M","?","?","E","$","R","T","E","?","E","M","M","R","BOSS","M","?","?","M","M","E","R","E","T","E","M","?","M","?","R","BOSS","M","M","?","M","?","E"],"items_purchased_type":["Card"],"build_version":"2020-12-22","purchased_purges":0,"victory":false,"max_hp_per_floor":[75,75,75,75,75,75,75,75,75,75,75,75,75,75,75,75,75,75,75,75,75,75,75,75,75,75,75,75,75,75,82,82,82,82,82,82,82,82,82,82,82],"card_choices":[{"not_picked":["Blood_Curse","Negative_Energy_Sphere"],"picked":"Bone_Shift","floor":1.0},{"not_picked":["Stop_Heart","Death_March_Dance"],"picked":"Negative_Energy_Sphere","floor":2.0},{"not_picked":["Bone_Armor","Consume_Illness"],"picked":"Negative_Energy_Sphere","floor":3.0},{"not_picked":["Summon_Undead_Army","Negative_Energy_Javelin"],"picked":"Summon_Death_Knight","floor":6.0},{"not_picked":["Blood_Whip","Bone_Bullets"],"picked":"Life_Tap","floor":10.0},{"not_picked":["Negative_Energy_Mist","Negative_Energy_Javelin"],"picked":"Death_Coil","floor":11.0},{"not_picked":["Thousand_Bone_Knives","Negative_Energy_Shield"],"picked":"Vampiric_Strike","floor":12.0},{"not_picked":["Blood_for_Blood","Slay_Living","Negative_Energy_Javelin"],"picked":"SKIP","floor":13.0},{"not_picked":["Chill_Blood","Blood_Whip","Stop_Heart"],"picked":"SKIP","floor":14.0},{"not_picked":["Cloudkill","Detonate_Bones"],"picked":"Summon_Death_Knight","floor":16.0},{"not_picked":["Vampiric_Strike","Necrotic_Claws"],"picked":"Summon_Undead","floor":18.0},{"not_picked":["Bone_Bullets","Blood_Whip"],"picked":"Finger_Of_Death","floor":21.0},{"not_picked":["Chill_Blood","Toxic_Smoke_Screen+1"],"picked":"Bone_Armor+1","floor":22.0},{"not_picked":["Scare","Blood_Magic","Negative_Energy_Burst"],"picked":"SKIP","floor":23.0},{"not_picked":["Toxic_Smoke_Screen+1","Deaths_Shadow+1","Reap_The_Weak"],"picked":"SKIP","floor":25.0},{"not_picked":["Detonate_Bones","Blood_Wake"],"picked":"Negative_Energy_Burst","floor":27.0},{"not_picked":["Necrotic_Claws","Bone_Spikes","Scare"],"picked":"SKIP","floor":28.0},{"not_picked":["Finger_Of_Death","Death_March_Dance"],"picked":"Uncharnel+1","floor":30.0},{"not_picked":["Detonate_Bones","Blood_Wake"],"picked":"Grasp_Heart","floor":33.0},{"not_picked":["Bone_Spikes","Death_March_Dance"],"picked":"Spectral_Walk+1","floor":35.0},{"not_picked":["Slay_Living","Blood_for_Blood","Consume_Illness"],"picked":"SKIP","floor":36},{"not_picked":["Bone_Spikes+1","Negative_Energy_Shield"],"picked":"Vampiric_Strike","floor":38},{"not_picked":["Exploit","Spectral_Walk+1"],"picked":"Summon_Undead_Army","floor":39}],"player_experience":241366,"relics_obtained":[{"floor":6.0,"key":"Ancient Tea Set"},{"floor":9.0,"key":"Bronze Scales"},{"floor":10.0,"key":"PreservedInsect"},{"floor":12.0,"key":"Shovel"},{"floor":15.0,"key":"Blood Vial"},{"floor":23.0,"key":"Art of War"},{"floor":23.0,"key":"Toy Ornithopter"},{"floor":25.0,"key":"Meat on the Bone"},{"floor":25.0,"key":"Dream Catcher"},{"floor":26.0,"key":"The Courier"},{"floor":27.0,"key":"Regal Pillow"},{"floor":27.0,"key":"Pen Nib"}],"event_choices":[{"cards_removed":["Strike_W"],"damage_healed":0.0,"max_hp_gain":0.0,"max_hp_loss":0.0,"gold_gain":0.0,"event_name":"The Cleric","player_choice":"Card Removal","floor":4.0,"gold_loss":50.0,"damage_taken":0.0},{"damage_healed":0.0,"max_hp_gain":0.0,"max_hp_loss":0.0,"gold_gain":0.0,"event_name":"Accursed Blacksmith","player_choice":"Forge","floor":5.0,"gold_loss":0.0,"damage_taken":0.0,"cards_upgraded":["Bone_Shift"]},{"damage_healed":0.0,"max_hp_gain":0.0,"max_hp_loss":0.0,"gold_gain":0.0,"event_name":"Ghosts","player_choice":"Ignored","floor":19.0,"gold_loss":0.0,"damage_taken":0.0},{"damage_healed":0.0,"max_hp_gain":0.0,"max_hp_loss":0.0,"gold_gain":0.0,"event_name":"Masked Bandits","player_choice":"Paid Fearfully","floor":20.0,"gold_loss":9.0,"damage_taken":0.0},{"damage_healed":0.0,"max_hp_gain":0.0,"max_hp_loss":0.0,"gold_gain":99.0,"event_name":"Nest","player_choice":"Stole From Cult","floor":29.0,"gold_loss":0.0,"damage_taken":0.0},{"damage_healed":0.0,"max_hp_gain":0.0,"max_hp_loss":0.0,"gold_gain":0.0,"event_name":"The Mausoleum","player_choice":"Opened","floor":31.0,"gold_loss":0.0,"damage_taken":0.0,"relics_obtained":["Strawberry"],"cards_obtained":["Writhe"]},{"damage_healed":0,"gold_gain":300,"player_choice":"Gold","damage_taken":0,"max_hp_gain":0,"max_hp_loss":0,"event_name":"Wheel of Change","floor":37,"gold_loss":0}],"is_beta":false,"boss_relics":[{"not_picked":["Coffee Dripper","Busted Crown"],"picked":"Black Star"},{"not_picked":["Fusion Hammer","Astrolabe"],"picked":"Philosopher\u0027s Stone"}],"items_purged_floors":[],"is_endless":false,"potions_floor_spawned":[2,6,13,18,21,22,27,33,38],"killed_by":"Giant Head","ascension_level":1}}