{"host":"xbs6xfa3tvu21mfl","time":1611496205,"event":{"mods":["Arknights The Spire","BaseMod","Minty Spire (QoL Compilation)","Quick Restart","StSLib","The Servant 0.9.4"],"gold_per_floor":[109,122,197,212,175,208,240,270,270,297,297,327,37,63,63,176,176,210,210,244,269,303,303,328,328,643,688,688,713,741,769,769,886,886,912,977,165,191,191,231,273,273],"floor_reached":41,"language":"ZHS","playtime":3537,"items_purged":[],"score":596,"play_id":"6c3dfd6b-1e5b-4e4f-92c4-94e0616c7f35","local_time":"20210124215005","daily_mods":["SealedDeck","Heirloom","Time Dilation","Flight","DeadlyEvents","Elite Swarm"],"is_ascension_mode":false,"campfire_choices":[{"data":"ats:Phantom","floor":15.0,"key":"SMITH"},{"data":"ats:Healing Strengthening","floor":23.0,"key":"SMITH"},{"data":"ats:Poison Spread","floor":28.0,"key":"SMITH"},{"data":"RitualDagger","floor":32.0,"key":"SMITH"}],"circlet_count":0,"master_deck":["ats:Revitalization","ats:Sashimi Platter","ats:Sashimi Platter","ats:Healing Strengthening+1","ats:Apocalypse","ats:Shell Defense","ats:Poison Spread","ats:Poison Spread+1","ats:Revitalization","ats:Revitalization","ats:Leaping Hammer","ats:Directed Diagnosis","ats:Rapid Magazine","ats:Phantom+1","ats:Durian","ats:Dogmatic Field+1","ats:Calcification+1","ats:Durian+1","ats:Disruption Kick","ats:Support Order+1","ats:Sashimi Platter","ats:Shell Defense+1","RitualDagger+1","ats:True Silver Slash","ats:Blood Oath","ats:Assault Order+1","ats:Calcification+1","ats:Mental Burst+1","ats:Neurotoxin"],"relics":["ats:Sanity","Incense Burner","ats:Originium","Vajra","Peace Pipe","Toxic Egg 2","Singing Bowl","Torii","PreservedInsect","ats:Spiritual Recovery","ats:Defend","ats:Gyao","Old Coin","Sundial","Philosopher\u0027s Stone","Du-Vu Doll","Mango","Dead Branch","Toolbox","Letter Opener","Nunchaku","Art of War"],"acts_visited":["Exordium","TheCity","TheBeyond"],"potions_floor_usage":[36,36],"damage_taken":[{"damage":15.0,"enemies":"Cultist","floor":1.0,"turns":4.0},{"damage":16.0,"enemies":"Small Slimes","floor":2.0,"turns":3.0},{"damage":11.0,"enemies":"Jaw Worm","floor":4.0,"turns":3.0},{"damage":58.0,"enemies":"3 Sentries","floor":6.0,"turns":11.0},{"damage":37.0,"enemies":"Lagavulin","floor":7.0,"turns":6.0},{"damage":38.0,"enemies":"Gremlin Nob","floor":8.0,"turns":5.0},{"damage":34.0,"enemies":"Lagavulin","floor":10.0,"turns":7.0},{"damage":24.0,"enemies":"Gremlin Nob","floor":12.0,"turns":4.0},{"damage":19.0,"enemies":"Lagavulin","floor":14.0,"turns":4.0},{"damage":127.0,"enemies":"Slime Boss","floor":16.0,"turns":15.0},{"damage":50.0,"enemies":"3 Byrds","floor":18.0,"turns":8.0},{"damage":73.0,"enemies":"Spheric Guardian","floor":20.0,"turns":7.0},{"damage":62.0,"enemies":"Shelled Parasite and Fungi","floor":21.0,"turns":7.0},{"damage":49.0,"enemies":"Snake Plant","floor":22.0,"turns":6.0},{"damage":69.0,"enemies":"Centurion and Healer","floor":24.0,"turns":12.0},{"damage":146.0,"enemies":"Gremlin Leader","floor":27.0,"turns":9.0},{"damage":33.0,"enemies":"Sentry and Sphere","floor":29.0,"turns":5.0},{"damage":38.0,"enemies":"Snecko","floor":30.0,"turns":5.0},{"damage":62.0,"enemies":"Chosen and Byrds","floor":31.0,"turns":10.0},{"damage":125.0,"enemies":"Champ","floor":33.0,"turns":14.0},{"damage":20.0,"enemies":"3 Shapes","floor":35.0,"turns":3.0},{"damage":110,"enemies":"2 Orb Walkers","floor":36,"turns":6},{"damage":3,"enemies":"Orb Walker","floor":38,"turns":3},{"damage":53,"enemies":"Nemesis","floor":40,"turns":8},{"damage":87,"enemies":"Reptomancer","floor":41,"turns":5}],"seed_played":"-6092902584678243022","potions_obtained":[{"floor":2.0,"key":"ats:Emergency Sanity Potion"},{"floor":7.0,"key":"Dexterity Potion"},{"floor":14.0,"key":"LiquidMemories"},{"floor":27.0,"key":"CultistPotion"},{"floor":33.0,"key":"Strength Potion"},{"floor":35.0,"key":"Weak Potion"},{"floor":38,"key":"SkillPotion"},{"floor":41,"key":"AttackPotion"}],"is_trial":true,"path_per_floor":["M","M","?","M","$","E","E","E","T","E","?","E","$","E","R","B",null,"M","?","M","M","M","R","M","?","T","E","R","M","M","M","R","B",null,"M","?","$","M","T","E","E"],"character_chosen":"DOCTOR_CLASS","items_purchased":["ats:Phantom","ats:Spiritual Recovery","ats:Defend","ats:Neurotoxin","Mango","Dead Branch","Toolbox"],"campfire_rested":0,"item_purchase_floors":[5,13,13,37,37,37,37],"current_hp_per_floor":[70,72,65,72,72,70,72,72,72,72,72,72,72,70,70,74,74,76,76,78,78,78,78,78,72,72,22,22,50,65,80,80,80,80,80,19,33,41,41,100,80,80],"gold":273,"neow_bonus":"","is_daily":false,"chose_seed":false,"campfire_upgraded":4,"win_rate":0.0,"timestamp":1611496205,"path_taken":["M","M","?","?","$","E","E","E","T","E","?","?","$","E","R","BOSS","M","?","M","M","M","R","M","?","T","E","R","M","M","M","R","BOSS","M","?","$","M","?","E","E"],"items_purchased_type":["Card","Relic","Card","Card","Relic","Relic","Relic"],"build_version":"2020-12-22","purchased_purges":0,"victory":false,"max_hp_per_floor":[72,72,72,72,72,72,72,72,72,72,72,72,72,72,72,74,74,76,76,78,78,78,78,78,78,78,78,78,80,80,80,80,80,80,80,82,96,98,98,100,102,102],"card_choices":[{"not_picked":["ats:Guard Mode","ats:Encircling Forest"],"picked":"ats:Leaping Hammer","floor":1.0},{"not_picked":["ats:Soul Absorption","ats:Ignite"],"picked":"ats:Directed Diagnosis","floor":2.0},{"not_picked":["ats:Support Order","ats:Encircling Forest"],"picked":"ats:Rapid Magazine","floor":4.0},{"not_picked":["ats:True Silver Slash","ats:Roar Of Ursus"],"picked":"ats:Durian","floor":6.0},{"not_picked":["ats:Fractured Body","ats:Volcano"],"picked":"ats:Dogmatic Field","floor":7.0},{"not_picked":["ats:Dogmatic Field","ats:Echo Reverb+1","ats:Volcano"],"picked":"SKIP","floor":8.0},{"not_picked":["ats:Echo Reverb+1","ats:Ambush"],"picked":"ats:Calcification+1","floor":10.0},{"not_picked":["ats:Dogmatic Field","ats:Wolf Pack"],"picked":"ats:Durian+1","floor":12.0},{"not_picked":["ats:Roar Of Ursus","ats:Rat Pack+1"],"picked":"ats:Disruption Kick","floor":14.0},{"not_picked":["ats:Fractured Body+1","ats:True Silver Slash","ats:Disruption Kick"],"picked":"Singing Bowl","floor":16.0},{"not_picked":["ats:Guard Mode+1","ats:Very Hot Blade","ats:Soul Absorption+1"],"picked":"Singing Bowl","floor":18.0},{"not_picked":["ats:Phantom","ats:Thorns","ats:Encircling Forest+1"],"picked":"Singing Bowl","floor":20.0},{"not_picked":["ats:Guard Mode+1","ats:Directed Diagnosis+1"],"picked":"ats:Support Order+1","floor":21.0},{"not_picked":["ats:Steam Pump+1","ats:Red Shift"],"picked":"ats:Sashimi Platter","floor":22.0},{"not_picked":["ats:Automatic Cover+1","ats:Soul Absorption+1"],"picked":"ats:Shell Defense+1","floor":24.0},{"not_picked":["ats:Durian+1","ats:Soul Rend"],"picked":"ats:True Silver Slash","floor":27.0},{"not_picked":["ats:Very Hot Blade","ats:Apocalypse+1","ats:Guard Mode+1"],"picked":"Singing Bowl","floor":29.0},{"not_picked":["ats:LN2 Cannon","ats:Cat Scratch"],"picked":"ats:Blood Oath","floor":30.0},{"not_picked":["ats:Closed Bolt Burst Fire","ats:Curse Doll+1"],"picked":"ats:Assault Order+1","floor":31.0},{"not_picked":["ats:Fractured Body+1","ats:Disruption Kick"],"picked":"ats:Calcification+1","floor":33.0},{"not_picked":["ats:Consecutive Shot Auto+1","ats:Very Hot Blade+1"],"picked":"ats:Mental Burst+1","floor":35.0},{"not_picked":["ats:Revitalization+1","ats:Rapid Magazine+1","ats:Encircling Forest+1"],"picked":"Singing Bowl","floor":36},{"not_picked":["ats:Cat Scratch+1","ats:Apocalypse+1","ats:Shell Defense+1"],"picked":"Singing Bowl","floor":38},{"not_picked":["ats:Soul Rend","ats:Volcano","ats:Calcification+1"],"picked":"Singing Bowl","floor":40},{"not_picked":["ats:Rat Pack+1","ats:Volcano","ats:Calcification+1"],"picked":"Singing Bowl","floor":41}],"player_experience":82427,"relics_obtained":[{"floor":6.0,"key":"ats:Originium"},{"floor":6.0,"key":"Vajra"},{"floor":7.0,"key":"ats:Originium"},{"floor":7.0,"key":"Peace Pipe"},{"floor":8.0,"key":"ats:Originium"},{"floor":8.0,"key":"Toxic Egg 2"},{"floor":9.0,"key":"Singing Bowl"},{"floor":10.0,"key":"ats:Originium"},{"floor":10.0,"key":"Torii"},{"floor":12.0,"key":"PreservedInsect"},{"floor":14.0,"key":"ats:Gyao"},{"floor":26.0,"key":"Old Coin"},{"floor":27.0,"key":"Sundial"},{"floor":36,"key":"Du-Vu Doll"},{"floor":39,"key":"Letter Opener"},{"floor":40,"key":"Nunchaku"},{"floor":41,"key":"Art of War"}],"event_choices":[{"damage_healed":0.0,"max_hp_gain":0.0,"max_hp_loss":0.0,"gold_gain":75.0,"event_name":"FaceTrader","player_choice":"Touch","floor":3.0,"gold_loss":0.0,"damage_taken":7.0},{"damage_healed":0.0,"max_hp_gain":0.0,"max_hp_loss":0.0,"gold_gain":0.0,"event_name":"Living Wall","player_choice":"Grow","floor":11.0,"gold_loss":0.0,"damage_taken":0.0,"cards_upgraded":["ats:Dogmatic Field"]},{"damage_healed":0.0,"max_hp_gain":0.0,"max_hp_loss":0.0,"gold_gain":0.0,"event_name":"Vampires","player_choice":"Ignored","floor":19.0,"gold_loss":0.0,"damage_taken":0.0},{"damage_healed":0.0,"max_hp_gain":0.0,"max_hp_loss":0.0,"gold_gain":0.0,"event_name":"Nest","player_choice":"Joined the Cult","floor":25.0,"gold_loss":0.0,"damage_taken":6.0,"cards_obtained":["RitualDagger"]},{"damage_healed":0,"gold_gain":0,"player_choice":"Fight","damage_taken":0,"max_hp_gain":0,"max_hp_loss":0,"event_name":"Mysterious Sphere","floor":36,"gold_loss":0}],"is_beta":false,"boss_relics":[{"not_picked":["Calling Bell","Busted Crown","Velvet Choker"]},{"not_picked":["Fusion Hammer","SlaversCollar"],"picked":"Philosopher\u0027s Stone"}],"items_purged_floors":[],"is_endless":false,"potions_floor_spawned":[2,7,14,21,22,27,33,35,38,41],"killed_by":"Reptomancer","ascension_level":0}}