{"host":"iimv3xr0scyjt3cx","time":1611461966,"event":{"mods":["BaseMod","Hermit","Minty Spire (QoL Compilation)","Replay The Spire","StSLib","The Bladedancer","The Bug Knight","The Cursed","The Judge","The Necromancer","The Senshi","The Servant 0.9.4","The Wild Card"],"gold_per_floor":[113,188,188,111,131,159,177,177,177,31,31,47,66,100,100,202,202,215,229,256,188,208,208,239,252,252,252,352,352,352,385,385,490,490,508,508,558,29,29,29,46,46,71,71,71,87,37,67,67,67,67,67,16,41,41,41],"floor_reached":55,"language":"ENG","playtime":3718,"items_purged":["Doubt","CommonCold"],"score":814,"play_id":"ba22af41-37be-420a-abca-1f85ec46b468","local_time":"20210124051926","is_ascension_mode":false,"campfire_choices":[{"data":"Shade_Step","floor":15.0,"key":"SMITH"},{"data":"Bone_Armory","floor":23.0,"key":"SMITH"},{"data":"Siphon_Strength","floor":27.0,"key":"SMITH"},{"data":"Siphon_Strength","floor":29.0,"key":"SMITH"},{"data":"Bone_Bullets","floor":29.0,"key":"SMITH"},{"data":"Negative_Energy_Shield","floor":32.0,"key":"SMITH"},{"data":"Vampiric_Strike","floor":32.0,"key":"SMITH"},{"data":"Bone_Armory","floor":40,"key":"SMITH"},{"data":"Apotheosis","floor":40,"key":"SMITH"},{"floor":45,"key":"RECALL"},{"data":"Summon_Vampire_Lady","floor":49,"key":"SMITH"},{"data":"Whirlwind_of_Bones","floor":49,"key":"SMITH"},{"data":"Bone_Wall","floor":52,"key":"SMITH"},{"data":"Shackles_Of_Pain","floor":52,"key":"SMITH"}],"circlet_count":0,"master_deck":["Strike_W","Strike_W","Strike_W","Strike_W","Defend_W","Defend_W","Defend_W","Negative_Energy_Arrows+1","Bone_Wall+1","Spectral_Walk","Siphon_Strength+1","Whirlwind_of_Bones+1","Negative_Energy_Sphere","theWildCard:Arsene","Flesh_Made_Foul","Exploit","Shade_Step+1","Reap_The_Weak","Vampiric_Strike+1","Bone_Armor+1","Siphon_Strength+1","Bone_Armory+1","Consume_Illness+1","Negative_Energy_Shield+1","Shackles_Of_Pain+1","Bone_Bullets+1","Negative_Energy_Mist+1","Summon_Vampire_Lady+1","Chill_Blood+1","Acid_Javelin+1","Bone_Armory+1","Apotheosis+1","Acid_Javelin+1","Uncharnel+1","Blood_Is_Power+1","Blood_Curse+1"],"relics":["Vampire_Amulet","NeowsBlessing","ReplayTheSpireMod:CursedCoin","Replay:Wax Seal","Replay:Bottled Flurry","Replay:WaspNest","Sling","Smiling Mask","ChewingGum","Red Mask","Lizard Tail","Mummified Hand","Replay:Arrowhead","Shuriken","Potion Belt","Honey Jar","FossilizedHelix","MealTicket","OrangePellets","Art of War","Ring of Misfortune","Ring of Fury","Kunai","InkBottle"],"acts_visited":["Exordium","TheCity","TheBeyond","TheEnding"],"potions_floor_usage":[48,50,54,55,55,55],"damage_taken":[{"damage":0.0,"enemies":"Small Slimes","floor":1.0,"turns":2.0},{"damage":0.0,"enemies":"Cultist","floor":5.0,"turns":1.0},{"damage":0.0,"enemies":"HollowMod:MossKnight","floor":6.0,"turns":1.0},{"damage":0.0,"enemies":"Jaw Worm","floor":7.0,"turns":7.0},{"damage":8.0,"enemies":"Blue Slaver","floor":12.0,"turns":3.0},{"damage":9.0,"enemies":"Looter","floor":13.0,"turns":3.0},{"damage":13.0,"enemies":"Lagavulin","floor":14.0,"turns":4.0},{"damage":18.0,"enemies":"Hexaghost","floor":16.0,"turns":9.0},{"damage":24.0,"enemies":"2 Thieves","floor":18.0,"turns":4.0},{"damage":8.0,"enemies":"3 Byrds","floor":19.0,"turns":4.0},{"damage":15.0,"enemies":"Masked Bandits","floor":20.0,"turns":3.0},{"damage":13.0,"enemies":"Snecko","floor":22.0,"turns":4.0},{"damage":2.0,"enemies":"Gremlin Leader","floor":24.0,"turns":5.0},{"damage":2.0,"enemies":"Centurion and Healer","floor":25.0,"turns":4.0},{"damage":16.0,"enemies":"Colosseum Slavers","floor":28.0,"turns":3.0},{"damage":14.0,"enemies":"Colosseum Nobs","floor":28.0,"turns":3.0},{"damage":16.0,"enemies":"Slavers","floor":31.0,"turns":4.0},{"damage":64.0,"enemies":"Collector","floor":33.0,"turns":10.0},{"damage":21.0,"enemies":"3 Shapes","floor":35.0,"turns":7.0},{"damage":56,"enemies":"2 Orb Walkers","floor":37,"turns":5},{"damage":4,"enemies":"3 Darklings","floor":41,"turns":3},{"damage":20,"enemies":"Writhing Mass","floor":46,"turns":4},{"damage":15,"enemies":"HollowMod:StalkingDevout","floor":48,"turns":6},{"damage":25,"enemies":"Donu and Deca","floor":50,"turns":5},{"damage":40,"enemies":"Shield and Spear","floor":54,"turns":5},{"damage":49,"enemies":"The Heart","floor":55,"turns":2}],"seed_played":"5813661261840078752","potions_obtained":[{"floor":1.0,"key":"EssenceOfSteel"},{"floor":12.0,"key":"DistilledChaos"},{"floor":13.0,"key":"SpeedPotion"},{"floor":20.0,"key":"LiquidBronze"},{"floor":22.0,"key":"DistilledChaos"},{"floor":25.0,"key":"Explosive Potion"},{"floor":33.0,"key":"PowerPotion"},{"floor":37,"key":"Ancient Potion"},{"floor":46,"key":"Explosive Potion"},{"floor":48,"key":"Explosive Potion"},{"floor":54,"key":"EssenceOfSteel"}],"is_trial":false,"path_per_floor":["M","$","?","$","M","E","M","?","T","$","?","M","M","E","R","B",null,"M","M","?","$","M","R","E","M","T","R","?","R","?","E","R","B",null,"M","?","?","$","?","R","M","?","T","?","R","M","$","E","R","B",null,"R","$","E","B"],"character_chosen":"NECROMANCER","items_purchased":["ReplayTheSpireMod:CursedCoin","Replay:Wax Seal","Sling","Bone_Armory","MealTicket","OrangePellets","Art of War","Bone_Armory","Block Potion"],"campfire_rested":0,"item_purchase_floors":[2,4,10,21,38,38,38,38,53],"current_hp_per_floor":[75,75,75,75,75,75,75,75,75,75,75,69,62,51,51,35,75,55,55,48,48,37,37,51,56,56,56,38,38,38,34,34,26,75,57,57,17,17,17,17,21,21,21,62,62,48,62,61,61,47,62,62,62,35,0,0],"gold":41,"neow_bonus":"THREE_ENEMY_KILL","is_daily":false,"chose_seed":false,"campfire_upgraded":13,"win_rate":0.0,"timestamp":1611461966,"path_taken":["M","$","?","?","M","E","M","?","T","?","?","M","M","E","R","BOSS","M","?","?","?","M","R","E","M","T","R","?","R","?","E","R","BOSS","M","?","?","$","?","R","?","?","T","?","R","M","?","E","R","BOSS","R","$","E","BOSS"],"items_purchased_type":["Relic","Relic","Relic","Card","Relic","Relic","Relic","Card","Potion"],"build_version":"2020-12-22","purchased_purges":2,"victory":false,"max_hp_per_floor":[75,75,75,75,75,75,75,75,75,75,75,75,75,75,75,75,75,75,75,75,75,75,75,75,75,75,75,75,75,75,75,75,75,75,75,71,71,71,71,71,71,71,71,62,62,62,62,62,62,62,62,62,62,62,62,62],"card_choices":[{"not_picked":["Blood_for_Blood","Shackles_Of_Pain"],"picked":"Spectral_Walk","floor":1.0},{"not_picked":["Bone_Armor","Spectral_Walk"],"picked":"Siphon_Strength","floor":5.0},{"not_picked":["Finger_Of_Death","Shackles_Of_Pain"],"picked":"Whirlwind_of_Bones","floor":6.0},{"not_picked":["Deaths_Shadow","Blood_Curse"],"picked":"Negative_Energy_Sphere","floor":7.0},{"not_picked":["Spectral_Walk","Necrotic_Claws"],"picked":"Flesh_Made_Foul","floor":12.0},{"not_picked":["Toxic_Smoke_Screen","Necromantic_Selection"],"picked":"Exploit","floor":13.0},{"not_picked":["Violent_Necrosis","Shackles_Of_Pain"],"picked":"Shade_Step","floor":14.0},{"not_picked":["Detonate_Bones","Skeleton_Dragon"],"picked":"Reap_The_Weak","floor":16.0},{"not_picked":["Negative_Energy_Shield","Bones_to_Steel"],"picked":"Vampiric_Strike","floor":18.0},{"not_picked":["Bones_to_Steel","Negative_Energy_Mist"],"picked":"Bone_Armor+1","floor":19.0},{"not_picked":["Deaths_Shadow+1","Plague_Bolt"],"picked":"Siphon_Strength","floor":20.0},{"not_picked":["Blood_Whip","Necrotic_Claws"],"picked":"Consume_Illness+1","floor":22.0},{"not_picked":["Summon_Undead","Shackles_Of_Pain"],"picked":"Negative_Energy_Shield","floor":24.0},{"not_picked":["Exploit","Bones_to_Steel"],"picked":"Shackles_Of_Pain","floor":25.0},{"not_picked":["Blood_Wake","Strike_from_Beyond"],"picked":"Bone_Bullets","floor":28.0},{"not_picked":["Toxic_Smoke_Screen","Whirlwind_of_Bones+1"],"picked":"Negative_Energy_Mist+1","floor":31.0},{"not_picked":["Detonate_Bones","Requiem"],"picked":"Summon_Vampire_Lady","floor":33.0},{"not_picked":["Negative_Energy_Javelin","Bone_Spikes","Bone_Bullets+1"],"picked":"Chill_Blood+1","floor":35.0},{"not_picked":["Bone_Spikes","Toxic_Smoke_Screen","Blood_Whip+1"],"picked":"Acid_Javelin+1","floor":37},{"not_picked":["Survey Options","Mind Blast","Impatience"],"picked":"Apotheosis","floor":39},{"not_picked":["Bone_Shift","Toxic_Smoke_Screen+1","Chill_Blood+1"],"picked":"Acid_Javelin+1","floor":41},{"not_picked":["Bones_to_Steel+1","Slay_Living+1","Shackles_Of_Pain"],"picked":"Uncharnel+1","floor":46},{"not_picked":["Necromantic_Selection+1","Death_Knell","Flesh_Made_Foul"],"picked":"Blood_Is_Power+1","floor":48},{"not_picked":["Deaths_Shadow","Negative_Energy_Sphere","Bone_Prison"],"picked":"Blood_Curse+1","floor":54}],"player_experience":491210,"relics_obtained":[{"floor":6.0,"key":"Replay:Bottled Flurry"},{"floor":9.0,"key":"Replay:WaspNest"},{"floor":14.0,"key":"Smiling Mask"},{"floor":20.0,"key":"Red Mask"},{"floor":24.0,"key":"Lizard Tail"},{"floor":26.0,"key":"Mummified Hand"},{"floor":28.0,"key":"Replay:Arrowhead"},{"floor":28.0,"key":"Shuriken"},{"floor":31.0,"key":"Potion Belt"},{"floor":37,"key":"FossilizedHelix"},{"floor":42,"key":"Ring of Misfortune"},{"floor":42,"key":"Ring of Fury"},{"floor":48,"key":"Kunai"},{"floor":54,"key":"InkBottle"}],"event_choices":[{"damage_healed":0.0,"max_hp_gain":0.0,"max_hp_loss":0.0,"gold_gain":0.0,"event_name":"Accursed Blacksmith","player_choice":"Forge","floor":3.0,"gold_loss":0.0,"damage_taken":0.0,"cards_upgraded":["Negative_Energy_Arrows"]},{"cards_removed":["Defend_W"],"damage_healed":0.0,"max_hp_gain":0.0,"max_hp_loss":0.0,"gold_gain":0.0,"event_name":"Bonfire Elementals","player_choice":"Offered Basic","floor":11.0,"gold_loss":0.0,"damage_taken":0.0},{"damage_healed":0.0,"max_hp_gain":0.0,"max_hp_loss":0.0,"gold_gain":0.0,"event_name":"Masked Bandits","player_choice":"Fought Bandits","floor":20.0,"gold_loss":0.0,"damage_taken":0.0},{"damage_healed":0.0,"max_hp_gain":0.0,"max_hp_loss":0.0,"gold_gain":0.0,"event_name":"Colosseum","player_choice":"Fight","floor":28.0,"gold_loss":0.0,"damage_taken":0.0},{"damage_healed":0.0,"max_hp_gain":0.0,"max_hp_loss":0.0,"gold_gain":0.0,"event_name":"Colosseum","player_choice":"Fought Nobs","floor":28.0,"gold_loss":0.0,"damage_taken":0.0},{"damage_healed":0.0,"max_hp_gain":0.0,"max_hp_loss":0.0,"gold_gain":0.0,"event_name":"Ghosts","player_choice":"Ignored","floor":30.0,"gold_loss":0.0,"damage_taken":0.0},{"damage_healed":0.0,"max_hp_gain":0.0,"max_hp_loss":4.0,"gold_gain":0.0,"event_name":"Winding Halls","player_choice":"Max HP","floor":36.0,"gold_loss":0.0,"damage_taken":0.0},{"damage_healed":0,"gold_gain":0,"player_choice":"Fight","damage_taken":0,"max_hp_gain":0,"max_hp_loss":0,"event_name":"Mysterious Sphere","floor":37,"gold_loss":0},{"damage_healed":0,"gold_gain":0,"player_choice":"Memory 1","damage_taken":0,"max_hp_gain":0,"max_hp_loss":0,"event_name":"SensoryStone","floor":39,"gold_loss":0},{"damage_healed":62,"gold_gain":0,"player_choice":"Heal","damage_taken":0,"max_hp_gain":0,"max_hp_loss":9,"event_name":"The Moai Head","floor":44,"gold_loss":0}],"is_beta":false,"boss_relics":[{"not_picked":["Ring of Chaos","Runic Pyramid"],"picked":"ChewingGum"},{"not_picked":["Astrolabe","Kintsugi"],"picked":"Honey Jar"}],"items_purged_floors":[2,47],"is_endless":false,"potions_floor_spawned":[1,12,13,20,22,25,33,37,46,48,54],"killed_by":"The Heart","ascension_level":0}}