{"host":"n7mxhpjy89lltbhc","time":1611492721,"event":{"mods":["2.2 Compatiblity","Act Like it!","BaseMod","Better Match","Better Sensory Stone","Better Synergies","BetterRewards","Colored Map","Colored Powertips","Downfall","Exacting","Gensokyo","Infinite Spire","Jedi Mod","Marisa????????","Minty Spire (QoL Compilation)","Permanent Neow","Rare Cards Sparkle","Relic Stats","Replay The Spire","Shop Mod","Small Relic Pack","Spicy Shops","Spire Arcade","StSLib","The Blue Laboratory","The Servant 0.9.4","Waifu the Spire","Wandering Minibosses"],"gold_per_floor":[99,117,136,226,29,64,64,99,32,57,74,74,86,120,135,135,135,135],"floor_reached":16,"language":"ENG","playtime":650,"items_purged":[],"score":128,"play_id":"2a38821e-bdec-4362-9ea8-56303e5f8182","local_time":"25640124195201","is_ascension_mode":true,"campfire_choices":[],"circlet_count":0,"master_deck":["bronze:Strike","bronze:Strike","bronze:Strike","bronze:Strike","bronze:Defend","bronze:Defend","bronze:Defend","bronze:Defend","bronze:Replicate","bronze:Goto","Gensokyo:CrescentMoonSlash","bronze:Flail","bronze:Deprecate","bronze:FollowUp","bronze:Iterate","bronze:Boost","bronze:Boost","bronze:ChildClass","bronze:InfiniteLoop","jedi:forcepull","bronze:FineTuning","bronze:DelayedGuard"],"relics":["bronze:BronzeCore","Bird Faced Urn","relicPack:SpireResearchBook","Smiling Mask","jedi:angrymask","Akabeko"],"acts_visited":["Gensokyo:Gensokyo"],"potions_floor_usage":[16],"damage_taken":[{"damage":4,"enemies":"Gensokyo:2_Kodama","floor":2,"turns":3},{"damage":2,"enemies":"Gensokyo:Python","floor":3,"turns":3},{"damage":0,"enemies":"Gensokyo:3_Fairies","floor":4,"turns":5},{"damage":16,"enemies":"Gensokyo:2_Rabbits","floor":6,"turns":6},{"damage":7,"enemies":"Gensokyo:3_Kodama","floor":8,"turns":3},{"damage":0,"enemies":"downfall:FleeingMerchant","floor":9,"turns":4},{"damage":0,"enemies":"Gensokyo:LivingMonolith","floor":10,"turns":2},{"damage":0,"enemies":"Gensokyo:Python_and_Kodama","floor":11,"turns":5},{"damage":0,"enemies":"Gensokyo:VengefulSpirit","floor":13,"turns":2},{"damage":2,"enemies":"Gensokyo:Cirno","floor":14,"turns":5},{"damage":0,"enemies":"Gensokyo:2_Rabbits","floor":15,"turns":2},{"damage":37,"enemies":"SI_SHIV_ARCHETYPE","floor":16,"turns":7}],"seed_played":"-2652638732079602088","potions_obtained":[{"floor":2,"key":"Swift Potion"},{"floor":8,"key":"jedi:tentaclejuice"},{"floor":10,"key":"blueLaboratory:BottleOfVodka"}],"is_trial":false,"path_per_floor":["R_BF","M","M","M","COS","M","T","M","$","M","M","?","M","E","M","B"],"character_chosen":"THE_AUTOMATON","items_purchased":["bronze:Boost"],"campfire_rested":0,"item_purchase_floors":[9],"current_hp_per_floor":[54,50,57,57,57,41,41,34,34,34,34,34,34,32,32,0,0,0],"gold":135,"neow_bonus":"ONE_RARE_RELIC","is_daily":false,"chose_seed":false,"campfire_upgraded":0,"win_rate":0.0,"timestamp":1611492721,"path_taken":["R_BF","M","M","M","COS","?","T","M","$","M","?","?","?","E","M","BOSS"],"items_purchased_type":["Card"],"build_version":"2020-12-22","purchased_purges":0,"victory":false,"max_hp_per_floor":[63,63,63,63,63,63,63,63,63,63,63,63,63,63,63,63,63,63],"relic_stats":{"counters":[12,47],"Bird Faced Urn":[0],"Smiling Mask":0,"obtain_stats":[{"jedi:angrymask":9,"bronze:BronzeCore":0,"Bird Faced Urn":0,"Smiling Mask":7,"relicPack:SpireResearchBook":5,"Akabeko":14},{"jedi:angrymask":6,"bronze:BronzeCore":0,"Bird Faced Urn":0,"Smiling Mask":4,"relicPack:SpireResearchBook":3,"Akabeko":10},{"jedi:angrymask":22,"bronze:BronzeCore":0,"Bird Faced Urn":0,"Smiling Mask":17,"relicPack:SpireResearchBook":11,"Akabeko":38}]},"card_choices":[{"not_picked":["bronze:Shield","bronze:Philosophize"],"picked":"bronze:Flail","floor":2},{"not_picked":["bronze:Return","bronze:InfiniteBeams"],"picked":"bronze:Deprecate","floor":3},{"not_picked":["bronze:Branch","bronze:Deprecate","bronze:BitShift"],"picked":"SKIP","floor":4},{"not_picked":["bronze:Deprecate","bronze:Frontload"],"picked":"bronze:FollowUp","floor":6},{"not_picked":["bronze:Allocate","bronze:Flail","bronze:CloningBeam"],"picked":"SKIP","floor":8},{"not_picked":["bronze:BuggyMess","bronze:Deprecate"],"picked":"bronze:Iterate","floor":9},{"not_picked":["bronze:Repair","bronze:DelayedSlice"],"picked":"bronze:ChildClass","floor":10},{"not_picked":["bronze:Separator","bronze:Overload"],"picked":"bronze:InfiniteLoop","floor":11},{"not_picked":["Swift Strike","Dark Shackles"],"picked":"jedi:forcepull","floor":12},{"not_picked":["bronze:Refactor","bronze:FollowUp"],"picked":"bronze:FineTuning","floor":13},{"not_picked":["bronze:WildBeam","bronze:Frontload","bronze:ItsAFeature"],"picked":"SKIP","floor":14},{"not_picked":["bronze:FineTuning","bronze:WhirlingStrike"],"picked":"bronze:DelayedGuard","floor":15}],"player_experience":1026462,"relics_obtained":[{"floor":7,"key":"Smiling Mask"},{"floor":14,"key":"Akabeko"}],"event_choices":[{"damage_healed":0,"gold_gain":1,"player_choice":"1","damage_taken":0,"max_hp_gain":0,"max_hp_loss":0,"event_name":"betterStone:BetterStone","floor":12,"gold_loss":0}],"is_beta":false,"boss_relics":[],"items_purged_floors":[],"is_endless":false,"potions_floor_spawned":[2,8,10,13],"killed_by":"SI_SHIV_ARCHETYPE","ascension_level":4}}