{"host":"zk71suw73lg2r165","time":1611502165,"event":{"mods":["BaseMod","Colored Map","Minty Spire (QoL Compilation)","Permanent Neow","Relic Stats","StSLib"],"gold_per_floor":[116,116,127,48,60,60,93,93,93,110,110,124,124,124,124,196,196,216,216,34,34,47,47,47,47],"floor_reached":24,"language":"ENG","playtime":651,"items_purged":[],"score":388,"play_id":"a70024f6-8303-4e9f-8ac3-a3fe71b9a095","local_time":"20210124102925","is_ascension_mode":true,"campfire_choices":[{"data":"Creative AI","floor":6,"key":"SMITH"},{"floor":11,"key":"REST"},{"floor":15,"key":"REST"},{"data":"Apotheosis","floor":23,"key":"SMITH"}],"circlet_count":0,"master_deck":["AscendersBane","Strike_B","Strike_B","Defend_B","Defend_B","Defend_B","Defend_B","Zap","Dualcast+1","Reinforced Body","Lockon","Creative AI+1","Conserve Battery","Doom and Gloom+1","Echo Form","Chill","BootSequence+1","Seek","Undo","Apotheosis+1","Self Repair"],"relics":["Cracked Core","Mango","Turnip","HornCleat","Matryoshka","War Paint","Potion Belt","Cursed Key"],"acts_visited":["Exordium","TheCity"],"potions_floor_usage":[7,18,24],"damage_taken":[{"damage":7,"enemies":"Jaw Worm","floor":1,"turns":3},{"damage":0,"enemies":"Small Slimes","floor":3,"turns":3},{"damage":6,"enemies":"Cultist","floor":5,"turns":3},{"damage":36,"enemies":"Gremlin Nob","floor":7,"turns":4},{"damage":1,"enemies":"Blue Slaver","floor":10,"turns":4},{"damage":9,"enemies":"Exordium Wildlife","floor":12,"turns":5},{"damage":25,"enemies":"The Guardian","floor":16,"turns":11},{"damage":20,"enemies":"2 Thieves","floor":18,"turns":4},{"damage":26,"enemies":"3 Byrds","floor":22,"turns":6},{"damage":35,"enemies":"Slavers","floor":24,"turns":3}],"seed_played":"-3996867132507025740","potions_obtained":[{"floor":1,"key":"SkillPotion"},{"floor":12,"key":"Swift Potion"},{"floor":16,"key":"Fire Potion"},{"floor":18,"key":"SteroidPotion"}],"is_trial":false,"path_per_floor":["M","?","M","$","M","R","E","?","T","M","R","M","?","T","R","B",null,"M","?","$","?","M","R","E"],"character_chosen":"DEFECT","items_purchased":["Creative AI","Apotheosis"],"campfire_rested":2,"item_purchase_floors":[4,20],"current_hp_per_floor":[53,48,48,48,42,42,6,6,6,5,30,21,21,21,46,21,69,49,49,49,49,23,23,0,0],"gold":47,"neow_bonus":"ONE_RARE_RELIC","is_daily":false,"chose_seed":false,"campfire_upgraded":2,"win_rate":0.0,"timestamp":1611502165,"path_taken":["M","?","M","$","M","R","E","?","T","?","R","M","?","?","R","BOSS","M","?","?","?","?","R","E"],"items_purchased_type":["Card","Card"],"build_version":"2020-12-22","purchased_purges":0,"victory":false,"max_hp_per_floor":[85,85,85,85,85,85,85,85,85,85,85,85,85,85,85,85,85,85,85,85,85,85,85,85,85],"relic_stats":{"counters":[10,46],"Turnip":[1],"War Paint":["Dualcast","BootSequence"],"Cursed Key":0,"obtain_stats":[{"Potion Belt":14,"HornCleat":7,"Matryoshka":9,"Mango":0,"Turnip":2,"War Paint":14,"Cracked Core":0,"Cursed Key":17},{"Potion Belt":6,"HornCleat":4,"Matryoshka":4,"Mango":0,"Turnip":1,"War Paint":6,"Cracked Core":0,"Cursed Key":7},{"Potion Belt":22,"HornCleat":13,"Matryoshka":13,"Mango":0,"Turnip":3,"War Paint":22,"Cracked Core":0,"Cursed Key":33}]},"card_choices":[{"not_picked":["White Noise","Streamline"],"picked":"Reinforced Body","floor":1},{"not_picked":["Beam Cell","Melter"],"picked":"Lockon","floor":3},{"not_picked":["Rebound","Beam Cell"],"picked":"Conserve Battery","floor":5},{"not_picked":["Gash","Fusion"],"picked":"Doom and Gloom","floor":7},{"not_picked":["Loop","Turbo"],"picked":"Chill","floor":10},{"not_picked":["Reinforced Body","Streamline"],"picked":"BootSequence","floor":12},{"not_picked":["Fission","Reboot"],"picked":"Seek","floor":16},{"not_picked":["Tempest+1","Stack"],"picked":"Undo","floor":18},{"not_picked":["Turbo","Tempest"],"picked":"Self Repair","floor":22}],"player_experience":1354706,"relics_obtained":[{"floor":7,"key":"HornCleat"},{"floor":9,"key":"Matryoshka"},{"floor":14,"key":"War Paint"},{"floor":14,"key":"Potion Belt"}],"event_choices":[{"damage_healed":0,"gold_gain":0,"player_choice":"Success","damage_taken":5,"relics_obtained":["Turnip"],"max_hp_gain":0,"max_hp_loss":0,"event_name":"Scrap Ooze","floor":2,"gold_loss":0},{"damage_healed":0,"gold_gain":0,"cards_transformed":["Strike_B"],"player_choice":"Transformed","damage_taken":0,"max_hp_gain":0,"max_hp_loss":0,"event_name":"Transmorgrifier","floor":8,"gold_loss":0,"cards_obtained":["Echo Form"]},{"damage_healed":0,"gold_gain":0,"player_choice":"Grow","damage_taken":0,"max_hp_gain":0,"max_hp_loss":0,"event_name":"Living Wall","floor":13,"gold_loss":0,"cards_upgraded":["Doom and Gloom"]},{"cards_removed":["Strike_B"],"damage_healed":0,"gold_gain":0,"player_choice":"Offered Basic","damage_taken":0,"max_hp_gain":0,"max_hp_loss":0,"event_name":"Bonfire Elementals","floor":19,"gold_loss":0},{"damage_healed":0,"gold_gain":0,"player_choice":"0 cards matched","damage_taken":0,"max_hp_gain":0,"max_hp_loss":0,"event_name":"Match and Keep!","floor":21,"gold_loss":0,"cards_obtained":[]}],"is_beta":false,"boss_relics":[{"not_picked":["Calling Bell","Inserter"],"picked":"Cursed Key"}],"items_purged_floors":[],"is_endless":false,"potions_floor_spawned":[1,12,16,18],"killed_by":"Slavers","ascension_level":20}}