{"host":"7sqhl7p0q0irnjd4","time":1611531714,"event":{"mods":["AchievementEnabler","BaseMod","Bestiary","Colored Map","Colored Powertips","Filter the Spire","Minty Spire (QoL Compilation)","Relic Stats","everything is the same but u backflip on backflip","ojb\u0027s Info Mod"],"gold_per_floor":[113,133,151,151,162,188,153,215,215,215,230,268,268,23,23,133,160,207,306,351,276,105,105,127,152,152],"floor_reached":25,"language":"ENG","playtime":1952,"items_purged":["Defend_P","Bite"],"score":257,"play_id":"98346de6-d144-4d5c-aa3f-4a92f605ec73","local_time":"20210124184154","is_ascension_mode":true,"campfire_choices":[{"floor":10,"key":"REST"},{"data":"ThirdEye","floor":13,"key":"SMITH"},{"data":"HandOfGreed","floor":15,"key":"SMITH"},{"data":"Eruption","floor":23,"key":"SMITH"}],"circlet_count":0,"master_deck":["Defend_P","Defend_P","Eruption+1","Vigilance","ThirdEye+1","FlurryOfBlows","BattleHymn","Meditate+1","WreathOfFlame","FearNoEvil","EmptyFist","HandOfGreed+1","LessonLearned","MentalFortress+1","Pray+1","CrushJoints+1","CutThroughFate","Bite","Bite","Bite","SashWhip+1"],"relics":["VioletLotus","Ancient Tea Set","Kunai","CeramicFish","Omamori","Astrolabe"],"acts_visited":["Exordium","TheCity"],"potions_floor_usage":[6,6,8,16,25,25],"damage_taken":[{"damage":12,"enemies":"2 Louse","floor":1,"turns":4},{"damage":4,"enemies":"Jaw Worm","floor":2,"turns":3},{"damage":11,"enemies":"Small Slimes","floor":3,"turns":6},{"damage":4,"enemies":"Blue Slaver","floor":5,"turns":5},{"damage":16,"enemies":"3 Sentries","floor":6,"turns":5},{"damage":19,"enemies":"Lagavulin Event","floor":8,"turns":5},{"damage":6,"enemies":"Red Slaver","floor":11,"turns":2},{"damage":0,"enemies":"Lagavulin","floor":12,"turns":4},{"damage":34,"enemies":"Hexaghost","floor":16,"turns":5},{"damage":22,"enemies":"Shell Parasite","floor":18,"turns":4},{"damage":33,"enemies":"Spheric Guardian","floor":24,"turns":5},{"damage":32,"enemies":"3 Cultists","floor":25,"turns":5}],"seed_played":"-4449495521188780512","potions_obtained":[{"floor":1,"key":"Strength Potion"},{"floor":2,"key":"SteroidPotion"},{"floor":3,"key":"PowerPotion"},{"floor":11,"key":"Strength Potion"},{"floor":16,"key":"StancePotion"}],"is_trial":false,"path_per_floor":["M","M","M","?","M","E","?","?","T","R","M","E","R","$","R","B",null,"M","?","?","?","$","R","M","M"],"character_chosen":"WATCHER","items_purchased":["HandOfGreed","DuplicationPotion"],"campfire_rested":1,"item_purchase_floors":[14,22],"current_hp_per_floor":[60,56,45,45,41,25,43,24,24,45,39,39,39,39,39,5,72,50,50,50,50,50,50,19,0,0],"gold":152,"neow_bonus":"BOSS_RELIC","is_daily":false,"chose_seed":false,"campfire_upgraded":3,"win_rate":0.0,"timestamp":1611531714,"path_taken":["M","M","M","?","M","E","?","?","T","R","M","E","R","$","R","BOSS","M","?","?","?","?","R","M","M"],"items_purchased_type":["Card","Potion"],"build_version":"2020-12-22","purchased_purges":2,"victory":false,"max_hp_per_floor":[72,72,72,72,72,72,72,72,72,72,72,72,72,72,72,72,72,72,72,50,50,50,50,50,50,50],"relic_stats":{"counters":[12,53],"CeramicFish":117,"Astrolabe":["MentalFortress","Pray","CrushJoints"],"VioletLotus":[12],"Kunai":[13],"obtain_stats":[{"CeramicFish":9,"Astrolabe":17,"VioletLotus":0,"Omamori":12,"Kunai":8,"PureWater":0,"Ancient Tea Set":6},{"CeramicFish":6,"Astrolabe":9,"VioletLotus":0,"Omamori":8,"Kunai":5,"PureWater":0,"Ancient Tea Set":5},{"CeramicFish":28,"Astrolabe":39,"VioletLotus":0,"Omamori":34,"Kunai":23,"PureWater":0,"Ancient Tea Set":23}]},"card_choices":[{"not_picked":["EmptyMind","Swivel"],"picked":"ThirdEye","floor":1},{"not_picked":["Sanctity","EmptyBody"],"picked":"FlurryOfBlows","floor":2},{"not_picked":["SashWhip","JustLucky"],"picked":"BattleHymn","floor":3},{"not_picked":["ThirdEye","WheelKick"],"picked":"Meditate","floor":5},{"not_picked":["Swivel","ThirdEye"],"picked":"WreathOfFlame","floor":6},{"not_picked":["CrushJoints","SignatureMove"],"picked":"FearNoEvil","floor":8},{"not_picked":["Protect","ClearTheMind","PathToVictory"],"picked":"SKIP","floor":11},{"not_picked":["Weave","ClearTheMind"],"picked":"EmptyFist","floor":12},{"not_picked":["DevaForm","ConjureBlade"],"picked":"LessonLearned","floor":16},{"not_picked":["Crescendo+1","Nirvana"],"picked":"CutThroughFate","floor":18},{"not_picked":["BowlingBash+1","JustLucky"],"picked":"SashWhip+1","floor":24}],"player_experience":336465,"relics_obtained":[{"floor":6,"key":"Ancient Tea Set"},{"floor":9,"key":"CeramicFish"},{"floor":12,"key":"Omamori"}],"event_choices":[{"damage_healed":0,"gold_gain":0,"player_choice":"Ignored","damage_taken":0,"max_hp_gain":0,"max_hp_loss":0,"event_name":"Liars Game","floor":4,"gold_loss":0},{"damage_healed":18,"gold_gain":0,"player_choice":"Healed","damage_taken":0,"max_hp_gain":0,"max_hp_loss":0,"event_name":"The Cleric","floor":7,"gold_loss":35},{"damage_healed":0,"gold_gain":0,"player_choice":"Searched \u00273\u0027 times","damage_taken":0,"relics_obtained":["Kunai"],"max_hp_gain":0,"max_hp_loss":0,"event_name":"Dead Adventurer","floor":8,"gold_loss":0},{"damage_healed":0,"gold_gain":99,"player_choice":"Stole From Cult","damage_taken":0,"max_hp_gain":0,"max_hp_loss":0,"event_name":"Nest","floor":19,"gold_loss":0},{"damage_healed":0,"gold_gain":0,"player_choice":"Became a vampire","damage_taken":0,"max_hp_gain":0,"max_hp_loss":22,"event_name":"Vampires","floor":20,"gold_loss":0,"cards_obtained":["Bite","Bite","Bite","Bite","Bite"]},{"cards_removed":["Bite"],"damage_healed":0,"gold_gain":0,"player_choice":"Gave Gold","damage_taken":0,"max_hp_gain":0,"max_hp_loss":0,"event_name":"Beggar","floor":21,"gold_loss":75}],"is_beta":false,"boss_relics":[{"not_picked":["SlaversCollar","Velvet Choker"],"picked":"Astrolabe"}],"items_purged_floors":[14,22],"is_endless":false,"potions_floor_spawned":[1,2,3,11,16],"killed_by":"3 Cultists","ascension_level":2}}