{"host":"x4d6lk1isuf99bn5","time":1611476407,"event":{"mods":["ATMod(∞¢Ë™Mod)","Act Like it!","Alarm Clock","BaseMod","Challenge The Spire","Colored Powertips","Defuse TimeMaze Blight","Energized Spire","Gensokyo","Marisa£®ÏF”Í°°ƒß¿Ì…≥£©","Minty Spire (QoL Compilation)","Quick Restart","Reimu£®≤©¿ˆ¡È√Œ£©","Remilia£®¿Ÿ√◊¿Ú—«£©","Replay The Spire","Shop Mod","StSLib","The Bladedancer","The Marked","Yakumo Yukari mod","°æ“≈ŒÔø®≈∆°øREMEMod","ÛÙª÷∏ƒœ"],"gold_per_floor":[144,144,144,144,204,204,204],"floor_reached":6,"language":"ZHS","playtime":210,"items_purged":[],"score":34,"play_id":"5ca18950-f6cf-48ce-90fb-6fd748b39c6d","local_time":"20210124162007","daily_mods":["Vintage","Heirloom","Flight","Elite Swarm","Midas","challengethespire:Platinum Difficulty"],"is_ascension_mode":false,"campfire_choices":[],"circlet_count":0,"master_deck":["Strike_Lin:ReiMu","Strike_Lin:ReiMu","Strike_Lin:ReiMu","Strike_Lin:ReiMu+1","Defend_Lin:ReiMu","Defend_Lin:ReiMu","Defend_Lin:ReiMu+1","Defend_Lin:ReiMu","NB:ReiMu+1","Stagnation:ReiMu","Gensokyo:HouraiInAPot","RainPray2:ReiMu"],"relics":["FlyPower:ReiMu","AT_ATBox","REME_ComplimentaryCards","AT_Kusabimaru","BodyOfKamiR:ReiMu","Blue Doll"],"acts_visited":["Exordium"],"potions_floor_usage":[],"damage_taken":[{"damage":7,"enemies":"Jaw Worm","floor":1,"turns":5},{"damage":0,"enemies":"2 Louse","floor":5,"turns":4},{"damage":37,"enemies":"Gremlin Nob","floor":6,"turns":6}],"seed_played":"7906776655562070854","potions_obtained":[{"floor":5,"key":"Swift Potion"}],"is_trial":true,"path_per_floor":["M","?","?","?","M","E"],"character_chosen":"REIMU","items_purchased":[],"campfire_rested":0,"item_purchase_floors":[],"current_hp_per_floor":[58,58,45,45,45,8,8],"gold":204,"neow_bonus":"","is_daily":false,"chose_seed":false,"campfire_upgraded":0,"win_rate":0.0,"timestamp":1611476407,"path_taken":["M","?","?","?","M","E"],"items_purchased_type":[],"build_version":"2020-12-22","purchased_purges":0,"victory":false,"max_hp_per_floor":[65,65,65,65,65,65,65],"card_choices":[],"player_experience":95703,"relics_obtained":[{"floor":1,"key":"BodyOfKamiR:ReiMu"},{"floor":5,"key":"Blue Doll"}],"event_choices":[{"damage_healed":0,"gold_gain":0,"player_choice":"Entered Light","damage_taken":13,"max_hp_gain":0,"max_hp_loss":0,"event_name":"Shining Light","floor":3,"gold_loss":0,"cards_upgraded":["Strike_Lin:ReiMu","NB:ReiMu"]},{"damage_healed":0,"gold_gain":0,"player_choice":"1 cards matched","damage_taken":0,"max_hp_gain":0,"max_hp_loss":0,"event_name":"Match and Keep!","floor":4,"gold_loss":0,"cards_obtained":["RainPray2:ReiMu"]}],"is_beta":false,"boss_relics":[],"items_purged_floors":[],"is_endless":true,"potions_floor_spawned":[5],"killed_by":"Gremlin Nob","ascension_level":0}}