{"host":"ydg0vn0pu4pubmdt","time":1611490940,"event":{"mods":["AchievementEnabler","BaseMod","Colored Map","Gold Saver","Minty Spire (QoL Compilation)","Quick Restart","SuperFastMode"],"gold_per_floor":[116,116,130,55,55,82,95,95,95,95,126,26,40,67,67,146,146,157,32,47,73,73,73,104,116,164,14,14,31,59,74,74,146,146,159,159,171,171,94,94,119,119,171,171,186,196,211,230,230,230],"floor_reached":51,"language":"KOR","playtime":1485,"items_purged":["Strike_B","Strike_B","Strike_B","Defend_B"],"score":1274,"play_id":"67c9662f-93bd-47f4-bc87-f6730eeffb36","local_time":"20210124212220","is_ascension_mode":true,"campfire_choices":[{"data":"Hyperbeam","floor":8.0,"key":"SMITH"},{"data":"Darkness","floor":15.0,"key":"SMITH"},{"data":"Buffer","floor":23.0,"key":"SMITH"},{"floor":32.0,"key":"REST"},{"data":"Reboot","floor":40.0,"key":"SMITH"},{"data":"Heatsinks","floor":42.0,"key":"SMITH"},{"data":"Rainbow","floor":49.0,"key":"SMITH"}],"circlet_count":0,"master_deck":["AscendersBane","Strike_B","Defend_B","Defend_B","Defend_B","Dualcast","Darkness+1","Compile Driver","Redo","Buffer+1","Conserve Battery","Reboot+1","Hologram","Self Repair","Hologram","Creative AI","Heatsinks+1","Undo","Rainbow+1","Undo","Electrodynamics","Storm"],"relics":["Cracked Core","NeowsBlessing","White Beast Statue","Shuriken","Bird Faced Urn","Anchor","Snecko Eye","Red Mask","Unceasing Top","Akabeko","Peace Pipe","Inserter","Ancient Tea Set","Centennial Puzzle","Oddly Smooth Stone"],"acts_visited":["Exordium","TheCity","TheBeyond"],"potions_floor_usage":[50],"damage_taken":[{"damage":0.0,"enemies":"Jaw Worm","floor":1.0,"turns":1.0},{"damage":0.0,"enemies":"2 Louse","floor":3.0,"turns":1.0},{"damage":0.0,"enemies":"Lagavulin","floor":6.0,"turns":1.0},{"damage":5.0,"enemies":"Small Slimes","floor":7.0,"turns":3.0},{"damage":28.0,"enemies":"Gremlin Nob","floor":11.0,"turns":4.0},{"damage":0.0,"enemies":"Exordium Wildlife","floor":13.0,"turns":2.0},{"damage":8.0,"enemies":"Lagavulin","floor":14.0,"turns":6.0},{"damage":31.0,"enemies":"The Guardian","floor":16.0,"turns":9.0},{"damage":7.0,"enemies":"2 Thieves","floor":18.0,"turns":2.0},{"damage":0.0,"enemies":"Spheric Guardian","floor":20.0,"turns":2.0},{"damage":0.0,"enemies":"Masked Bandits","floor":21.0,"turns":2.0},{"damage":14.0,"enemies":"Gremlin Leader","floor":24.0,"turns":6.0},{"damage":0.0,"enemies":"Snecko","floor":25.0,"turns":4.0},{"damage":0.0,"enemies":"Centurion and Healer","floor":29.0,"turns":2.0},{"damage":29.0,"enemies":"Book of Stabbing","floor":30.0,"turns":5.0},{"damage":0.0,"enemies":"3 Cultists","floor":31.0,"turns":2.0},{"damage":76.0,"enemies":"Automaton","floor":33.0,"turns":11.0},{"damage":46.0,"enemies":"3 Darklings","floor":35.0,"turns":3.0},{"damage":0.0,"enemies":"3 Shapes","floor":37.0,"turns":5.0},{"damage":0.0,"enemies":"Maw","floor":45.0,"turns":8.0},{"damage":25.0,"enemies":"Spire Growth","floor":46.0,"turns":5.0},{"damage":20.0,"enemies":"4 Shapes","floor":47.0,"turns":3.0},{"damage":12.0,"enemies":"3 Darklings","floor":48.0,"turns":4.0},{"damage":97,"enemies":"Donu and Deca","floor":50,"turns":8}],"seed_played":"-8795279754873934153","potions_obtained":[{"floor":3.0,"key":"DistilledChaos"},{"floor":7.0,"key":"BlessingOfTheForge"},{"floor":14.0,"key":"Weak Potion"},{"floor":16.0,"key":"DistilledChaos"},{"floor":24.0,"key":"Ancient Potion"},{"floor":25.0,"key":"FairyPotion"},{"floor":30.0,"key":"FairyPotion"},{"floor":33.0,"key":"Fire Potion"},{"floor":45.0,"key":"PowerPotion"},{"floor":46.0,"key":"BlessingOfTheForge"},{"floor":48.0,"key":"LiquidMemories"}],"is_trial":false,"path_per_floor":["M","?","M","$","?","E","M","R","T","?","E","$","M","E","R","B",null,"M","$","M","?","?","R","E","M","T","$","?","M","E","M","R","B",null,"M","?","M","?","$","R","T","R","T","?","M","M","M","M","R","B",null],"character_chosen":"DEFECT","items_purchased":["Storm"],"campfire_rested":1,"item_purchase_floors":[39],"current_hp_per_floor":[64,69,69,69,69,69,64,64,64,64,36,36,38,32,32,3,58,51,51,51,51,51,51,39,50,50,50,50,50,23,29,51,29,64,35,35,56,56,56,56,56,56,56,56,76,64,63,72,72,29],"gold":230,"neow_bonus":"THREE_ENEMY_KILL","is_daily":false,"chose_seed":false,"campfire_upgraded":6,"win_rate":0.0,"timestamp":1611490940,"path_taken":["M","?","M","$","?","E","M","R","T","?","E","?","M","E","R","BOSS","M","$","M","?","?","R","E","M","T","?","?","?","E","M","R","BOSS","M","?","?","?","$","R","?","R","T","?","M","M","M","M","R","BOSS"],"items_purchased_type":["Card"],"build_version":"2020-12-22","purchased_purges":4,"victory":true,"max_hp_per_floor":[71,76,76,76,76,76,76,76,76,76,76,76,76,76,76,76,76,76,76,76,76,76,76,76,76,76,76,76,76,76,76,76,76,76,76,76,76,76,76,76,76,76,76,76,76,76,76,76,76,76],"card_choices":[{"not_picked":["Leap","Turbo"],"picked":"Darkness","floor":1.0},{"not_picked":["Ball Lightning","Storm"],"picked":"Compile Driver","floor":3.0},{"not_picked":["Beam Cell","Double Energy"],"picked":"Redo","floor":6.0},{"not_picked":["Undo","Defragment"],"picked":"Hyperbeam","floor":7.0},{"not_picked":["Streamline","Barrage"],"picked":"Buffer","floor":11.0},{"not_picked":["FTL","Coolheaded"],"picked":"Conserve Battery","floor":13.0},{"not_picked":["Cold Snap","Compile Driver","Coolheaded"],"picked":"SKIP","floor":14.0},{"not_picked":["Seek","All For One"],"picked":"Reboot","floor":16.0},{"not_picked":["Conserve Battery","Compile Driver"],"picked":"Hologram","floor":18.0},{"not_picked":["White Noise+1","Storm","Sweeping Beam"],"picked":"SKIP","floor":20.0},{"not_picked":["Glacier","Coolheaded"],"picked":"Self Repair","floor":24.0},{"not_picked":["Sweeping Beam","Cold Snap"],"picked":"Hologram","floor":25.0},{"not_picked":["Stack","Steam"],"picked":"Creative AI","floor":29.0},{"not_picked":["Thunder Strike","Stack"],"picked":"Heatsinks","floor":30.0},{"not_picked":["Force Field+1","Hello World"],"picked":"Undo","floor":31.0},{"not_picked":["Machine Learning","All For One"],"picked":"Rainbow","floor":33.0},{"not_picked":["Double Energy","Chaos"],"picked":"Undo","floor":35.0},{"not_picked":["Sweeping Beam","Compile Driver","Conserve Battery"],"picked":"SKIP","floor":37.0},{"not_picked":["Recycle","Barrage","Force Field"],"picked":"SKIP","floor":45.0},{"not_picked":["Go for the Eyes","Rip and Tear","Reprogram"],"picked":"SKIP","floor":46.0},{"not_picked":["Hologram","Gash","Biased Cognition"],"picked":"SKIP","floor":47.0},{"not_picked":["Reprogram","Stack+1","Gash"],"picked":"SKIP","floor":48.0}],"player_experience":576556,"relics_obtained":[{"floor":6.0,"key":"White Beast Statue"},{"floor":9.0,"key":"Shuriken"},{"floor":11.0,"key":"Bird Faced Urn"},{"floor":14.0,"key":"Anchor"},{"floor":21.0,"key":"Red Mask"},{"floor":24.0,"key":"Unceasing Top"},{"floor":26.0,"key":"Akabeko"},{"floor":30.0,"key":"Peace Pipe"},{"floor":41.0,"key":"Ancient Tea Set"},{"floor":43.0,"key":"Centennial Puzzle"}],"event_choices":[{"damage_healed":0.0,"max_hp_gain":5.0,"max_hp_loss":0.0,"gold_gain":0.0,"event_name":"Big Fish","player_choice":"Donut","floor":2.0,"gold_loss":0.0,"damage_taken":0.0},{"damage_healed":0.0,"max_hp_gain":0.0,"max_hp_loss":0.0,"gold_gain":0.0,"event_name":"The Cleric","player_choice":"Leave","floor":5.0,"gold_loss":0.0,"damage_taken":0.0},{"damage_healed":0.0,"max_hp_gain":0.0,"max_hp_loss":0.0,"gold_gain":0.0,"event_name":"Liars Game","player_choice":"Ignored","floor":10.0,"gold_loss":0.0,"damage_taken":0.0},{"damage_healed":0.0,"max_hp_gain":0.0,"max_hp_loss":0.0,"gold_gain":0.0,"event_name":"Masked Bandits","player_choice":"Fought Bandits","floor":21.0,"gold_loss":0.0,"damage_taken":0.0},{"cards_removed":["Zap"],"damage_healed":0.0,"max_hp_gain":0.0,"max_hp_loss":0.0,"gold_gain":0.0,"event_name":"Bonfire Elementals","player_choice":"Offered Basic","floor":28.0,"gold_loss":0.0,"damage_taken":0.0},{"damage_healed":0.0,"max_hp_gain":0.0,"max_hp_loss":0.0,"gold_gain":0.0,"event_name":"Match and Keep!","player_choice":"1 cards matched","floor":36.0,"gold_loss":0.0,"damage_taken":0.0,"cards_obtained":["Electrodynamics"]},{"cards_removed":["Hyperbeam"],"damage_healed":0.0,"max_hp_gain":0.0,"max_hp_loss":0.0,"gold_gain":0.0,"event_name":"Falling","player_choice":"Removed Attack","floor":38.0,"gold_loss":0.0,"damage_taken":0.0},{"damage_healed":0.0,"max_hp_gain":0.0,"max_hp_loss":0.0,"gold_gain":0.0,"event_name":"WeMeetAgain","player_choice":"Gave Potion","floor":44.0,"gold_loss":0.0,"damage_taken":0.0,"relics_obtained":["Oddly Smooth Stone"]}],"is_beta":false,"boss_relics":[{"not_picked":["Velvet Choker","Ectoplasm"],"picked":"Snecko Eye"},{"not_picked":["Calling Bell","Black Star"],"picked":"Inserter"}],"items_purged_floors":[4,12,19,27],"is_endless":false,"potions_floor_spawned":[3,7,11,13,14,16,18,20,21,24,25,29,30,31,33,35,37,45,46,47,48],"ascension_level":16}}