{"host":"f5n4tidiz2n5sooh","time":1611491276,"event":{"mods":["BaseMod","Colored Map","Minty Spire (QoL Compilation)","Relic Stats","Slay the Relics Exporter","StSLib"],"gold_per_floor":[119,130,130,145,145,180,1,1,1],"floor_reached":8,"language":"ENG","playtime":193,"items_purged":[],"score":112,"play_id":"6b52a40e-2a03-4608-80fb-e50ca5bb04ea","local_time":"20210124062756","is_ascension_mode":true,"campfire_choices":[],"circlet_count":0,"master_deck":["AscendersBane","Strike_R","Strike_R","Strike_R","Strike_R","Defend_R","Defend_R","Defend_R","Defend_R","Bash","Thunderclap","Power Through","Clothesline","Brutality","Anger","Wild Strike"],"relics":["Black Star","Pen Nib","Boot","Membership Card"],"acts_visited":["Exordium"],"potions_floor_usage":[6,8],"damage_taken":[{"damage":6,"enemies":"Cultist","floor":1,"turns":3},{"damage":11,"enemies":"2 Louse","floor":2,"turns":4},{"damage":14,"enemies":"Small Slimes","floor":4,"turns":4},{"damage":25,"enemies":"Gremlin Nob","floor":6,"turns":4},{"damage":20,"enemies":"3 Sentries","floor":8,"turns":3}],"seed_played":"6222083521131817667","potions_obtained":[{"floor":2,"key":"LiquidBronze"},{"floor":4,"key":"FearPotion"}],"is_trial":false,"path_per_floor":["M","M","?","M","?","E","$","E"],"character_chosen":"IRONCLAD","items_purchased":["Membership Card","Wild Strike"],"campfire_rested":0,"item_purchase_floors":[7,7],"current_hp_per_floor":[62,51,51,37,37,12,12,0,0],"gold":1,"neow_bonus":"BOSS_RELIC","is_daily":false,"chose_seed":false,"campfire_upgraded":0,"win_rate":0.0,"timestamp":1611491276,"path_taken":["M","M","?","M","?","E","$","E"],"items_purchased_type":["Relic","Card"],"build_version":"2020-12-22","purchased_purges":0,"victory":false,"max_hp_per_floor":[75,75,75,75,75,75,75,75,75],"relic_stats":{"counters":[5,18],"Pen Nib":[0],"Black Star":1,"Boot":[3],"obtain_stats":[{"Pen Nib":6,"Black Star":0,"Membership Card":7,"Boot":6,"Burning Blood":0},{"Pen Nib":4,"Black Star":0,"Membership Card":4,"Boot":4,"Burning Blood":0},{"Pen Nib":15,"Black Star":0,"Membership Card":15,"Boot":15,"Burning Blood":0}]},"card_choices":[{"not_picked":["Cleave","Second Wind"],"picked":"Thunderclap","floor":1},{"not_picked":["Flex","Armaments"],"picked":"Power Through","floor":2},{"not_picked":["Fire Breathing","Heavy Blade"],"picked":"Clothesline","floor":4},{"not_picked":["Dropkick","Disarm"],"picked":"Anger","floor":6}],"player_experience":2024453,"relics_obtained":[{"floor":6,"key":"Pen Nib"},{"floor":6,"key":"Boot"}],"event_choices":[{"damage_healed":0,"gold_gain":0,"player_choice":"Ignored","damage_taken":0,"max_hp_gain":0,"max_hp_loss":0,"event_name":"Liars Game","floor":3,"gold_loss":0},{"damage_healed":0,"gold_gain":0,"cards_transformed":["Strike_R"],"player_choice":"Change","damage_taken":0,"max_hp_gain":0,"max_hp_loss":0,"event_name":"Living Wall","floor":5,"gold_loss":0,"cards_obtained":["Brutality"]}],"is_beta":false,"boss_relics":[],"items_purged_floors":[],"is_endless":false,"potions_floor_spawned":[2,4],"killed_by":"3 Sentries","ascension_level":20}}