{"host":"rs1c3lkx7vj3kohb","time":1611495336,"event":{"mods":["Act Like it!","BaseMod","BetterRewards","Chen","Colored Map","Colored Powertips","Downfall","Friendly Minions","Gensokyo","Gremlin Mod","Hermit","Hero for Fun","KinomotoSakuraMod(木之本樱)","Koishi","KomeijiMod","Luminous","Marisa（F雨　魔理沙）","Minty Spire (QoL Compilation)","Onozuka Komachi Mod","Prisma Mod","Quick Restart","Reimu（博丽灵梦）","Remilia（蕾米莉亚）","SOS（斯巴达之子）","Shop Mod","StSLib","The Administrix","The Alterego","The Cursed","The Senshi","The Servant 0.9.4","Waifu the Spire","WarShipGirlsR/战舰少女R mod","Yakumo Yukari mod","Yohane!","Youmu（魂魄妖梦）","Yuri Mod","Yuyuko"],"gold_per_floor":[111,111,130,30,49,80,80,96,143,171,171,197,220,253,253,356,356,376,253,253,326,276,276,291,291,361,395,417,18,30,69,81,196,208,237,268,280,292,304,349,371,399,411,423,435,767,792,714,726,738],"floor_reached":51,"language":"ZHS","playtime":4207,"items_purged":["Gremlin:Strike","Gremlin:Strike"],"score":846,"play_id":"c6f40717-858c-4621-97ef-d42a79c9fd5d","local_time":"20210124213536","is_ascension_mode":false,"campfire_choices":[{"data":"Gremlin:TagTeam","floor":7.0,"key":"SMITH"},{"data":"Gremlin:Kablamo","floor":11.0,"key":"SMITH"},{"data":"Gremlin:Flurry","floor":15.0,"key":"SMITH"},{"data":"Sadistic Nature","floor":23.0,"key":"SMITH"},{"data":"Gremlin:Flurry","floor":25.0,"key":"SMITH"},{"data":"Gremlin:Erupt","floor":49.0,"key":"SMITH"}],"circlet_count":1,"master_deck":["Gremlin:TagTeam+1","Gremlin:GremlinDance","Sadistic Nature+1","Gremlin:CatScratch","Gremlin:RageBreak","Gremlin:FeelTheAudience","Gremlin:CatScratch","Gremlin:Kablamo+1","Gremlin:IrksomeBlow","Gremlin:FlipOut","Gremlin:Flurry+1","Gremlin:Fury","Gremlin:Flurry+1","Gremlin:GlitterGuard","Gremlin:ShankStone","Gremlin:Erupt+1","Gremlin:DaggerDance+1","Gremlin:GlitterGuard","Gremlin:DaggerDance+1","Gensokyo:CustomPotion"],"relics":["Gremlin:GremlinKnob","Circlet","Akabeko","Toy Ornithopter","Peace Pipe","Mummified Hand","Nunchaku","Bronze Scales","PreservedInsect","Tiny Chest","Blood Vial","RedLine:ReiMu","GoodDreamPillow","The Courier","Singing Bowl","MawBank","HandDrill","Toolbox","MealTicket","SlaversCollar","Orichalcum","Ancient Tea Set","yuri:PortableGlitches","Old Coin"],"acts_visited":["Gensokyo:Gensokyo","Gensokyo:Gensokyoer","Gensokyo:Gensokyoest"],"potions_floor_usage":[50,50],"damage_taken":[{"damage":0.0,"enemies":"Gensokyo:2_Kodama","floor":1.0,"turns":3.0},{"damage":0.0,"enemies":"Gensokyo:3_Fairies","floor":3.0,"turns":2.0},{"damage":8.0,"enemies":"Gensokyo:Gryphon","floor":5.0,"turns":3.0},{"damage":26.0,"enemies":"Gensokyo:Mamizou","floor":6.0,"turns":9.0},{"damage":0.0,"enemies":"Gensokyo:Kitsune","floor":8.0,"turns":2.0},{"damage":0.0,"enemies":"Gensokyo:Cirno","floor":10.0,"turns":4.0},{"damage":0.0,"enemies":"Gensokyo:Aya","floor":12.0,"turns":2.0},{"damage":0.0,"enemies":"Gensokyo:Cirno","floor":14.0,"turns":4.0},{"damage":28.0,"enemies":"Gensokyo:Yukari","floor":16.0,"turns":5.0},{"damage":0.0,"enemies":"Gensokyo:Chomper","floor":18.0,"turns":2.0},{"damage":0.0,"enemies":"Gensokyo:AngelMirror","floor":24.0,"turns":1.0},{"damage":0.0,"enemies":"Gensokyo:Koishi","floor":27.0,"turns":2.0},{"damage":20.0,"enemies":"Gensokyo:Wraith","floor":28.0,"turns":2.0},{"damage":26.0,"enemies":"Gensokyo:Eiki","floor":33.0,"turns":5.0},{"damage":0.0,"enemies":"Gensokyo:3_Boulders","floor":35.0,"turns":2.0},{"damage":0.0,"enemies":"Gensokyo:3_Bats","floor":36.0,"turns":1.0},{"damage":42.0,"enemies":"Gensokyo:Marisa","floor":40.0,"turns":2.0},{"damage":0.0,"enemies":"Gensokyo:AtlasGolem","floor":41.0,"turns":2.0},{"damage":0.0,"enemies":"Gensokyo:SeedOfUnknown","floor":42.0,"turns":2.0},{"damage":0.0,"enemies":"Gensokyo:4_Bats","floor":46.0,"turns":1.0},{"damage":0.0,"enemies":"Gensokyo:3_Boulders","floor":47.0,"turns":1.0},{"damage":64,"enemies":"Gensokyo:Scarlet_Devils","floor":50,"turns":7}],"seed_played":"-2832777606806430749","potions_obtained":[{"floor":1.0,"key":"ColorlessPotion"},{"floor":12.0,"key":"EssenceOfSteel"},{"floor":14.0,"key":"Ancient Potion"},{"floor":16.0,"key":"EssenceOfSteel"},{"floor":18.0,"key":"SkillPotion"},{"floor":28.0,"key":"champ:CounterPotion"},{"floor":41.0,"key":"FairyPotion"}],"is_trial":false,"path_per_floor":["M","?","M","$","M","E","R","M","T","E","R","E","T","E","R","B",null,"M","?","?","T","?","R","M","R","T","E","M","COS","$","T","R","B",null,"M","M","?","?","T","E","M","M","T","$","R","M","M","?","R","B",null],"character_chosen":"GREMLIN","items_purchased":["Akabeko","Toy Ornithopter","Sadistic Nature"],"campfire_rested":0,"item_purchase_floors":[0,0,0],"current_hp_per_floor":[20,12,20,20,12,14,14,5,5,5,5,11,11,7,7,9,20,20,20,20,20,22,22,22,22,22,22,23,23,23,23,22,22,22,23,23,23,23,23,7,9,12,12,24,23,24,25,25,25,25],"gold":750,"neow_bonus":"","is_daily":false,"chose_seed":false,"campfire_upgraded":6,"win_rate":0.0,"timestamp":1611495336,"path_taken":["M","?","M","$","M","E","R","M","T","E","R","E","?","E","R","BOSS","M","?","?","?","?","R","?","R","T","E","M","COS","?","?","R","BOSS","M","?","?","?","?","E","M","M","T","$","R","M","?","?","R","BOSS"],"items_purchased_type":["Relic","Relic","Card"],"build_version":"2020-12-22","purchased_purges":2,"victory":true,"max_hp_per_floor":[20,20,20,20,20,20,20,20,20,20,20,20,20,20,20,20,20,20,20,20,20,22,22,22,22,22,22,23,23,23,23,22,22,22,23,23,23,23,23,23,23,24,24,24,23,24,25,25,25,25],"card_choices":[{"not_picked":["Gremlin:GremlinMeal","Gremlin:PourSalt"],"picked":"Gremlin:RageBreak","floor":1.0},{"not_picked":["Gremlin:InfiniteBlocks","Gremlin:Tadah"],"picked":"Gremlin:FeelTheAudience","floor":3.0},{"not_picked":["Gremlin:RageBreak","Gremlin:Rhythm"],"picked":"Gremlin:CatScratch","floor":5.0},{"not_picked":["Gremlin:Polish","Gremlin:Scatter"],"picked":"Gremlin:Kablamo","floor":6.0},{"not_picked":["Gremlin:Revel","Gremlin:Tadah"],"picked":"Gremlin:IrksomeBlow","floor":8.0},{"not_picked":["Gremlin:Changeo","Gremlin:SecondVolley"],"picked":"Gremlin:FlipOut","floor":10.0},{"not_picked":["Gremlin:BubbleBarrier","Gremlin:Pickpocket"],"picked":"Gremlin:Flurry","floor":12.0},{"not_picked":["Gremlin:TwistTheKnife","Gremlin:Patsy","Gremlin:FairyDust"],"picked":"SKIP","floor":14.0},{"not_picked":["Gremlin:SecondVolley","Gremlin:Encore"],"picked":"Gremlin:Fury","floor":16.0},{"not_picked":["Gremlin:Heckle","Gremlin:GremlinArms"],"picked":"Gremlin:Flurry","floor":18.0},{"not_picked":["Gremlin:GremlinArms","Gremlin:PourSalt"],"picked":"Gremlin:GlitterGuard","floor":24.0},{"not_picked":["Gremlin:CongaLine","Gremlin:EdibleArmor"],"picked":"Gremlin:ShankStone","floor":27.0},{"not_picked":["Gremlin:Glimmer","Gremlin:MakeshiftArmor+1","Gremlin:Pretaliation+1"],"picked":"Singing Bowl","floor":28.0},{"not_picked":["Gremlin:Exacerbate","Gremlin:FlipOut"],"picked":"Gremlin:Erupt","floor":33.0},{"not_picked":["Gremlin:Scatter","Gremlin:IrksomeBlow","Gremlin:GremlinArms"],"picked":"Singing Bowl","floor":35.0},{"not_picked":["Gremlin:AggressiveDefense","Gremlin:Scatter"],"picked":"Gremlin:DaggerDance+1","floor":36.0},{"not_picked":["Gremlin:Polish+1","Gremlin:Patsy+1"],"picked":"Gremlin:GlitterGuard","floor":40.0},{"not_picked":["Gremlin:TwistTheKnife+1","Gremlin:CatScratch"],"picked":"Gremlin:DaggerDance+1","floor":41.0},{"not_picked":["Gremlin:Polish+1","Gremlin:GlitterGuard+1","Gremlin:Presto"],"picked":"Singing Bowl","floor":42.0},{"not_picked":["Gremlin:Patsy","Gremlin:TwistTheKnife","Gremlin:Pretaliation"],"picked":"Singing Bowl","floor":46.0},{"not_picked":["Gremlin:FairyDust","Gremlin:Tadah","Gremlin:Jeer"],"picked":"Singing Bowl","floor":47.0}],"player_experience":392935,"relics_obtained":[{"floor":6.0,"key":"Nunchaku"},{"floor":9.0,"key":"Bronze Scales"},{"floor":10.0,"key":"PreservedInsect"},{"floor":12.0,"key":"Tiny Chest"},{"floor":13.0,"key":"Blood Vial"},{"floor":14.0,"key":"Pen Nib"},{"floor":21.0,"key":"The Courier"},{"floor":26.0,"key":"Singing Bowl"},{"floor":27.0,"key":"MawBank"},{"floor":31.0,"key":"MealTicket"},{"floor":40.0,"key":"Ancient Tea Set"},{"floor":43.0,"key":"yuri:PortableGlitches"}],"event_choices":[],"is_beta":false,"boss_relics":[{"not_picked":["Snecko Eye","Tiny House"],"picked":"RedLine:ReiMu"},{"not_picked":["SacredBark","Velvet Choker"],"picked":"SlaversCollar"}],"items_purged_floors":[0,4],"is_endless":false,"potions_floor_spawned":[1,12,14,16,18,28,35,41,47],"ascension_level":0}}