{"host":"Jinnai","time":1611502947,"event":{"mods":["BaseMod","Bestiary","Block Reminder","Colored Map","Colored Powertips","Highlight Path","Minty Spire (QoL Compilation)","Quick Restart","Relic Stats","StSLib"],"gold_per_floor":[114,132,143,143,68,100,100,100,100],"floor_reached":8,"language":"ENG","playtime":343,"items_purged":[],"score":109,"play_id":"22cf07bb-a19c-47a3-8cb6-ba3d7b972f7f","local_time":"20210124104227","is_ascension_mode":true,"campfire_choices":[{"data":"WaveOfTheHand","floor":7,"key":"SMITH"}],"circlet_count":0,"master_deck":["AscendersBane","Strike_P","Strike_P","Strike_P","Defend_P","Defend_P","Defend_P","Eruption","Vigilance","WheelKick","MentalFortress","WaveOfTheHand+1","Sanctity"],"relics":["PureWater","Bronze Scales","Anchor"],"acts_visited":["Exordium"],"potions_floor_usage":[6,8],"damage_taken":[{"damage":4,"enemies":"Small Slimes","floor":1,"turns":4},{"damage":0,"enemies":"2 Louse","floor":2,"turns":2},{"damage":4,"enemies":"Jaw Worm","floor":3,"turns":3},{"damage":7,"enemies":"Lagavulin","floor":6,"turns":6},{"damage":44,"enemies":"3 Sentries","floor":8,"turns":10}],"seed_played":"-8009915434917062210","potions_obtained":[{"floor":2,"key":"BlessingOfTheForge"},{"floor":6,"key":"AttackPotion"}],"is_trial":false,"path_per_floor":["M","M","M","?","?","E","R","E"],"character_chosen":"WATCHER","items_purchased":[],"campfire_rested":0,"item_purchase_floors":[],"current_hp_per_floor":[57,57,53,46,46,39,39,0,0],"gold":100,"neow_bonus":"RANDOM_COMMON_RELIC","is_daily":false,"chose_seed":false,"campfire_upgraded":1,"win_rate":0.0,"timestamp":1611502947,"path_taken":["M","M","M","?","?","E","R","E"],"items_purchased_type":[],"build_version":"2020-12-18","purchased_purges":0,"victory":false,"max_hp_per_floor":[68,68,68,68,68,68,68,68,68],"relic_stats":{"counters":[5,25],"Bronze Scales":[57],"obtain_stats":[{"Anchor":6,"Bronze Scales":0,"PureWater":0},{"Anchor":4,"Bronze Scales":0,"PureWater":0},{"Anchor":15,"Bronze Scales":0,"PureWater":0}]},"card_choices":[{"not_picked":["Evaluate","Prostrate"],"picked":"WheelKick","floor":1},{"not_picked":["PathToVictory","FlyingSleeves"],"picked":"MentalFortress","floor":2},{"not_picked":["EmptyBody","Worship"],"picked":"WaveOfTheHand","floor":3},{"not_picked":["Vengeance","FlyingSleeves"],"picked":"Sanctity","floor":6}],"player_experience":1544611,"relics_obtained":[{"floor":6,"key":"Anchor"}],"event_choices":[{"cards_removed":["Strike_P"],"damage_healed":0,"gold_gain":0,"player_choice":"Card Removal","damage_taken":7,"max_hp_gain":0,"max_hp_loss":0,"event_name":"Golden Wing","floor":4,"gold_loss":0},{"cards_removed":["Defend_P"],"damage_healed":0,"gold_gain":0,"player_choice":"Card Removal","damage_taken":0,"max_hp_gain":0,"max_hp_loss":0,"event_name":"The Cleric","floor":5,"gold_loss":75}],"is_beta":true,"boss_relics":[],"items_purged_floors":[],"is_endless":false,"potions_floor_spawned":[2,6],"killed_by":"3 Sentries","ascension_level":19}}