{"host":"fr3ip57hl52y255p","time":1611491573,"event":{"mods":["Act Like it!","Arknights The Spire","BaseMod","Challenge The Spire","Colored Powertips","Downfall","Good Game Mod","Luminous","Mari Mod (Legacy)","Mari\u0027s V1 Patch","Minty Spire (QoL Compilation)","READ ME - Guardian Mod","Relic Filter Mod","Relic Stats","StSLib","The Hierophant","UnlockEverythingMod","[GremlinLeader]The Maniac"],"gold_per_floor":[99,99,99,99,99,99,99,99,118,151,168,268,268,268,278,278,278,278],"floor_reached":16,"language":"ZHS","playtime":1425,"items_purged":[],"score":96,"play_id":"12be73fc-dba5-4816-b5be-0e0764079cb6","local_time":"20210124203253","is_ascension_mode":false,"campfire_choices":[{"data":"bronze:Goto","floor":1,"key":"SMITH"},{"data":"Guardian:DecasProtection","floor":6,"key":"SMITH"},{"data":"bronze:Deprecate","floor":8,"key":"SMITH"},{"data":"bronze:FineTuning","floor":13,"key":"SMITH"}],"circlet_count":0,"master_deck":["bronze:Strike","bronze:Strike","bronze:Strike","bronze:Defend","bronze:Defend","bronze:Defend","bronze:Replicate","bronze:Goto+1","Guardian:DecasProtection+1","bronze:Deprecate+1","bronze:Repair","bronze:Constructor","bronze:FineTuning+1","bronze:FineTuning+1","bronze:Safeguard","bronze:MaxOutput","Regret"],"relics":["bronze:BronzeCore","REME:ComplimentaryCards","downfall:HeartsMalice","bronze:BottledCode","Eternal Feather","bronze:SilverBullet","Unceasing Top"],"acts_visited":["Exordium"],"potions_floor_usage":[],"damage_taken":[{"damage":0,"enemies":"Jaw Worm","floor":2,"turns":1},{"damage":0,"enemies":"Small Slimes","floor":4,"turns":1},{"damage":0,"enemies":"Cultist","floor":5,"turns":1},{"damage":8,"enemies":"Exordium Wildlife","floor":9,"turns":5},{"damage":25,"enemies":"3 Sentries","floor":10,"turns":12},{"damage":8,"enemies":"Blue Slaver","floor":11,"turns":5},{"damage":10,"enemies":"downfall:Heads","floor":12,"turns":6},{"damage":15,"enemies":"3 Louse","floor":15,"turns":3},{"damage":36,"enemies":"DF_ARCHETYPE_STREAMLINE","floor":16,"turns":9}],"seed_played":"5764447525239876861","potions_obtained":[{"floor":9,"key":"FearPotion"},{"floor":12,"key":"champ:CounterPotion"}],"is_trial":false,"path_per_floor":["R","M","?","M","M","R","T","R","M","E","M","?","R","?","M","B"],"character_chosen":"THE_AUTOMATON","items_purchased":[],"campfire_rested":0,"item_purchase_floors":[],"current_hp_per_floor":[70,70,60,60,60,60,60,60,59,35,34,32,41,41,33,4,4,4],"gold":278,"neow_bonus":"THREE_ENEMY_KILL","is_daily":false,"chose_seed":false,"campfire_upgraded":4,"win_rate":0.0,"timestamp":1611491573,"path_taken":["R","M","?","M","M","R","T","R","M","E","M","?","R","?","M","BOSS"],"items_purchased_type":[],"build_version":"2020-12-22","purchased_purges":0,"victory":false,"max_hp_per_floor":[70,70,60,60,60,60,60,60,60,60,60,60,60,60,60,60,60,60],"relic_stats":{"counters":[9,40],"Eternal Feather":9,"obtain_stats":[{"bronze:BottledCode":3,"REME:ComplimentaryCards":0,"bronze:BronzeCore":0,"downfall:HeartsMalice":0,"Eternal Feather":7,"bronze:SilverBullet":10,"Unceasing Top":14},{"bronze:BottledCode":1,"REME:ComplimentaryCards":0,"bronze:BronzeCore":0,"downfall:HeartsMalice":0,"Eternal Feather":3,"bronze:SilverBullet":5,"Unceasing Top":7},{"bronze:BottledCode":0,"REME:ComplimentaryCards":0,"bronze:BronzeCore":0,"downfall:HeartsMalice":0,"Eternal Feather":0,"bronze:SilverBullet":17,"Unceasing Top":28}],"Unceasing Top":[0]},"card_choices":[{"not_picked":["bronze:Frontload","bronze:BitShift"],"picked":"bronze:Deprecate","floor":2},{"not_picked":["bronze:BronzeArmor","bronze:Overheat"],"picked":"bronze:Repair","floor":4},{"not_picked":["bronze:Invalidate","bronze:BitShift"],"picked":"bronze:Constructor","floor":5},{"not_picked":["bronze:Repair","bronze:ThunderWave"],"picked":"bronze:FineTuning","floor":9},{"not_picked":["bronze:Overheat","bronze:Branch","bronze:Boost"],"picked":"SKIP","floor":10},{"not_picked":["bronze:Deprecate","bronze:Overheat"],"picked":"bronze:FineTuning","floor":11},{"not_picked":["bronze:Constructor","bronze:BitShift"],"picked":"bronze:MaxOutput","floor":12},{"not_picked":["bronze:FineTuning","bronze:BugBarrage","bronze:NullPointer"],"picked":"SKIP","floor":15}],"player_experience":159128,"relics_obtained":[{"floor":7,"key":"Eternal Feather"},{"floor":10,"key":"bronze:SilverBullet"}],"event_choices":[{"damage_healed":0,"gold_gain":0,"player_choice":"Box","damage_taken":0,"relics_obtained":["Unceasing Top"],"max_hp_gain":0,"max_hp_loss":0,"event_name":"Big Fish","floor":14,"gold_loss":0,"cards_obtained":["Regret"]}],"is_beta":false,"boss_relics":[],"items_purged_floors":[],"is_endless":false,"potions_floor_spawned":[9,12],"killed_by":"DF_ARCHETYPE_STREAMLINE","ascension_level":0}}