{"host":"1vfpjvae9xcvmh7u","time":1611472428,"event":{"mods":["BaseMod","Downfall","Hermit","Hubris","Infinite Spire","Jorbs\u0027s Wanderer Trilogy","Minty Spire (QoL Compilation)","StSLib","The Construct","The Cursed","The Marked","The Necromancer","The Runesmith","The Servant 0.9.4"],"gold_per_floor":[99,119,133,133,149,149,175,15,15,28,44,44,44,44,61,158,158,158,172,172,189,207,207,207,226,226,258,276,1,1,13,26,121,121,121,131,142,142,153,483,483,483,483,483,483,483],"floor_reached":44,"language":"ENG","playtime":2636,"items_purged":[],"score":468,"play_id":"439d73bc-864d-458f-9d9c-36443e6ffed1","local_time":"20210123231348","is_ascension_mode":true,"campfire_choices":[{"data":"champ:Execute","floor":1,"key":"SMITH"},{"data":"champ:AdrenalArmor","floor":9,"key":"SMITH"},{"data":"champ:BerserkerStyle","floor":12,"key":"SMITH"},{"data":"champ:TripleStrike","floor":18,"key":"SMITH"},{"data":"champ:CrookedStrike","floor":26,"key":"SMITH"},{"data":"champ:MurderStrike","floor":35,"key":"SMITH"}],"circlet_count":0,"master_deck":["champ:Defend","champ:Defend","champ:Defend","champ:Defend","champ:Execute+1","champ:Taunt+1","champ:StanceDance","champ:CrookedStrike+1","champ:AdrenalArmor+1","champ:FocusedBerserking","champ:BerserkerStyle+1","champ:StanceDance","champ:TripleStrike+1","champ:MurderStrike+1","Bite","Bite","Bite","Bite","Bite","champ:FaceSlap","champ:ArenaPreparation+1","champ:Devastate","champ:HoldFirm+1","expansioncontent:YouAreMine","expansioncontent:PrepareCrush","champ:RageSigil","infinitespire:Gouge"],"relics":["champ:ChampionCrown","hubris:EvacipatedBox","Potion Belt","Happy Flower","hubris:Reverence","Coffee Dripper","Nunchaku","infinitespire:BottledMercury","infinitespire:WardingShard","Blood Vial","Philosopher\u0027s Stone","hubris:BottledRain"],"acts_visited":["Exordium","TheCity","TheBeyond"],"potions_floor_usage":[16,27,27,33],"damage_taken":[{"damage":11,"enemies":"Cultist","floor":2,"turns":4},{"damage":10,"enemies":"infinitespire:Voidling","floor":3,"turns":3},{"damage":12,"enemies":"Small Slimes","floor":5,"turns":4},{"damage":30,"enemies":"downfall:FleeingMerchant","floor":8,"turns":4},{"damage":21,"enemies":"3 Louse","floor":10,"turns":3},{"damage":41,"enemies":"Large Slime","floor":11,"turns":5},{"damage":39,"enemies":"2 Fungi Beasts","floor":15,"turns":4},{"damage":80,"enemies":"WA_ARCHETYPE_RETAIN","floor":16,"turns":7},{"damage":52,"enemies":"Shell Parasite","floor":19,"turns":3},{"damage":71,"enemies":"Chosen","floor":21,"turns":3},{"damage":37,"enemies":"Snake Plant","floor":22,"turns":4},{"damage":45,"enemies":"Snecko","floor":25,"turns":4},{"damage":43,"enemies":"Book of Stabbing","floor":27,"turns":3},{"damage":30,"enemies":"Centurion and Healer","floor":28,"turns":5},{"damage":43,"enemies":"downfall:FleeingMerchant","floor":29,"turns":4},{"damage":44,"enemies":"3 Cultists","floor":31,"turns":4},{"damage":17,"enemies":"Sentry and Sphere","floor":32,"turns":2},{"damage":92,"enemies":"SI_MIRROR_ARCHETYPE","floor":33,"turns":6},{"damage":78,"enemies":"3 Shapes","floor":36,"turns":4},{"damage":66,"enemies":"3 Darklings","floor":37,"turns":6},{"damage":89,"enemies":"Maw","floor":39,"turns":5},{"damage":31,"enemies":"downfall:FleeingMerchant","floor":40,"turns":4},{"damage":29,"enemies":"4 Shapes","floor":44,"turns":1}],"seed_played":"2490579848358233539","potions_obtained":[{"floor":10,"key":"bronze:BurnAndBuffPotion"},{"floor":11,"key":"PowerPotion"},{"floor":25,"key":"Dexterity Potion"},{"floor":31,"key":"Ancient Potion"},{"floor":32,"key":"champ:CounterPotion"},{"floor":36,"key":"Dexterity Potion"}],"is_trial":false,"path_per_floor":["R","M","M","?","M","$","T","$","R","M","M","R","?","?","M","B",null,"R","M","?","M","M","?","T","M","R","E","M","$","T","M","M","B",null,"R","M","M","?","M","$","T","?","?","M"],"character_chosen":"THE_CHAMP","items_purchased":["hubris:EvacipatedBox","Happy Flower","infinitespire:WardingShard"],"campfire_rested":0,"item_purchase_floors":[6,8,29],"current_hp_per_floor":[90,89,89,89,87,68,68,68,68,68,68,68,68,68,67,46,90,90,90,90,85,69,62,62,43,43,41,46,49,49,53,61,61,62,62,62,42,37,22,25,25,10,10,0,0,0],"gold":483,"neow_bonus":"UPGRADE_CARD","is_daily":false,"chose_seed":false,"campfire_upgraded":6,"win_rate":0.0,"timestamp":1611472428,"path_taken":["R","M","M","?","M","?","T","$","R","M","M","R","?","?","M","BOSS","R","M","?","M","M","?","T","?","R","E","M","$","?","M","M","BOSS","R","M","M","?","M","$","T","?","?","?"],"items_purchased_type":["Relic","Relic","Relic"],"build_version":"2020-12-22","purchased_purges":0,"victory":false,"max_hp_per_floor":[90,90,90,90,90,90,90,90,90,90,90,90,90,90,90,90,90,90,90,90,90,90,62,62,62,62,62,62,62,62,62,62,62,62,62,62,62,62,62,62,62,62,62,62,62,62],"card_choices":[{"not_picked":["champ:Haymaker","champ:DefensiveShout"],"picked":"champ:StanceDance","floor":2},{"not_picked":["champ:RecklessLeap","champ:AdrenalArmor"],"picked":"champ:CrookedStrike","floor":3},{"not_picked":["champ:BladeFlurry","champ:PerfectedStrike"],"picked":"champ:FocusedBerserking","floor":5},{"not_picked":["champ:SetATrap","champ:FlashCut"],"picked":"champ:BerserkerStyle","floor":8},{"not_picked":["champ:FocusedDefense","champ:BringItOn"],"picked":"champ:StanceDance","floor":10},{"not_picked":["champ:ShieldSlam","champ:Haymaker","champ:FlashCut"],"picked":"SKIP","floor":11},{"not_picked":["champ:ShieldSigil","champ:FanOfKnives","champ:FlashCut"],"picked":"SKIP","floor":15},{"not_picked":["champ:CheapShot","champ:MurderStrike"],"picked":"champ:TripleStrike","floor":16},{"not_picked":["champ:GutPunch","champ:StanceDance","champ:ShieldSigil+1"],"picked":"SKIP","floor":19},{"not_picked":["champ:Haymaker","champ:BladeFlurry","champ:FlashCut"],"picked":"SKIP","floor":21},{"not_picked":["champ:Circumvent","champ:CalledShot"],"picked":"champ:MurderStrike","floor":22},{"not_picked":["champ:Circumvent","champ:BladeFlurry","champ:RisingSlash"],"picked":"SKIP","floor":25},{"not_picked":["champ:BringItOn","champ:Parry","champ:Backstep"],"picked":"SKIP","floor":27},{"not_picked":["champ:BringItOn","champ:CrownThrow","champ:DefensiveShout+1"],"picked":"SKIP","floor":28},{"not_picked":["champ:AdrenalArmor","champ:ShieldSigil"],"picked":"champ:FaceSlap","floor":29},{"not_picked":["champ:RisingSlash+1","champ:FlashCut+1"],"picked":"champ:ArenaPreparation+1","floor":31},{"not_picked":["champ:GutPunch","champ:ViciousMockery","champ:DefensiveShout"],"picked":"SKIP","floor":32},{"not_picked":["champ:CheapShot","champ:IgnorePain"],"picked":"champ:Devastate","floor":33},{"not_picked":["champ:ShieldSigil+1","champ:PreemptiveStrike+1","champ:DefensiveShout+1"],"picked":"SKIP","floor":36},{"not_picked":["champ:CrownThrow+1","champ:PreciseThrust"],"picked":"champ:HoldFirm","floor":37},{"not_picked":["expansioncontent:Hexaburn","expansioncontent:Chronoboost"],"picked":"expansioncontent:YouAreMine","floor":38},{"not_picked":["expansioncontent:GuardianWhirl","expansioncontent:PolyBeam"],"picked":"expansioncontent:PrepareCrush","floor":38},{"not_picked":["champ:BladeFlurry+1","champ:FaceSlap"],"picked":"champ:RageSigil","floor":39},{"not_picked":["champ:BladeFlurry","champ:Shatter","champ:Parry"],"picked":"SKIP","floor":40},{"not_picked":["hubris:InfiniteBlow","infinitespire:Fortify"],"picked":"infinitespire:Gouge","floor":42}],"player_experience":1834668,"relics_obtained":[{"floor":7,"key":"Potion Belt"},{"floor":14,"key":"hubris:Reverence"},{"floor":24,"key":"Nunchaku"},{"floor":27,"key":"infinitespire:BottledMercury"},{"floor":30,"key":"Blood Vial"},{"floor":41,"key":"hubris:BottledRain"}],"event_choices":[{"damage_healed":0,"gold_gain":0,"player_choice":"Ignored","damage_taken":0,"max_hp_gain":0,"max_hp_loss":0,"event_name":"Ghosts","floor":20,"gold_loss":0},{"damage_healed":0,"gold_gain":0,"player_choice":"Became a vampire","damage_taken":0,"max_hp_gain":0,"max_hp_loss":28,"event_name":"Vampires","floor":23,"gold_loss":0,"cards_obtained":["Bite","Bite","Bite","Bite","Bite"]},{"damage_healed":0,"gold_gain":0,"player_choice":"Forge","damage_taken":0,"max_hp_gain":0,"max_hp_loss":0,"event_name":"Accursed Blacksmith","floor":43,"gold_loss":0,"cards_upgraded":["champ:HoldFirm"]}],"is_beta":false,"boss_relics":[{"not_picked":["SacredBark","Runic Dome","hubris:BlackHole"],"picked":"Coffee Dripper"},{"not_picked":["Velvet Choker","Snecko Eye","hubris:CrackedHourglass"],"picked":"Philosopher\u0027s Stone"}],"items_purged_floors":[],"is_endless":false,"potions_floor_spawned":[10,11,25,31,32,36],"killed_by":"4 Shapes","ascension_level":1}}