{"host":"y1oqg7uy0jc6f5mb","time":1611500329,"event":{"mods":["BaseMod","Better Altar","Better Match","Better Note","Better Sensory Stone","Better Skull","Better Third Choice","BetterRewards","Block Reminder","Colored Map","Colored Powertips","Custom Start","DeckTracker","Displayed Cursed Tome","Highlight Path","Ironclad Rager","Minty Spire (QoL Compilation)","Permanent Neow","Quick Restart","Relic Sorter","Relic Stats","Shop Mod","StSLib"],"gold_per_floor":[114,64,80,98,113,113,144,144,171,190,24,37,37,51,51,152,152,167,167,53,65,75,75,108,108,108,70,80,80,46,46,46,151,151,170,170,180,194,94,94,125,125,125,142,196,196,206,216,216,216],"floor_reached":51,"language":"ENG","playtime":3208,"items_purged":["Strike_G","Defend_G"],"score":1309,"play_id":"c8438b00-5d33-4b3a-94b1-af277bb2e186","local_time":"20210124225849","is_ascension_mode":true,"campfire_choices":[{"floor":6.0,"key":"REST"},{"data":"Apotheosis","floor":13,"key":"SMITH"},{"floor":15,"key":"REST"},{"data":"Neutralize","floor":23,"key":"SMITH"},{"floor":25,"key":"REST"},{"data":"Phantasmal Killer","floor":29,"key":"SMITH"},{"data":"Accuracy","floor":32,"key":"SMITH"},{"floor":40,"key":"REST"},{"floor":42,"key":"REST"},{"floor":46,"key":"REST"},{"floor":49,"key":"REST"}],"circlet_count":0,"master_deck":["Strike_G","Strike_G","Strike_G","Defend_G","Defend_G","Defend_G","Survivor","Neutralize+1","Apotheosis+1","Acrobatics","Footwork","Accuracy+1","Dagger Spray","Infinite Blades","Dodge and Roll","Blade Dance","Cloak And Dagger","Crippling Poison","A Thousand Cuts","Acrobatics","Noxious Fumes","Dash","Phantasmal Killer+1","Footwork","Outmaneuver","PiercingWail","Leg Sweep","Choke","Terror","Phantasmal Killer+1","Malaise","Blade Dance","Dodge and Roll"],"relics":["Ring of the Serpent","Ancient Tea Set","Darkstone Periapt","Orichalcum","Happy Flower","FaceOfCleric","Bag of Preparation","Ornamental Fan","Busted Crown","Lantern","Pen Nib","Bottled Lightning","Prayer Wheel"],"acts_visited":["Exordium","TheCity","TheBeyond"],"potions_floor_usage":[12,16,18,24,33,45,50],"damage_taken":[{"damage":0.0,"enemies":"Cultist","floor":1.0,"turns":4.0},{"damage":15.0,"enemies":"2 Louse","floor":3.0,"turns":3.0},{"damage":4.0,"enemies":"Small Slimes","floor":4.0,"turns":5.0},{"damage":0.0,"enemies":"2 Fungi Beasts","floor":5.0,"turns":4.0},{"damage":16,"enemies":"Gremlin Nob","floor":7,"turns":3},{"damage":2,"enemies":"Red Slaver","floor":10,"turns":4},{"damage":0,"enemies":"Large Slime","floor":12,"turns":4},{"damage":0,"enemies":"3 Louse","floor":14,"turns":3},{"damage":0,"enemies":"Slime Boss","floor":16,"turns":5},{"damage":9,"enemies":"2 Thieves","floor":18,"turns":5},{"damage":0,"enemies":"3 Byrds","floor":21,"turns":4},{"damage":24,"enemies":"Shelled Parasite and Fungi","floor":22,"turns":7},{"damage":21,"enemies":"Slavers","floor":24,"turns":6},{"damage":0,"enemies":"3 Cultists","floor":28,"turns":4},{"damage":6,"enemies":"Champ","floor":33,"turns":10},{"damage":16,"enemies":"Orb Walker","floor":35,"turns":4},{"damage":9,"enemies":"3 Shapes","floor":37,"turns":4},{"damage":16,"enemies":"Jaw Worm Horde","floor":38,"turns":4},{"damage":29,"enemies":"Nemesis","floor":41,"turns":7},{"damage":14,"enemies":"Maw","floor":44,"turns":6},{"damage":28,"enemies":"2 Orb Walkers","floor":45,"turns":4},{"damage":17,"enemies":"4 Shapes","floor":47,"turns":5},{"damage":5,"enemies":"Jaw Worm Horde","floor":48,"turns":6},{"damage":32,"enemies":"Time Eater","floor":50,"turns":9}],"seed_played":"8326652431949234349","potions_obtained":[{"floor":3.0,"key":"SkillPotion"},{"floor":12,"key":"Fruit Juice"},{"floor":14,"key":"Strength Potion"},{"floor":16,"key":"SpeedPotion"},{"floor":18,"key":"GhostInAJar"},{"floor":28,"key":"SneckoOil"},{"floor":33,"key":"Poison Potion"},{"floor":37,"key":"Ancient Potion"},{"floor":38,"key":"DuplicationPotion"}],"is_trial":false,"path_per_floor":["M","?","M","M","M","R","E","?","T","M","$","M","R","M","R","B",null,"M","?","$","M","M","R","E","R","T","$","M","R","$","?","R","B",null,"M","T","M","M","$","R","E","R","T","M","?","R","M","M","R","B",null],"character_chosen":"THE_SILENT","items_purchased":["Apotheosis","Acrobatics","Footwork","Ancient Tea Set","Darkstone Periapt","Regen Potion","FairyPotion","Accuracy","Dagger Spray","BlessingOfTheForge","A Thousand Cuts","Acrobatics","Footwork","Leg Sweep","Terror"],"campfire_rested":7,"item_purchase_floors":[0,0,0,0,0,0,0,0,0,0,11,11,20,27,30],"current_hp_per_floor":[40,40,34,30,30,51,35,35,35,33,33,38,38,38,60,60,71,62,62,62,63,40,40,20,43,43,43,44,44,44,44,44,39,70,55,55,47,32,32,56,28,53,53,40,13,38,22,18,44,13],"gold":216,"neow_bonus":"","is_daily":false,"chose_seed":false,"campfire_upgraded":4,"win_rate":0.0,"timestamp":1611500329,"path_taken":["M","?","M","M","M","R","E","?","T","?","$","M","R","M","R","BOSS","M","?","$","?","M","R","E","R","T","$","M","R","$","?","R","BOSS","M","?","M","M","$","R","E","R","T","M","?","R","M","M","R","BOSS"],"items_purchased_type":["Card","Card","Card","Relic","Relic","Potion","Potion","Card","Card","Potion","Card","Card","Card","Card","Card"],"build_version":"2020-12-22","purchased_purges":2,"victory":true,"max_hp_per_floor":[70,70,70,70,70,70,70,70,70,70,70,75,75,75,75,75,75,75,75,75,76,77,77,78,78,78,78,79,79,79,79,79,80,80,81,81,82,83,83,83,84,84,84,85,86,86,87,88,88,89],"relic_stats":{"Darkstone Periapt":0,"Busted Crown":20,"Happy Flower":[92],"FaceOfCleric":14,"counters":[50,229],"Ornamental Fan":[116],"Prayer Wheel":8,"Pen Nib":[7],"Bag of Preparation":[22],"Orichalcum":[330],"obtain_stats":[{"Darkstone Periapt":0,"Lantern":36,"Singing Bowl":8,"Gremlin Horn":43,"Incense Burner":46,"Bag of Preparation":24,"Ancient Tea Set":0,"Sozu":17,"FaceOfCleric":19,"Pantograph":44,"Prayer Wheel":45,"Toxic Egg 2":6,"Ring of the Snake":0,"Girya":44,"Happy Flower":9,"Dead Branch":29,"Blue Candle":40,"Thread and Needle":9,"Eternal Feather":40,"Pen Nib":41,"Letter Opener":46,"Orichalcum":7,"Peace Pipe":27,"Busted Crown":34,"Ornamental Fan":26,"Art of War":31,"Black Star":34,"Bottled Lightning":43,"Toy Ornithopter":26,"Ring of the Serpent":17},{"Darkstone Periapt":26,"Lantern":42,"Singing Bowl":6,"Gremlin Horn":23,"Incense Burner":25,"Bag of Preparation":39,"Ancient Tea Set":26,"Sozu":10,"FaceOfCleric":36,"Pantograph":24,"Prayer Wheel":47,"Toxic Egg 2":5,"Ring of the Snake":0,"Girya":24,"Happy Flower":31,"Dead Branch":16,"Blue Candle":23,"Thread and Needle":6,"Eternal Feather":23,"Pen Nib":45,"Letter Opener":25,"Orichalcum":31,"Peace Pipe":15,"Busted Crown":41,"Ornamental Fan":39,"Art of War":17,"Black Star":18,"Bottled Lightning":45,"Toy Ornithopter":15,"Ring of the Serpent":35},{"Darkstone Periapt":109,"Lantern":184,"Singing Bowl":21,"Gremlin Horn":87,"Incense Burner":96,"Bag of Preparation":166,"Ancient Tea Set":109,"Sozu":35,"FaceOfCleric":149,"Pantograph":93,"Prayer Wheel":209,"Toxic Egg 2":18,"Ring of the Snake":0,"Girya":93,"Happy Flower":128,"Dead Branch":58,"Blue Candle":87,"Thread and Needle":21,"Eternal Feather":87,"Pen Nib":199,"Letter Opener":96,"Orichalcum":128,"Peace Pipe":55,"Busted Crown":180,"Ornamental Fan":166,"Art of War":62,"Black Star":67,"Bottled Lightning":199,"Toy Ornithopter":55,"Ring of the Serpent":144}]},"card_choices":[{"not_picked":["Sucker Punch","Catalyst"],"picked":"Infinite Blades","floor":1.0},{"not_picked":["Underhanded Strike","Quick Slash"],"picked":"Dodge and Roll","floor":3.0},{"not_picked":["Deflect","Outmaneuver"],"picked":"Blade Dance","floor":4.0},{"not_picked":["Masterful Stab","Riddle With Holes","Deadly Poison"],"picked":"SKIP","floor":5.0},{"not_picked":["Noxious Fumes","Crippling Poison"],"picked":"Cloak And Dagger","floor":7},{"not_picked":["Sucker Punch","Catalyst"],"picked":"Crippling Poison","floor":10},{"not_picked":["Bane","Underhanded Strike"],"picked":"Noxious Fumes","floor":12},{"not_picked":["Slice","Doppelganger"],"picked":"Dash","floor":14},{"not_picked":["Tools of the Trade","Grand Finale"],"picked":"Phantasmal Killer","floor":16},{"not_picked":["Setup","Dagger Spray","Flying Knee"],"picked":"SKIP","floor":18},{"not_picked":["Flying Knee","Noxious Fumes+1"],"picked":"Outmaneuver","floor":21},{"not_picked":["Slice","Heel Hook"],"picked":"PiercingWail","floor":22},{"not_picked":["Prepared","Masterful Stab+1","Endless Agony"],"picked":"SKIP","floor":24},{"not_picked":["Skewer","Slice"],"picked":"Choke","floor":28},{"not_picked":["Die Die Die","Glass Knife"],"picked":"Malaise","floor":33},{"not_picked":["Choke+1"],"picked":"SKIP","floor":35},{"not_picked":["Expertise"],"picked":"SKIP","floor":37},{"not_picked":["Poisoned Stab+1"],"picked":"SKIP","floor":38},{"not_picked":["Bullet Time"],"picked":"SKIP","floor":41},{"not_picked":[],"picked":"Blade Dance","floor":44},{"not_picked":[],"picked":"Dodge and Roll","floor":45},{"not_picked":["Choke+1"],"picked":"SKIP","floor":47},{"not_picked":["Riddle With Holes"],"picked":"SKIP","floor":47},{"not_picked":["Deadly Poison+1"],"picked":"SKIP","floor":48},{"not_picked":["Blade Dance"],"picked":"SKIP","floor":48}],"player_experience":181549,"relics_obtained":[{"floor":7,"key":"Orichalcum"},{"floor":9,"key":"Happy Flower"},{"floor":24,"key":"Bag of Preparation"},{"floor":26,"key":"Ornamental Fan"},{"floor":36,"key":"Lantern"},{"floor":41,"key":"Pen Nib"},{"floor":43,"key":"Bottled Lightning"},{"floor":45,"key":"Prayer Wheel"}],"event_choices":[{"cards_removed":["Strike_G"],"damage_healed":0.0,"max_hp_gain":0.0,"max_hp_loss":0.0,"gold_gain":0.0,"event_name":"The Cleric","player_choice":"Card Removal","floor":2.0,"gold_loss":50.0,"damage_taken":0.0},{"cards_removed":["Defend_G"],"damage_healed":0,"gold_gain":0,"player_choice":"Offered Basic","damage_taken":0,"max_hp_gain":0,"max_hp_loss":0,"event_name":"Bonfire Elementals","floor":8,"gold_loss":0},{"damage_healed":0,"gold_gain":0,"player_choice":"Trade","damage_taken":0,"relics_obtained":["FaceOfCleric"],"max_hp_gain":0,"max_hp_loss":0,"event_name":"FaceTrader","floor":19,"gold_loss":0},{"damage_healed":0,"gold_gain":0,"player_choice":"Copied","damage_taken":0,"max_hp_gain":0,"max_hp_loss":0,"event_name":"Duplicator","floor":31,"gold_loss":0,"cards_obtained":["Phantasmal Killer"]},{"damage_healed":0,"gold_gain":0,"player_choice":"Fight","damage_taken":0,"max_hp_gain":0,"max_hp_loss":0,"event_name":"Mysterious Sphere","floor":45,"gold_loss":0}],"is_beta":false,"boss_relics":[{"not_picked":["Philosopher\u0027s Stone","Ectoplasm"],"picked":"Ring of the Serpent"},{"not_picked":["Empty Cage","Calling Bell"],"picked":"Busted Crown"}],"items_purged_floors":[20,39],"is_endless":false,"potions_floor_spawned":[3,10,12,14,16,18,28,33,37,38,44],"ascension_level":8}}