{"host":"oeeu8njhzvf3llor","time":1611450133,"event":{"mods":["BaseMod","Better Match","Better Note","Better Skull","Better Third Choice","Hubris","Minty Spire (QoL Compilation)","Rare Cards Sparkle","Replay The Spire","Shop Mod","Spicy Shops","StSLib","Swap Starting Deck Mod"],"gold_per_floor":[119,44,44,63,63,91,91,116,116,116,135,161,179,179,179,275,275,294,294,306,158,168,168,196,196,196,196,214,214,214,234,234,338,338,358,372,386,191,203,231,231,241,241,274,274,289,321,23,23,23,23,23,23,53,53,53],"floor_reached":55,"language":"ENG","playtime":2124,"items_purged":["Pain","CommonCold"],"score":937,"play_id":"0c74f167-f981-4dee-aa93-e0b9e2d664f4","local_time":"20210123200213","is_ascension_mode":true,"campfire_choices":[{"data":"Noxious Fumes","floor":7,"key":"SMITH"},{"data":"Crippling Poison","floor":10,"key":"SMITH"},{"data":"Blade Dance","floor":15,"key":"SMITH"},{"data":"Prepared","floor":23,"key":"SMITH"},{"floor":25,"key":"RECALL"},{"data":"Finisher","floor":27,"key":"SMITH"},{"data":"Infinite Blades","floor":32,"key":"SMITH"},{"data":"Choke","floor":41,"key":"SMITH"},{"floor":49,"key":"REST"},{"data":"Blade Dance","floor":52,"key":"SMITH"}],"circlet_count":0,"master_deck":["Slice","Slice","Slice","Slice","Finisher+1","Cloak And Dagger","Cloak And Dagger","Cloak And Dagger","Cloak And Dagger","Blade Dance+1","Crippling Poison+1","Noxious Fumes+1","Prepared+1","Cloak And Dagger","Cloak And Dagger+1","Slice","Backstab+1","Cloak And Dagger","Infinite Blades+1","Blade Dance+1","Choke+1","Deflect"],"relics":["Ring of the Snake","Meat on the Bone","hubris:Spice","Snack Pack","Toy Ornithopter","Bag of Marbles","Nloth\u0027s Gift","Black Star","hubris:GlazedTorus","Centennial Puzzle","Ring of Fury","Darkstone Periapt","ClockworkSouvenir","Orichalcum"],"acts_visited":["Exordium","TheCity","TheBeyond","TheEnding"],"potions_floor_usage":[8,16,33,42,47,50],"damage_taken":[{"damage":0,"enemies":"Cultist","floor":1,"turns":2},{"damage":0,"enemies":"2 Louse","floor":4,"turns":2},{"damage":6,"enemies":"3 Sentries","floor":6,"turns":5},{"damage":0,"enemies":"Replay:BlueRogue","floor":8,"turns":3},{"damage":0,"enemies":"Jaw Worm","floor":11,"turns":1},{"damage":8,"enemies":"3 Sentries","floor":12,"turns":5},{"damage":0,"enemies":"Looter","floor":13,"turns":2},{"damage":10,"enemies":"Hexaghost","floor":16,"turns":6},{"damage":0,"enemies":"3 Byrds","floor":18,"turns":2},{"damage":2,"enemies":"Chosen","floor":20,"turns":2},{"damage":0,"enemies":"Snake Plant","floor":22,"turns":1},{"damage":0,"enemies":"Replay:Snechameleon","floor":24,"turns":2},{"damage":0,"enemies":"3 Cultists","floor":28,"turns":2},{"damage":0,"enemies":"Snecko","floor":31,"turns":1},{"damage":0,"enemies":"Champ","floor":33,"turns":5},{"damage":0,"enemies":"Orb Walker","floor":35,"turns":2},{"damage":0,"enemies":"3 Darklings","floor":36,"turns":2},{"damage":0,"enemies":"Jaw Worm Horde","floor":37,"turns":2},{"damage":0,"enemies":"Transient","floor":39,"turns":5},{"damage":3,"enemies":"R_Hoarder","floor":40,"turns":3},{"damage":0,"enemies":"Maw","floor":42,"turns":2},{"damage":5,"enemies":"Giant Head","floor":44,"turns":4},{"damage":3,"enemies":"Jaw Worm Horde","floor":46,"turns":2},{"damage":26,"enemies":"Reptomancer","floor":47,"turns":3},{"damage":10,"enemies":"hubris:GrandSnecko","floor":50,"turns":3},{"damage":30,"enemies":"Shield and Spear","floor":54,"turns":3},{"damage":53,"enemies":"The Heart","floor":55,"turns":2}],"seed_played":"5121593887968749545","potions_obtained":[{"floor":6,"key":"Weak Potion"},{"floor":8,"key":"SteroidPotion"},{"floor":11,"key":"CultistPotion"},{"floor":12,"key":"Weak Potion"},{"floor":18,"key":"Elixir"},{"floor":28,"key":"Toxic Potion"},{"floor":31,"key":"GamblersBrew"},{"floor":35,"key":"GamblersBrew"},{"floor":47,"key":"LiquidMemories"}],"is_trial":false,"path_per_floor":["M","$","T","M","?","E","R","E","T","R","M","E","M","?","R","B",null,"M","?","M","$","M","R","E","R","T","R","M","?","?","M","R","B",null,"M","M","M","$","M","E","R","M","T","E","?","M","E","$","R","B",null,"R","$","E","B"],"character_chosen":"THE_SILENT","items_purchased":["Crippling Poison","Bag of Marbles","hubris:GlazedTorus","ClockworkSouvenir","Deflect"],"campfire_rested":1,"item_purchase_floors":[2,21,38,48,48],"current_hp_per_floor":[53,53,53,53,53,55,55,55,63,63,65,63,69,69,69,61,53,53,53,53,53,53,53,45,45,55,55,55,55,47,47,47,47,47,47,47,47,47,47,31,31,31,31,31,31,28,19,19,28,31,31,31,31,17,0,0],"gold":53,"neow_bonus":"","is_daily":false,"chose_seed":false,"campfire_upgraded":8,"win_rate":0.0,"timestamp":1611450133,"path_taken":["M","$","?","M","?","E","R","E","T","R","M","E","M","?","R","BOSS","M","?","M","$","M","R","E","R","T","R","M","?","?","?","R","BOSS","M","M","?","$","M","E","R","M","T","E","?","M","E","$","R","BOSS","R","$","E","BOSS"],"items_purchased_type":["Card","Relic","Relic","Relic","Card"],"build_version":"2020-12-22","purchased_purges":2,"victory":false,"max_hp_per_floor":[53,53,53,53,53,61,61,61,69,69,69,69,69,69,69,61,53,53,53,53,53,53,53,45,45,55,55,55,55,47,47,47,47,47,47,47,47,47,47,31,31,31,31,31,31,31,31,31,31,31,31,31,31,31,31,31],"card_choices":[{"not_picked":["Acrobatics","Quick Slash","Predator"],"picked":"SKIP","floor":1},{"not_picked":["ReplayTheSpireMod:Scrap Shanks","Flying Knee"],"picked":"Noxious Fumes","floor":4},{"not_picked":["Blur","Expertise"],"picked":"Cloak And Dagger","floor":6},{"not_picked":["PiercingWail","Skewer"],"picked":"Cloak And Dagger","floor":8},{"not_picked":["Calculated Gamble","Prepared","Catalyst"],"picked":"SKIP","floor":11},{"not_picked":["All Out Attack","Quick Slash"],"picked":"Slice","floor":12},{"not_picked":["Backflip","Riddle With Holes"],"picked":"Backstab","floor":13},{"not_picked":["Night Terror","Malaise"],"picked":"hubris:SpiceAddiction","floor":16},{"not_picked":["hubris:SpiceAddiction","hubris:TrickCloak","Skewer+1"],"picked":"SKIP","floor":18},{"not_picked":["ReplayTheSpireMod:The Works","Calculated Gamble","Underhanded Strike"],"picked":"SKIP","floor":20},{"not_picked":["Sneak Up+1","ReplayTheSpireMod:Scrap Shanks","Dodge and Roll"],"picked":"SKIP","floor":22},{"not_picked":["ReplayTheSpireMod:Exploit Weakness","hubris:SpiceAddiction"],"picked":"Cloak And Dagger","floor":24},{"not_picked":["Bane+1","PiercingWail"],"picked":"Infinite Blades","floor":28},{"not_picked":["Bane","Flechettes","Crippling Poison+1"],"picked":"SKIP","floor":31},{"not_picked":["PiercingWail","hubris:TrickCloak+1","hubris:SpiceAddiction"],"picked":"SKIP","floor":35},{"not_picked":["Deflect","Dagger Throw+1","Footwork"],"picked":"SKIP","floor":36},{"not_picked":["hubris:SpiceAddiction","Quick Slash"],"picked":"Blade Dance","floor":37},{"not_picked":["Deadly Poison+1","Bane+1","Flechettes+1"],"picked":"SKIP","floor":39},{"not_picked":["PiercingWail+1","Unload"],"picked":"Choke","floor":40},{"not_picked":["hubris:SpiceAddiction","Quick Slash+1","hubris:SpiceAddiction"],"picked":"SKIP","floor":42},{"not_picked":["Venomology","Backflip+1","hubris:SpiceAddiction"],"picked":"SKIP","floor":44},{"not_picked":["Acrobatics+1","Dagger Spray","hubris:SpiceAddiction"],"picked":"SKIP","floor":46},{"not_picked":["Leg Sweep+1","hubris:SpiceAddiction","Dagger Throw"],"picked":"SKIP","floor":47},{"not_picked":["Crippling Poison","Atom Bomb","hubris:SpiceAddiction"],"picked":"SKIP","floor":54}],"player_experience":504880,"relics_obtained":[{"floor":3,"key":"Meat on the Bone"},{"floor":6,"key":"hubris:Spice"},{"floor":8,"key":"Snack Pack"},{"floor":9,"key":"hubris:Spice"},{"floor":12,"key":"Toy Ornithopter"},{"floor":24,"key":"hubris:Spice"},{"floor":26,"key":"Pear"},{"floor":40,"key":"hubris:Spice"},{"floor":40,"key":"hubris:Spice"},{"floor":44,"key":"Centennial Puzzle"},{"floor":45,"key":"Ring of Fury"},{"floor":47,"key":"Darkstone Periapt"},{"floor":54,"key":"Orichalcum"}],"event_choices":[{"damage_healed":0,"gold_gain":0,"player_choice":"Forge","damage_taken":0,"max_hp_gain":0,"max_hp_loss":0,"event_name":"Accursed Blacksmith","floor":19,"gold_loss":0,"cards_upgraded":["Backstab"]},{"damage_healed":0,"gold_gain":0,"player_choice":"Traded Relic","damage_taken":0,"relics_obtained":["Nloth\u0027s Gift"],"max_hp_gain":0,"max_hp_loss":0,"event_name":"N\u0027loth","floor":29,"relics_lost":["Pear"],"gold_loss":0},{"damage_healed":0,"gold_gain":0,"player_choice":"Gave Potion","damage_taken":0,"relics_obtained":["hubris:Spice"],"max_hp_gain":0,"max_hp_loss":0,"event_name":"WeMeetAgain","floor":30,"gold_loss":0}],"is_beta":false,"boss_relics":[{"not_picked":["hubris:ScarierMask","Replay:Drink Me"],"picked":"hubris:Spice"},{"not_picked":["hubris:Spice","hubris:Spice"],"picked":"Black Star"}],"items_purged_floors":[38,48],"is_endless":false,"potions_floor_spawned":[6,8,11,12,18,24,28,31,35,36,47],"killed_by":"The Heart","ascension_level":1}}