{"host":"zxkjcgzis4pm3za5","time":1611489345,"event":{"mods":["AchievementEnabler","Act Like it!","BaseMod","Colored Map","Colored Powertips","Friendly Minions","GifTheSpireLib","Minty Spire (QoL Compilation)","Quick Restart","RNG Fix","Random Character Button","Relic Sorter","Relic Stats","StSLib"],"gold_per_floor":[110,110,110,129,141,141,166,178,202,202,230,243,243,276,276,350,350,363,17,17,31,31,58,58,58,58],"floor_reached":25,"language":"ENG","playtime":864,"items_purged":["Strike_P"],"score":535,"play_id":"09a991d4-8910-4891-9f10-ec029da687da","local_time":"20210124172545","is_ascension_mode":true,"campfire_choices":[{"data":"Eruption","floor":6.0,"key":"SMITH"},{"floor":13.0,"key":"REST"},{"data":"DeusExMachina","floor":15.0,"key":"SMITH"},{"data":"SpiritShield","floor":24,"key":"SMITH"}],"circlet_count":0,"master_deck":["AscendersBane","Strike_P","Strike_P","Strike_P","Defend_P","Defend_P","Defend_P","Eruption+1","Vigilance","Indignation","EmptyBody","EmptyMind","DeusExMachina+1","EmptyFist","Perseverance","BattleHymn","Vengeance","SpiritShield+1","JustLucky+1","Consecrate","CrushJoints","CutThroughFate+1"],"relics":["PureWater","Happy Flower","Vajra","Yang","Bottled Flame","Oddly Smooth Stone","Coffee Dripper","Eternal Feather","TungstenRod"],"acts_visited":["Exordium","TheCity"],"potions_floor_usage":[],"damage_taken":[{"damage":2.0,"enemies":"Jaw Worm","floor":1.0,"turns":3.0},{"damage":9.0,"enemies":"Cultist","floor":4.0,"turns":4.0},{"damage":0.0,"enemies":"2 Louse","floor":5.0,"turns":3.0},{"damage":7.0,"enemies":"Lagavulin","floor":7.0,"turns":7.0},{"damage":1.0,"enemies":"Lots of Slimes","floor":8.0,"turns":6.0},{"damage":18.0,"enemies":"3 Sentries","floor":11.0,"turns":6.0},{"damage":9.0,"enemies":"Large Slime","floor":12.0,"turns":3.0},{"damage":1.0,"enemies":"Gremlin Nob","floor":14.0,"turns":3.0},{"damage":0.0,"enemies":"Slime Boss","floor":16.0,"turns":4.0},{"damage":21.0,"enemies":"3 Byrds","floor":18.0,"turns":6.0},{"damage":6.0,"enemies":"Shell Parasite","floor":21.0,"turns":4.0},{"damage":30,"enemies":"Book of Stabbing","floor":23,"turns":5},{"damage":32,"enemies":"Gremlin Leader","floor":25,"turns":2}],"seed_played":"5973617740892341275","potions_obtained":[{"floor":5.0,"key":"SteroidPotion"},{"floor":7.0,"key":"Weak Potion"},{"floor":11.0,"key":"Swift Potion"},{"floor":18.0,"key":"Fruit Juice"},{"floor":22.0,"key":"DuplicationPotion"}],"is_trial":false,"path_per_floor":["M","?","?","M","M","R","E","M","T","?","E","M","R","E","R","B",null,"M","$","?","M","?","E","R","E"],"character_chosen":"WATCHER","items_purchased":["Eternal Feather"],"campfire_rested":1,"item_purchase_floors":[19],"current_hp_per_floor":[65,70,63,54,54,54,47,46,46,46,28,19,42,41,41,41,70,49,49,49,43,48,18,30,0,0],"gold":58,"neow_bonus":"TEN_PERCENT_HP_BONUS","is_daily":false,"chose_seed":false,"campfire_upgraded":3,"win_rate":0.0,"timestamp":1611489345,"path_taken":["M","?","?","M","M","R","E","M","T","?","E","M","R","E","R","BOSS","M","$","?","M","?","E","R","E"],"items_purchased_type":["Relic"],"build_version":"2020-12-22","purchased_purges":1,"victory":false,"max_hp_per_floor":[74,79,79,79,79,79,79,79,79,79,79,79,79,79,79,79,79,79,79,79,79,84,84,84,84,84],"relic_stats":{"Happy Flower":[13],"counters":[13,56],"Yang":[72],"Eternal Feather":12,"obtain_stats":[{"Bottled Flame":11,"Happy Flower":7,"Vajra":9,"Oddly Smooth Stone":14,"Yang":10,"Eternal Feather":19,"Coffee Dripper":17,"PureWater":0,"TungstenRod":23},{"Bottled Flame":6,"Happy Flower":4,"Vajra":5,"Oddly Smooth Stone":8,"Yang":5,"Eternal Feather":10,"Coffee Dripper":9,"PureWater":0,"TungstenRod":12},{"Bottled Flame":29,"Happy Flower":17,"Vajra":23,"Oddly Smooth Stone":35,"Yang":23,"Eternal Feather":45,"Coffee Dripper":39,"PureWater":0,"TungstenRod":54}],"TungstenRod":4},"card_choices":[{"not_picked":["Swivel","JustLucky"],"picked":"Indignation","floor":1.0},{"not_picked":["CrushJoints","FlyingSleeves"],"picked":"EmptyBody","floor":4.0},{"not_picked":["Crescendo","ThirdEye"],"picked":"EmptyMind","floor":5.0},{"not_picked":["SignatureMove","ThirdEye"],"picked":"DeusExMachina","floor":7.0},{"not_picked":["EmptyBody","JustLucky"],"picked":"EmptyFist","floor":8.0},{"not_picked":["EmptyBody","EmptyFist"],"picked":"Perseverance","floor":11.0},{"not_picked":["Evaluate","Nirvana"],"picked":"BattleHymn","floor":12.0},{"not_picked":["ThirdEye","ClearTheMind"],"picked":"Vengeance","floor":14.0},{"not_picked":["Blasphemy","ConjureBlade"],"picked":"SpiritShield","floor":16.0},{"not_picked":["Collect","Evaluate"],"picked":"JustLucky+1","floor":18.0},{"not_picked":["ForeignInfluence","Protect"],"picked":"CrushJoints","floor":21.0},{"not_picked":["SashWhip","Wireheading"],"picked":"CutThroughFate+1","floor":23}],"player_experience":263888,"relics_obtained":[{"floor":7.0,"key":"Happy Flower"},{"floor":9.0,"key":"Vajra"},{"floor":11.0,"key":"Bottled Flame"},{"floor":14.0,"key":"Oddly Smooth Stone"},{"floor":23,"key":"TungstenRod"}],"event_choices":[{"damage_healed":0.0,"max_hp_gain":5.0,"max_hp_loss":0.0,"gold_gain":0.0,"event_name":"Big Fish","player_choice":"Donut","floor":2.0,"gold_loss":0.0,"damage_taken":0.0},{"cards_removed":["Defend_P"],"damage_healed":0.0,"max_hp_gain":0.0,"max_hp_loss":0.0,"gold_gain":0.0,"event_name":"Golden Wing","player_choice":"Card Removal","floor":3.0,"gold_loss":0.0,"damage_taken":7.0},{"damage_healed":0.0,"max_hp_gain":0.0,"max_hp_loss":0.0,"gold_gain":0.0,"event_name":"Dead Adventurer","player_choice":"Searched \u00271\u0027 times","floor":10.0,"gold_loss":0.0,"damage_taken":0.0,"relics_obtained":["Yang"]},{"damage_healed":0.0,"max_hp_gain":0.0,"max_hp_loss":0.0,"gold_gain":0.0,"event_name":"Match and Keep!","player_choice":"1 cards matched","floor":20.0,"gold_loss":0.0,"damage_taken":0.0,"cards_obtained":["Consecrate"]},{"damage_healed":0.0,"max_hp_gain":0.0,"max_hp_loss":0.0,"gold_gain":0.0,"event_name":"Lab","player_choice":"Got Potions","floor":22.0,"gold_loss":0.0,"damage_taken":0.0}],"is_beta":false,"boss_relics":[{"not_picked":["Ectoplasm","Runic Dome"],"picked":"Coffee Dripper"}],"items_purged_floors":[19],"is_endless":false,"potions_floor_spawned":[5,7,11,14,18,23],"killed_by":"Gremlin Leader","ascension_level":17}}