{"host":"3i614eq7y48arb4n","time":1611472638,"event":{"mods":["Act Like it!","BaseMod","Hallownest","Minty Spire (QoL Compilation)","StSLib","The Bug Knight"],"gold_per_floor":[114,114,132,132,57,91,10,10,37,37,147,147,69,80,80,80,80],"floor_reached":16,"language":"ENG","playtime":617,"items_purged":[],"score":121,"play_id":"5070fb07-9312-4e9f-bac2-2a8685394272","local_time":"20210124011718","is_ascension_mode":false,"campfire_choices":[{"data":"HollowMod:BaldurShell","floor":8,"key":"SMITH"},{"data":"HollowMod:MonarchWings","floor":10,"key":"SMITH"},{"data":"HollowMod:HornetsHelp","floor":15,"key":"SMITH"}],"circlet_count":0,"master_deck":["HollowMod:NailStrikeStart","HollowMod:NailStrikeStart","HollowMod:NailStrikeStart","HollowMod:NailStrikeStart","HollowMod:QuickDashStart","HollowMod:QuickDashStart","HollowMod:QuickDashStart","HollowMod:QuickDashStart","HollowMod:FocusHealStart","HollowMod:PogoStrike","HollowMod:SharpenedNail","HollowMod:MonarchWings+1","HollowMod:BaldurShell+1","HollowMod:Grubsong","HollowMod:HornetsHelp+1"],"relics":["HollowMod:VesselMask","NeowsBlessing","InkBottle","Centennial Puzzle"],"acts_visited":["Exordium"],"potions_floor_usage":[],"damage_taken":[{"damage":0,"enemies":"Hallownest:monsterHuskGuard","floor":1,"turns":1},{"damage":0,"enemies":"Hallownest:2_MossCreeps","floor":3,"turns":1},{"damage":0,"enemies":"Hallownest:eliteVengeflyKing","floor":6,"turns":1},{"damage":18,"enemies":"Hallownest:2_Tiktiks_and_1_Crawlid","floor":14,"turns":5},{"damage":42,"enemies":"Hallownest:BossHornet","floor":16,"turns":7}],"seed_played":"1448164517224355366","potions_obtained":[{"floor":1,"key":"Fire Potion"},{"floor":3,"key":"SkillPotion"}],"is_trial":false,"path_per_floor":["M","?","M","?","?","E","$","R","T","R","?","?","$","M","R","B"],"character_chosen":"THE_BUGKNIGHT","items_purchased":["HollowMod:BaldurShell","HollowMod:Grubsong"],"campfire_rested":0,"item_purchase_floors":[7,13],"current_hp_per_floor":[75,66,66,66,71,71,71,71,71,71,71,61,61,43,43,11,11],"gold":80,"neow_bonus":"THREE_ENEMY_KILL","is_daily":false,"chose_seed":false,"campfire_upgraded":3,"win_rate":0.0,"timestamp":1611472638,"path_taken":["M","?","M","?","?","E","?","R","T","R","?","?","$","M","R","BOSS"],"items_purchased_type":["Card","Card"],"build_version":"2020-12-22","purchased_purges":0,"victory":false,"max_hp_per_floor":[75,75,75,75,80,80,80,80,80,80,80,80,80,80,80,80,80],"card_choices":[{"not_picked":["HollowMod:PureNailStrike","HollowMod:NewJinnsSoul","HollowMod:SiblingsShadow"],"picked":"SKIP","floor":1},{"not_picked":["HollowMod:DescendingDark","HollowMod:CrystalDash"],"picked":"HollowMod:SharpenedNail","floor":3},{"not_picked":["HollowMod:CrystalDash","HollowMod:RecoilStrike"],"picked":"HollowMod:MonarchWings","floor":6},{"not_picked":["HollowMod:SoulSplash","HollowMod:BlackTendrils"],"picked":"HollowMod:HornetsHelp","floor":14}],"player_experience":129965,"relics_obtained":[{"floor":6,"key":"InkBottle"},{"floor":9,"key":"Centennial Puzzle"}],"event_choices":[],"is_beta":false,"boss_relics":[],"items_purged_floors":[],"is_endless":false,"potions_floor_spawned":[1,3],"killed_by":"Hallownest:BossHornet","ascension_level":0}}