{"host":"jumrmhf584hajrnz","time":1611512324,"event":{"mods":["BaseMod","Duelist Mod","GifTheSpireLib","Minty Spire (QoL Compilation)","Quick Restart","Replay The Spire","StSLib"],"gold_per_floor":[139,152,152,166,182,182,225,256,305,305,305,305,305,305],"floor_reached":13,"language":"ENG","playtime":662,"items_purged":[],"score":166,"play_id":"fd74936b-93de-46d8-9484-412ef2b98dc4","local_time":"20210124191844","is_ascension_mode":true,"campfire_choices":[{"floor":6,"key":"REST"},{"floor":11,"key":"REST"}],"circlet_count":0,"master_deck":["AscendersBane","theDuelist:Relinkuriboh","theDuelist:WingedKuriboh","theDuelist:Fissure","theDuelist:WingedKuriboh","theDuelist:FluteKuriboh","theDuelist:WingedKuribohLv10","theDuelist:Sparks","theDuelist:Raigeki","theDuelist:CastleWalls","theDuelist:UndergroundArachnid","theDuelist:Relinkuriboh","theDuelist:FluteKuriboh","theDuelist:CastleWalls","theDuelist:Sparks","theDuelist:LostBlueBreaker","theDuelist:DeltaMagnet","Pain","theDuelist:Raigeki"],"relics":["theDuelist:MillenniumPuzzle","theDuelist:CardPoolRelic","theDuelist:CardPoolBasicRelic","theDuelist:BoosterPackPoolRelic","theDuelist:CardPoolAddRelic","theDuelist:CardPoolMinusRelic","theDuelist:CardPoolSaveRelic","theDuelist:CardPoolOptionsRelic","NeowsBlessing","Singing Bowl","Quantum Egg","Golden Idol"],"acts_visited":["Exordium"],"potions_floor_usage":[],"damage_taken":[{"damage":0.0,"enemies":"Jaw Worm","floor":1.0,"turns":1.0},{"damage":0.0,"enemies":"Small Slimes","floor":2.0,"turns":1.0},{"damage":0.0,"enemies":"2 Louse","floor":4.0,"turns":1.0},{"damage":19,"enemies":"Blue Slaver","floor":5,"turns":4},{"damage":60,"enemies":"Lagavulin","floor":8,"turns":12},{"damage":0,"enemies":"3 Sentries","floor":13,"turns":1}],"seed_played":"-8402844769025579027","potions_obtained":[{"floor":7,"key":"Milkshake"},{"floor":8,"key":"Elixir"}],"is_trial":false,"path_per_floor":["M","M","?","M","M","R","?","E","T","?","R","?","E"],"character_chosen":"THE_DUELIST","items_purchased":[],"campfire_rested":2,"item_purchase_floors":[],"current_hp_per_floor":[63,63,63,63,44,65,65,5,5,5,23,23,23,23],"gold":305,"neow_bonus":"THREE_ENEMY_KILL","is_daily":false,"chose_seed":false,"campfire_upgraded":0,"win_rate":0.0,"timestamp":1611512324,"path_taken":["M","M","?","M","M","R","?","E","T","?","R","?","E"],"items_purchased_type":[],"build_version":"2020-12-22","purchased_purges":0,"victory":false,"max_hp_per_floor":[70,70,70,70,70,70,70,70,70,63,63,63,63,63],"card_choices":[{"not_picked":["theDuelist:EvilswarmHeliotrope","theDuelist:WingedKuriboh","theDuelist:WormWarlord","theDuelist:RainbowOverdragon"],"picked":"theDuelist:Raigeki","floor":1.0},{"not_picked":["theDuelist:CrossSwordBeetle","theDuelist:Relinkuriboh","theDuelist:LegendaryFlameLord","theDuelist:DarklordSuperbia"],"picked":"theDuelist:UndergroundArachnid","floor":2.0},{"not_picked":["theDuelist:DarkFusion","theDuelist:CrossSwordBeetle","theDuelist:FluteKuriboh","theDuelist:PotDichotomy"],"picked":"theDuelist:Relinkuriboh","floor":4},{"not_picked":["theDuelist:Relinkuriboh","theDuelist:CosmoBrain","theDuelist:Kuribohrn","theDuelist:Fissure"],"picked":"theDuelist:LostBlueBreaker","floor":5},{"not_picked":["theDuelist:MultiplicationOfAnts","theDuelist:SwordsBurning","theDuelist:AmuletAmbition","theDuelist:LostBlueBreaker"],"picked":"theDuelist:WingedKuribohLv10","floor":7},{"not_picked":["theDuelist:Hinotama","theDuelist:WeepingIdol","theDuelist:ObeliskTormentor","theDuelist:PotForbidden"],"picked":"theDuelist:Raigeki","floor":8}],"player_experience":1526534,"relics_obtained":[{"floor":7,"key":"Singing Bowl"},{"floor":8,"key":"Quantum Egg"}],"event_choices":[{"damage_healed":0.0,"max_hp_gain":0.0,"max_hp_loss":0.0,"gold_gain":0.0,"event_name":"Egyptian Village","player_choice":"Delta Electro","duelist":true,"floor":3.0,"gold_loss":0.0,"damage_taken":0.0,"cards_obtained":["Delta Electromagnet Warrior"]},{"damage_healed":0,"gold_gain":0,"player_choice":"Lose Max HP","damage_taken":0,"relics_obtained":["Golden Idol"],"max_hp_gain":0,"max_hp_loss":7,"event_name":"Golden Idol","floor":10,"gold_loss":0},{"damage_healed":0,"gold_gain":0,"player_choice":"Leave","duelist":true,"damage_taken":0,"max_hp_gain":0,"max_hp_loss":0,"event_name":"Visit from Anubis","floor":12,"gold_loss":0}],"is_beta":false,"boss_relics":[],"items_purged_floors":[],"is_endless":false,"potions_floor_spawned":[8],"killed_by":"3 Sentries","ascension_level":20}}