{"host":"zrwwt1jjq0fpdjej","time":1611488309,"event":{"mods":["AchievementEnabler","BaseMod","Colored Map","Minty Spire (QoL Compilation)","StSLib","SuperFastMode"],"gold_per_floor":[112,62,77,77,90,90,122,136,136,136,162,162,193,215,227,239,239],"floor_reached":16,"language":"KOR","playtime":800,"items_purged":[],"score":162,"play_id":"20d65f6e-b982-47f5-aaba-a6f72f3250c4","local_time":"20210124203829","is_ascension_mode":true,"campfire_choices":[{"data":"Bouncing Flask","floor":6.0,"key":"SMITH"},{"floor":12,"key":"REST"},{"data":"Noxious Fumes","floor":15,"key":"SMITH"}],"circlet_count":0,"master_deck":["Strike_G","Strike_G","Strike_G","Strike_G","Defend_G","Defend_G","Defend_G","Defend_G","Defend_G","Survivor","Neutralize","Noxious Fumes+1","Prepared","Bouncing Flask+1","Backflip","Blur","PiercingWail","Grand Finale","Deadly Poison+1","PiercingWail+1","Expertise+1","Tactician+1"],"relics":["Ring of the Snake","NeowsBlessing","Dream Catcher","Bag of Marbles","Toxic Egg 2","MawBank"],"acts_visited":["Exordium"],"potions_floor_usage":[11,13,16,16],"damage_taken":[{"damage":0.0,"enemies":"Jaw Worm","floor":1.0,"turns":1.0},{"damage":0.0,"enemies":"Small Slimes","floor":3.0,"turns":1.0},{"damage":0.0,"enemies":"Cultist","floor":5.0,"turns":1.0},{"damage":15.0,"enemies":"Lagavulin","floor":7.0,"turns":6.0},{"damage":9.0,"enemies":"Looter","floor":8.0,"turns":4.0},{"damage":18,"enemies":"Gremlin Nob","floor":11,"turns":4},{"damage":17,"enemies":"3 Sentries","floor":13,"turns":8},{"damage":5,"enemies":"Red Slaver","floor":14,"turns":5},{"damage":38,"enemies":"Slime Boss","floor":16,"turns":8}],"seed_played":"-978412729063688926","potions_obtained":[{"floor":4.0,"key":"DistilledChaos"},{"floor":4.0,"key":"BlessingOfTheForge"},{"floor":4.0,"key":"ColorlessPotion"},{"floor":7.0,"key":"Regen Potion"},{"floor":13,"key":"Dexterity Potion"}],"is_trial":false,"path_per_floor":["M","?","M","?","M","R","E","M","T","?","E","R","E","M","R","B"],"character_chosen":"THE_SILENT","items_purchased":[],"campfire_rested":1,"item_purchase_floors":[],"current_hp_per_floor":[63,63,63,63,63,63,48,39,39,39,21,42,40,35,35,0,0],"gold":239,"neow_bonus":"THREE_ENEMY_KILL","is_daily":false,"chose_seed":false,"campfire_upgraded":2,"win_rate":0.0,"timestamp":1611488309,"path_taken":["M","?","M","?","?","R","E","M","T","?","E","R","E","M","R","BOSS"],"items_purchased_type":[],"build_version":"2020-12-22","purchased_purges":0,"victory":false,"max_hp_per_floor":[70,70,70,70,70,70,70,70,70,70,70,70,70,70,70,70,70],"card_choices":[{"not_picked":["Dodge and Roll","Prepared"],"picked":"Noxious Fumes","floor":1.0},{"not_picked":["Choke","Dagger Throw"],"picked":"Prepared","floor":3.0},{"not_picked":["Slice","Sucker Punch"],"picked":"Bouncing Flask","floor":5.0},{"not_picked":["Malaise","Dodge and Roll"],"picked":"Backflip","floor":7.0},{"not_picked":["Slice","Acrobatics"],"picked":"Blur","floor":8.0},{"not_picked":["Bane","Heel Hook"],"picked":"Deadly Poison+1","floor":11},{"not_picked":["Well Laid Plans","Blade Dance+1"],"picked":"PiercingWail+1","floor":12},{"not_picked":["Prepared+1","Slice"],"picked":"Expertise+1","floor":13},{"not_picked":["Blade Dance+1","Flying Knee"],"picked":"Tactician+1","floor":14}],"player_experience":212905,"relics_obtained":[{"floor":7.0,"key":"Dream Catcher"},{"floor":9.0,"key":"Bag of Marbles"},{"floor":11,"key":"Toxic Egg 2"},{"floor":13,"key":"MawBank"}],"event_choices":[{"cards_removed":["Strike_G"],"damage_healed":0.0,"max_hp_gain":0.0,"max_hp_loss":0.0,"gold_gain":0.0,"event_name":"The Cleric","player_choice":"Card Removal","floor":2.0,"gold_loss":50.0,"damage_taken":0.0},{"damage_healed":0.0,"max_hp_gain":0.0,"max_hp_loss":0.0,"gold_gain":0.0,"event_name":"Lab","player_choice":"Got Potions","floor":4.0,"gold_loss":0.0,"damage_taken":0.0},{"damage_healed":0.0,"max_hp_gain":0.0,"max_hp_loss":0.0,"gold_gain":0.0,"event_name":"Match and Keep!","player_choice":"2 cards matched","floor":10.0,"gold_loss":0.0,"damage_taken":0.0,"cards_obtained":["PiercingWail","Grand Finale"]}],"is_beta":false,"boss_relics":[],"items_purged_floors":[],"is_endless":false,"potions_floor_spawned":[5,7,13],"killed_by":"Slime Boss","ascension_level":7}}