{"host":"l5xpox9cbdko122s","time":1611520132,"event":{"mods":["AchievementEnabler","BaseMod","Better Skull","Colored Map","Colored Powertips","Curses Come First","Displayed Cursed Tome","Hermit","Highlight Path","Minty Spire (QoL Compilation)","Quick Restart","Shop Mod","StSLib"],"gold_per_floor":[369,369,444,168,186,186,219,236,236,236,256,268,268,443,443,443,443],"floor_reached":16,"language":"ENG","playtime":1063,"items_purged":["Strike_R"],"score":100,"play_id":"5167269c-e2dd-4435-8998-41d12ad21b2f","local_time":"20210124152852","is_ascension_mode":false,"campfire_choices":[{"floor":6,"key":"RECALL"},{"data":"Metallicize","floor":10,"key":"SMITH"},{"floor":13,"key":"REST"},{"data":"Flame Barrier","floor":15,"key":"SMITH"}],"circlet_count":0,"master_deck":["Strike_R","Strike_R","Strike_R","Strike_R","Defend_R","Defend_R","Defend_R","Defend_R","Bash","Flame Barrier+1","Shrug It Off","Feel No Pain","Metallicize+1","Ghostly Armor","Doubt"],"relics":["Burning Blood","MerchantsRug","InkBottle","The Courier"],"acts_visited":["Exordium"],"potions_floor_usage":[7,11,16],"damage_taken":[{"damage":12,"enemies":"2 Louse","floor":1,"turns":4},{"damage":12,"enemies":"Small Slimes","floor":5,"turns":6},{"damage":29,"enemies":"Gremlin Nob","floor":7,"turns":5},{"damage":1,"enemies":"Cultist","floor":8,"turns":4},{"damage":9,"enemies":"Large Slime","floor":11,"turns":10},{"damage":0,"enemies":"Looter","floor":12,"turns":4},{"damage":82,"enemies":"The Guardian","floor":16,"turns":22}],"seed_played":"-6123143229246952300","potions_obtained":[{"floor":1,"key":"Strength Potion"},{"floor":8,"key":"ElixirPotion"},{"floor":12,"key":"SneckoOil"}],"is_trial":false,"path_per_floor":["M","?","?","$","M","R","E","M","T","R","M","M","R","?","R","B"],"character_chosen":"IRONCLAD","items_purchased":["MerchantsRug","Shrug It Off"],"campfire_rested":1,"item_purchase_floors":[4,4],"current_hp_per_floor":[66,66,55,55,49,49,26,31,31,31,28,34,55,55,55,0,0],"gold":443,"neow_bonus":"TWO_FIFTY_GOLD","is_daily":false,"chose_seed":false,"campfire_upgraded":2,"win_rate":0.0,"timestamp":1611520132,"path_taken":["M","?","?","$","M","R","E","M","T","R","M","M","R","?","R","BOSS"],"items_purchased_type":["Relic","Card"],"build_version":"2020-12-22","purchased_purges":1,"victory":false,"max_hp_per_floor":[72,72,72,72,72,72,72,72,72,72,72,72,72,72,72,72,72],"card_choices":[{"not_picked":["Sever Soul","Armaments"],"picked":"Flame Barrier","floor":1},{"not_picked":["Battle Trance","Sever Soul","Armaments"],"picked":"SKIP","floor":5},{"not_picked":["Heavy Blade","Flex"],"picked":"Feel No Pain","floor":7},{"not_picked":["Clash","Seeing Red"],"picked":"Metallicize","floor":8},{"not_picked":["Heavy Blade","Battle Trance"],"picked":"Ghostly Armor","floor":11},{"not_picked":["Clothesline","Bloodletting","Shrug It Off"],"picked":"SKIP","floor":12}],"player_experience":189083,"relics_obtained":[{"floor":7,"key":"InkBottle"},{"floor":9,"key":"The Courier"}],"event_choices":[{"damage_healed":0,"gold_gain":0,"player_choice":"Ignored","damage_taken":0,"max_hp_gain":0,"max_hp_loss":0,"event_name":"Shining Light","floor":2,"gold_loss":0},{"damage_healed":0,"gold_gain":75,"player_choice":"Gather Gold","damage_taken":11,"max_hp_gain":0,"max_hp_loss":0,"event_name":"World of Goop","floor":3,"gold_loss":0},{"damage_healed":0,"gold_gain":175,"player_choice":"AGREE","damage_taken":0,"max_hp_gain":0,"max_hp_loss":0,"event_name":"Liars Game","floor":14,"gold_loss":0,"cards_obtained":["Doubt"]}],"is_beta":false,"boss_relics":[],"items_purged_floors":[4],"is_endless":false,"potions_floor_spawned":[1,8,12],"killed_by":"The Guardian","ascension_level":0}}