{"host":"aj7el8l5kufbk20z","time":1611455756,"event":{"mods":["AchievementEnabler","BaseMod","Colored Map","Colored Powertips","Curses Come First","Highlight Path","Minty Spire (QoL Compilation)","Permanent Neow","Poor People Problems","Quick Restart","Rare Cards Sparkle","Relic Stats","StSLib","SuperFastMode","Waifu the Spire"],"gold_per_floor":[212,212,225,105,118,118,131,131,131,151,72,72,72,97,97,97,97],"floor_reached":16,"language":"ZHS","playtime":646,"items_purged":["Strike_R"],"score":161,"play_id":"9b87d69f-0ae5-4f6f-9fc0-10788ceff343","local_time":"20210124103556","is_ascension_mode":true,"campfire_choices":[{"data":"Entrench","floor":6.0,"key":"SMITH"},{"data":"Entrench","floor":12.0,"key":"SMITH"},{"data":"Inflame","floor":15.0,"key":"SMITH"}],"circlet_count":0,"master_deck":["AscendersBane","Strike_R","Strike_R","Strike_R","Defend_R","Defend_R","Defend_R","Defend_R","Bash","Entrench+1","Iron Wave","Shrug It Off","Cleave","Flex","Iron Wave","Entrench+1","Inflame+1"],"relics":["Burning Blood","Self Forming Clay","Golden Idol"],"acts_visited":["Exordium"],"potions_floor_usage":[],"damage_taken":[{"damage":0.0,"enemies":"Small Slimes","floor":1.0,"turns":3.0},{"damage":1.0,"enemies":"Cultist","floor":3.0,"turns":4.0},{"damage":0.0,"enemies":"2 Louse","floor":5.0,"turns":3.0},{"damage":7.0,"enemies":"Exordium Wildlife","floor":7.0,"turns":3.0},{"damage":2.0,"enemies":"Gremlin Gang","floor":10.0,"turns":6.0},{"damage":0.0,"enemies":"Exordium Thugs","floor":14.0,"turns":3.0},{"damage":49,"enemies":"Slime Boss","floor":16,"turns":10}],"seed_played":"2804096912058136309","potions_obtained":[{"floor":1.0,"key":"PowerPotion"},{"floor":10.0,"key":"Fire Potion"}],"is_trial":false,"path_per_floor":["M","?","M","$","M","R","M","?","T","M","$","R","?","M","R","B"],"character_chosen":"IRONCLAD","items_purchased":["Shrug It Off","Entrench"],"campfire_rested":0,"item_purchase_floors":[4,11],"current_hp_per_floor":[74,75,75,75,75,75,74,67,67,71,71,71,45,51,51,2,2],"gold":97,"neow_bonus":"HUNDRED_GOLD","is_daily":false,"chose_seed":false,"campfire_upgraded":3,"win_rate":0.0,"timestamp":1611455756,"path_taken":["M","?","M","$","?","R","?","?","T","M","$","R","?","M","R","BOSS"],"items_purchased_type":["Card","Card"],"build_version":"2020-12-22","purchased_purges":1,"victory":false,"max_hp_per_floor":[75,75,75,75,75,75,75,75,75,75,75,75,75,75,75,75,75],"relic_stats":{"counters":[7,32],"Self Forming Clay":[15],"Golden Idol":5,"obtain_stats":[{"Self Forming Clay":9,"Golden Idol":13,"Burning Blood":0},{"Self Forming Clay":4,"Golden Idol":5,"Burning Blood":0},{"Self Forming Clay":13,"Golden Idol":19,"Burning Blood":0}],"Burning Blood":25},"card_choices":[{"not_picked":["Bloodletting","Anger"],"picked":"Entrench","floor":1.0},{"not_picked":["Uppercut","Thunderclap"],"picked":"Iron Wave","floor":3.0},{"not_picked":["Uppercut","Twin Strike"],"picked":"Cleave","floor":5.0},{"not_picked":["Intimidate","Twin Strike"],"picked":"Flex","floor":7.0},{"not_picked":["Immolate","Pommel Strike"],"picked":"Iron Wave","floor":10.0},{"not_picked":["Shrug It Off","Disarm"],"picked":"Inflame","floor":14.0}],"player_experience":363594,"relics_obtained":[{"floor":9.0,"key":"Self Forming Clay"}],"event_choices":[{"damage_healed":1.0,"max_hp_gain":0.0,"max_hp_loss":0.0,"gold_gain":0.0,"event_name":"Wheel of Change","player_choice":"Full Heal","floor":2.0,"gold_loss":0.0,"damage_taken":0.0},{"cards_removed":["Strike_R"],"damage_healed":0.0,"max_hp_gain":0.0,"max_hp_loss":0.0,"gold_gain":0.0,"event_name":"Golden Wing","player_choice":"Card Removal","floor":8.0,"gold_loss":0.0,"damage_taken":7.0},{"damage_healed":0.0,"max_hp_gain":0.0,"max_hp_loss":0.0,"gold_gain":0.0,"event_name":"Golden Idol","player_choice":"Take Damage","floor":13.0,"gold_loss":0.0,"damage_taken":26.0,"relics_obtained":["Golden Idol"]}],"is_beta":false,"boss_relics":[],"items_purged_floors":[4],"is_endless":false,"potions_floor_spawned":[1,10],"killed_by":"Slime Boss","ascension_level":15}}