{"host":"bq4pt811tk9yrmjl","time":1611509749,"event":{"mods":["AchievementEnabler","BaseMod","Colored Map","Colored Powertips","Defuse TimeMaze Blight","Hermit","Minty Spire (QoL Compilation)","StSLib","SuperFastMode"],"gold_per_floor":[109,109,109,126,126,159,159,190,215,229,248,248,55,70,70,167,167,178,207,220,233,31,58,58,76,76,39,139,157,189,189,189,284,284,302,312,662,662,688,688,910,926,926,942,942,942,942,942],"floor_reached":47,"language":"ENG","playtime":1995,"items_purged":[],"score":574,"play_id":"076a596e-4691-4354-b6a3-4d4c0c662622","local_time":"20210124153549","is_ascension_mode":true,"campfire_choices":[{"floor":7,"key":"RECALL"},{"data":"Leg Sweep","floor":12,"key":"SMITH"},{"data":"Noxious Fumes","floor":15,"key":"SMITH"},{"floor":24,"key":"REST"},{"data":"After Image","floor":32,"key":"SMITH"},{"data":"Accuracy","floor":40,"key":"SMITH"},{"data":"Blade Dance","floor":45,"key":"SMITH"}],"circlet_count":0,"master_deck":["Strike_G","Strike_G","Defend_G","Defend_G","Defend_G","Defend_G","Defend_G","Survivor","Neutralize+1","Slice","Leg Sweep+1","Noxious Fumes+1","After Image+1","Slice","Dodge and Roll","Blade Dance+1","Slice+1","Dash","PiercingWail+1","Finisher+1","Accuracy+1","Dagger Throw+1","Phantasmal Killer+1","Skewer+1","Escape Plan","Madness","Madness"],"relics":["Ring of the Snake","NeowsBlessing","Dream Catcher","Juzu Bracelet","Smiling Mask","Anchor","TwistedFunnel","WristBlade","Red Mask","Regal Pillow","Mercury Hourglass","Peace Pipe","MealTicket","MutagenicStrength","Astrolabe","Old Coin","Vajra","Lantern"],"acts_visited":["Exordium","TheCity","TheBeyond"],"potions_floor_usage":[8,8,16,23,29,30,44],"damage_taken":[{"damage":0.0,"enemies":"Small Slimes","floor":1.0,"turns":1.0},{"damage":0,"enemies":"Jaw Worm","floor":4,"turns":1},{"damage":0,"enemies":"3 Sentries","floor":6,"turns":1},{"damage":8,"enemies":"Lagavulin","floor":8,"turns":6},{"damage":0,"enemies":"Cultist","floor":10,"turns":4},{"damage":0,"enemies":"Blue Slaver","floor":11,"turns":6},{"damage":0,"enemies":"2 Fungi Beasts","floor":14,"turns":4},{"damage":16,"enemies":"Hexaghost","floor":16,"turns":11},{"damage":8,"enemies":"Shell Parasite","floor":18,"turns":8},{"damage":20,"enemies":"Masked Bandits","floor":19,"turns":6},{"damage":12,"enemies":"Chosen","floor":20,"turns":5},{"damage":0,"enemies":"Centurion and Healer","floor":21,"turns":7},{"damage":0,"enemies":"Gremlin Leader","floor":23,"turns":9},{"damage":3,"enemies":"Snecko","floor":25,"turns":5},{"damage":0,"enemies":"Snake Plant","floor":29,"turns":4},{"damage":7,"enemies":"Slavers","floor":30,"turns":5},{"damage":44,"enemies":"Automaton","floor":33,"turns":11},{"damage":0,"enemies":"Orb Walker","floor":35,"turns":2},{"damage":0,"enemies":"3 Shapes","floor":36,"turns":5},{"damage":0,"enemies":"Mind Bloom Boss Battle","floor":37,"turns":9},{"damage":6,"enemies":"3 Darklings","floor":42,"turns":4},{"damage":0,"enemies":"Spire Growth","floor":44,"turns":3},{"damage":3,"enemies":"Writhing Mass","floor":47,"turns":6}],"seed_played":"8910790722276565514","potions_obtained":[{"floor":1.0,"key":"Strength Potion"},{"floor":4,"key":"ColorlessPotion"},{"floor":10,"key":"GhostInAJar"},{"floor":14,"key":"Strength Potion"},{"floor":20,"key":"CultistPotion"},{"floor":23,"key":"Poison Potion"},{"floor":36,"key":"PowerPotion"},{"floor":37,"key":"DistilledChaos"},{"floor":44,"key":"Weak Potion"}],"is_trial":false,"path_per_floor":["M","?","T","M","?","E","R","E","T","M","M","R","$","M","R","B",null,"M","?","M","M","$","E","R","M","T","$","?","M","E","?","R","B",null,"M","M","?","?","T","R","?","M","T","M","R","?","M"],"character_chosen":"THE_SILENT","items_purchased":["Noxious Fumes","TwistedFunnel","Regal Pillow","Block Potion","Accuracy"],"campfire_rested":1,"item_purchase_floors":[13,13,22,22,27],"current_hp_per_floor":[70,58,58,58,58,58,58,50,50,50,50,50,50,50,50,34,70,62,42,30,30,30,30,66,63,63,63,63,63,56,56,56,12,70,70,70,70,61,61,61,61,55,55,55,55,55,52,52],"gold":942,"neow_bonus":"THREE_ENEMY_KILL","is_daily":false,"chose_seed":false,"campfire_upgraded":5,"win_rate":0.0,"timestamp":1611509749,"path_taken":["M","?","?","M","?","E","R","E","T","M","M","R","$","M","R","BOSS","M","?","M","M","$","E","R","M","T","$","?","M","E","?","R","BOSS","M","M","?","?","?","R","?","M","T","M","R","?","M"],"items_purchased_type":["Card","Relic","Relic","Potion","Card"],"build_version":"2020-12-22","purchased_purges":0,"victory":false,"max_hp_per_floor":[70,70,70,70,70,70,70,70,70,70,70,70,70,70,70,70,70,70,70,70,70,70,70,70,70,70,70,70,70,70,70,70,70,70,70,70,70,70,70,70,70,70,70,70,70,70,70,70],"card_choices":[{"not_picked":["Setup","Quick Slash","Underhanded Strike"],"picked":"SKIP","floor":1.0},{"not_picked":["Setup","Outmaneuver","Dagger Spray"],"picked":"SKIP","floor":4},{"not_picked":["Eviscerate","Endless Agony"],"picked":"Slice","floor":6},{"not_picked":["Calculated Gamble","Wraith Form v2","Sucker Punch"],"picked":"SKIP","floor":8},{"not_picked":["Dagger Throw","Slice"],"picked":"Leg Sweep","floor":10},{"not_picked":["Outmaneuver","Acrobatics","Underhanded Strike"],"picked":"SKIP","floor":11},{"not_picked":["Dodge and Roll","Setup","Dagger Spray"],"picked":"SKIP","floor":14},{"not_picked":["Malaise","Burst"],"picked":"After Image","floor":16},{"not_picked":["Prepared","Tactician"],"picked":"Slice","floor":18},{"not_picked":["Dagger Throw+1","Bane"],"picked":"Dodge and Roll","floor":19},{"not_picked":["Quick Slash+1","Setup"],"picked":"Blade Dance","floor":20},{"not_picked":["Cloak And Dagger","Storm of Steel"],"picked":"Slice+1","floor":21},{"not_picked":["Outmaneuver","Dagger Throw"],"picked":"Dash","floor":23},{"not_picked":["Dagger Spray","Blur"],"picked":"PiercingWail+1","floor":24},{"not_picked":["Dash","Bane"],"picked":"Finisher+1","floor":25},{"not_picked":["Heel Hook","Backflip","Acrobatics+1"],"picked":"SKIP","floor":29},{"not_picked":["Backflip","Setup","Concentrate"],"picked":"SKIP","floor":30},{"not_picked":["Slice","Underhanded Strike+1"],"picked":"Escape Plan","floor":35},{"not_picked":["Cloak And Dagger","Footwork","Underhanded Strike"],"picked":"SKIP","floor":36},{"not_picked":["Eviscerate","Deadly Poison","Reflex"],"picked":"SKIP","floor":42},{"not_picked":["Flying Knee+1","Eviscerate","Backflip"],"picked":"SKIP","floor":44}],"player_experience":226593,"relics_obtained":[{"floor":6,"key":"Juzu Bracelet"},{"floor":8,"key":"Smiling Mask"},{"floor":9,"key":"Anchor"},{"floor":19,"key":"Red Mask"},{"floor":23,"key":"Mercury Hourglass"},{"floor":26,"key":"Peace Pipe"},{"floor":30,"key":"MealTicket"},{"floor":37,"key":"Old Coin"},{"floor":39,"key":"Vajra"},{"floor":43,"key":"Lantern"}],"event_choices":[{"damage_healed":0.0,"max_hp_gain":0.0,"max_hp_loss":0.0,"gold_gain":0.0,"event_name":"Scrap Ooze","player_choice":"Success","floor":2.0,"gold_loss":0.0,"damage_taken":12.0,"relics_obtained":["Dream Catcher"]},{"damage_healed":0,"gold_gain":0,"player_choice":"Grow","damage_taken":0,"max_hp_gain":0,"max_hp_loss":0,"event_name":"Living Wall","floor":5,"gold_loss":0,"cards_upgraded":["Neutralize"]},{"damage_healed":0,"gold_gain":0,"player_choice":"Fought Bandits","damage_taken":0,"max_hp_gain":0,"max_hp_loss":0,"event_name":"Masked Bandits","floor":19,"gold_loss":0},{"damage_healed":0,"gold_gain":100,"player_choice":"Pray","damage_taken":0,"max_hp_gain":0,"max_hp_loss":0,"event_name":"Golden Shrine","floor":28,"gold_loss":0},{"damage_healed":0,"gold_gain":0,"player_choice":"Inject Mutagens","damage_taken":0,"relics_obtained":["MutagenicStrength"],"max_hp_gain":0,"max_hp_loss":0,"event_name":"Drug Dealer","floor":31,"gold_loss":0},{"damage_healed":0,"gold_gain":0,"player_choice":"Fight","damage_taken":0,"max_hp_gain":0,"max_hp_loss":0,"event_name":"MindBloom","floor":37,"gold_loss":0},{"damage_healed":0,"gold_gain":0,"player_choice":"Embrace Madness","damage_taken":9,"max_hp_gain":0,"max_hp_loss":0,"event_name":"Winding Halls","floor":38,"gold_loss":0,"cards_obtained":["Madness","Madness"]},{"damage_healed":0,"gold_gain":222,"player_choice":"Wore Mask","damage_taken":0,"max_hp_gain":0,"max_hp_loss":0,"event_name":"Tomb of Lord Red Mask","floor":41,"gold_loss":0},{"damage_healed":0,"gold_gain":0,"player_choice":"Ignored","damage_taken":0,"max_hp_gain":0,"max_hp_loss":0,"event_name":"SecretPortal","floor":46,"gold_loss":0}],"is_beta":false,"boss_relics":[{"not_picked":["SlaversCollar","Black Star"],"picked":"WristBlade"},{"not_picked":["HoveringKite","Coffee Dripper"],"picked":"Astrolabe"}],"items_purged_floors":[],"is_endless":false,"potions_floor_spawned":[1,4,10,14,20,23,25,36,37,44],"killed_by":"Writhing Mass","ascension_level":1}}