{"host":"bc298c4gavna5tx2","time":1611457866,"event":{"mods":["ATMod(阿瑾Mod)","Act Like it!","BaseMod","Challenge The Spire","Lobotomy","Minty Spire (QoL Compilation)","MostiFishMod","Quarter Circle Forward PUNCH!","Quick Restart","Replay The Spire","Spicy Shops","StSLib","【功能Mod】混沌之环修复补丁","【功能Mod】聪明的最终Boss","【遗物卡牌】REMEMod"],"gold_per_floor":[112,112,129,129,141,141,170,22,97,110,110,120,139,158,158,253,253,263,263,42,141,158,173,201,201,201,201,201,201],"floor_reached":28,"language":"ZHS","playtime":1318,"items_purged":[],"score":349,"play_id":"a354e89f-5b30-4d14-89dc-ed9593168fb9","local_time":"20210124111106","is_ascension_mode":true,"campfire_choices":[{"data":"Pinks","floor":6.0,"key":"SMITH"},{"data":"Pummel","floor":11.0,"key":"SMITH"},{"data":"AT_KingSlayer","floor":15,"key":"SMITH"},{"data":"Bash","floor":25,"key":"SMITH"}],"circlet_count":0,"master_deck":["Strike_R","Strike_R","Strike_R","Strike_R","Strike_R","Defend_R","Defend_R","Bash+1","Pinks+1","OSAHOGD","VoidDream","Funeral","ReplayTheSpireMod:Corrosion Curse+1","CherryBlossoms"],"relics":["Burning Blood","AT_ATBox","DaveBox","REME_ComplimentaryCards","ImprovedEquipment","CogitoBucket","SynthV:TestCard","Art of War","AT_SunfireAegis","LuminousBracelet","ChiXiaoBlade","Onion Ring","qcfpunch:Not_Strongest_Fighting_Style_Guidebook","Pet Ghost","Replay:Rubber Ducky","Mercury Hourglass"],"acts_visited":["Exordium","TheCity"],"potions_floor_usage":[16,24],"damage_taken":[{"damage":4.0,"enemies":"Small Slimes","floor":1.0,"turns":4.0},{"damage":12.0,"enemies":"Jaw Worm","floor":3.0,"turns":3.0},{"damage":13.0,"enemies":"2 Louse","floor":5.0,"turns":3.0},{"damage":23.0,"enemies":"Replay:BlueRogue","floor":7.0,"turns":7.0},{"damage":20.0,"enemies":"Lots of Slimes","floor":10.0,"turns":4.0},{"damage":30.0,"enemies":"Looter","floor":12.0,"turns":5.0},{"damage":10,"enemies":"Large Slime","floor":13,"turns":5},{"damage":0,"enemies":"2 Fungi Beasts","floor":14,"turns":3},{"damage":38,"enemies":"Slime Boss","floor":16,"turns":7},{"damage":12,"enemies":"Chosen","floor":18,"turns":6},{"damage":28,"enemies":"Spheric Guardian","floor":22,"turns":7},{"damage":61,"enemies":"Chosen and Byrds","floor":23,"turns":6},{"damage":14,"enemies":"Slavers","floor":24,"turns":5},{"damage":2,"enemies":"Replay:Snechameleon","floor":28,"turns":4}],"seed_played":"-5906490613231362462","potions_obtained":[{"floor":10.0,"key":"Energy Potion"},{"floor":14,"key":"BloodPotion"},{"floor":23,"key":"ColorlessPotion"}],"is_trial":false,"path_per_floor":["M","?","M","?","M","R","E","$","T","M","R","M","M","M","R","B",null,"M","?","$","?","M","M","E","R","T","?","E"],"character_chosen":"IRONCLAD","items_purchased":["AT_SunfireAegis","qcfpunch:Not_Strongest_Fighting_Style_Guidebook","Pet Ghost"],"campfire_rested":0,"item_purchase_floors":[8,20,20],"current_hp_per_floor":[74,74,68,73,66,66,49,49,49,35,35,26,22,29,29,20,80,82,82,82,82,98,62,60,60,60,40,41,41],"gold":201,"neow_bonus":"","is_daily":false,"chose_seed":false,"campfire_upgraded":4,"win_rate":0.0,"timestamp":1611457866,"path_taken":["M","?","M","?","M","R","E","?","T","M","R","?","?","M","R","BOSS","M","?","?","?","M","?","E","R","T","?","E"],"items_purchased_type":["Relic","Relic","Relic"],"build_version":"2020-12-22","purchased_purges":0,"victory":false,"max_hp_per_floor":[80,80,80,85,85,85,85,85,85,85,85,100,100,100,100,100,100,100,100,100,100,100,100,100,100,100,105,105,105],"card_choices":[{"not_picked":["AT_GerminateFire","Sentinel","Body Slam"],"picked":"SKIP","floor":1.0},{"not_picked":["Disarm","Havoc","REME_SingleHolding","AT_IchimonjiDouble","Iron Wave"],"picked":"SKIP","floor":3.0},{"not_picked":["Alriune","Porccubus"],"picked":"OSAHOGD","floor":5.0},{"not_picked":["True Grit","ReplayTheSpireMod:LeadingStrike","Clothesline","Anger","REME_FearOfPain"],"picked":"SKIP","floor":5.0},{"not_picked":["Shrug It Off","ReplayTheSpireMod:Strike From Hell","Clothesline","Dark Embrace"],"picked":"Pummel","floor":7.0},{"not_picked":["Scorched","MeatLantern","CrumblingArmor"],"picked":"Singing Bowl","floor":10.0},{"not_picked":["MeatLantern","NakedNest"],"picked":"VoidDream","floor":10.0},{"not_picked":["Thunderclap","Havoc","Heavy Blade","Twin Strike","Blood for Blood"],"picked":"SKIP","floor":10.0},{"not_picked":["BeautyBeast","Woodsman"],"picked":"SnowQueen","floor":12.0},{"not_picked":["Body Slam","Bloodletting","Armaments","Pommel Strike","Wild Strike"],"picked":"SKIP","floor":12.0},{"not_picked":["QueenBee","PunishingBird","LongBird"],"picked":"Singing Bowl","floor":13},{"not_picked":["WallGazer","LittlePrince"],"picked":"Funeral","floor":13},{"not_picked":["ReplayTheSpireMod:Strike From Hell","Hemokinesis","Cleave","Massacre","REME_Cut"],"picked":"SKIP","floor":13},{"not_picked":["BodiesMountain","MHz","Laetitia"],"picked":"Singing Bowl","floor":14},{"not_picked":["Anger","AT_IchimonjiDouble","Inflame","AT_ManFootWork","Massacre"],"picked":"SKIP","floor":14},{"not_picked":["MostiFishMod:UltimateDefense","MostiFishMod:TemporaryOutbreak","Corruption","Impervious"],"picked":"Reaper","floor":16},{"not_picked":["Anger","Twin Strike","Warcry","ReplayTheSpireMod:LeadingStrike"],"picked":"ReplayTheSpireMod:Corrosion Curse+1","floor":18},{"not_picked":["Armaments","Warcry","Iron Wave+1","Infernal Blade","Fire Breathing"],"picked":"SKIP","floor":22},{"not_picked":["Armaments","Warcry","Iron Wave+1","Infernal Blade","Fire Breathing"],"picked":"SKIP","floor":22},{"not_picked":["Twin Strike","Run Through+1","Perfected Strike","Iron Wave+1","ReplayTheSpireMod:Strike From Hell"],"picked":"SKIP","floor":23},{"not_picked":["Twin Strike","Run Through+1","Perfected Strike","Iron Wave+1","ReplayTheSpireMod:Strike From Hell"],"picked":"SKIP","floor":23},{"not_picked":["FairyFestival","Porccubus"],"picked":"CherryBlossoms","floor":24},{"not_picked":["REME_SingleHolding","Sword Boomerang","AT_GerminateFire+1","Run Through","Abandon+1"],"picked":"SKIP","floor":24}],"player_experience":104398,"relics_obtained":[{"floor":1.0,"key":"SynthV:TestCard"},{"floor":7.0,"key":"Art of War"},{"floor":24,"key":"Replay:Rubber Ducky"},{"floor":26,"key":"Mercury Hourglass"}],"event_choices":[{"damage_healed":0.0,"max_hp_gain":5.0,"max_hp_loss":0.0,"gold_gain":0.0,"event_name":"Big Fish","player_choice":"Donut","floor":4.0,"gold_loss":0.0,"damage_taken":0.0},{"damage_healed":0,"gold_gain":99,"player_choice":"Stole From Cult","damage_taken":0,"max_hp_gain":0,"max_hp_loss":0,"event_name":"Nest","floor":21,"gold_loss":0},{"damage_healed":0,"gold_gain":0,"player_choice":"Shed Blood","damage_taken":25,"max_hp_gain":5,"max_hp_loss":0,"event_name":"Forgotten Altar","floor":27,"gold_loss":0}],"is_beta":false,"boss_relics":[{"not_picked":["Tiny House","Black Blood"],"picked":"ChiXiaoBlade"}],"items_purged_floors":[],"is_endless":false,"potions_floor_spawned":[3,7,10,13,14,23],"killed_by":"Replay:Snechameleon","ascension_level":7}}