{"host":"lnt5dzsuhru0aonl","time":1611473088,"event":{"mods":["2.2 Compatiblity","BaseMod","Colored Map","Colored Powertips","DeckTracker","Keyboard Shortcuts","Minty Spire (QoL Compilation)","Permanent Neow","Rare Cards Sparkle","StSLib","SuperFastMode","everything is the same but u backflip on backflip"],"gold_per_floor":[110,35,35,35,54,54,64,64,64,96,96,20,20,54,54,129,129,149,149,159,159,169,169,184,184,262,145,178,178,191,216,216,291,291,307,42,42,42,58,68,98,130,168,205,236,276,288,320,332,344,356,356],"floor_reached":51,"language":"KOR","playtime":1876,"items_purged":["Injury"],"score":1700,"play_id":"2b0114db-a04c-4329-ae1a-4de98aa90250","local_time":"20210124162448","is_ascension_mode":true,"campfire_choices":[{"data":"Lockon","floor":6.0,"key":"SMITH"},{"data":"Buffer","floor":8.0,"key":"SMITH"},{"data":"Glacier","floor":15.0,"key":"SMITH"},{"data":"Coolheaded","floor":25.0,"key":"SMITH"},{"data":"Seek","floor":29.0,"key":"SMITH"},{"data":"Conserve Battery","floor":32.0,"key":"SMITH"},{"floor":47.0,"key":"REST"},{"floor":49.0,"key":"REST"}],"circlet_count":0,"master_deck":["AscendersBane","Strike_B","Strike_B","Strike_B","Defend_B","Defend_B","Defend_B","Defend_B","Zap+1","Sweeping Beam","Seek+1","Lockon+1","Buffer+1","Glacier+1","Self Repair+1","Conserve Battery+1","Buffer+1","Defragment+1","Loop+1","Coolheaded+1","Ball Lightning+1","Defragment+1","Electrodynamics+1","Capacitor+1","Heatsinks+1","Purity","Purity","Capacitor+1","Steam+1","Chill","Normality","Static Discharge+1","Conserve Battery+1","Barrage+1"],"relics":["Cracked Core","Frozen Egg 2","Akabeko","White Beast Statue","Bag of Marbles","Cursed Key","Matryoshka","Strawberry","Nunchaku","Runic Pyramid","Letter Opener","MawBank","CeramicFish","Pen Nib","Unceasing Top"],"acts_visited":["Exordium","TheCity","TheBeyond"],"potions_floor_usage":[],"damage_taken":[{"damage":9.0,"enemies":"Jaw Worm","floor":1.0,"turns":4.0},{"damage":9.0,"enemies":"Small Slimes","floor":5.0,"turns":3.0},{"damage":1.0,"enemies":"Cultist","floor":7.0,"turns":3.0},{"damage":0.0,"enemies":"Lagavulin","floor":10.0,"turns":7.0},{"damage":0.0,"enemies":"Gremlin Nob","floor":14.0,"turns":4.0},{"damage":1.0,"enemies":"The Guardian","floor":16.0,"turns":13.0},{"damage":11.0,"enemies":"Shell Parasite","floor":18.0,"turns":6.0},{"damage":2.0,"enemies":"3 Byrds","floor":20.0,"turns":3.0},{"damage":9.0,"enemies":"Snecko","floor":22.0,"turns":7.0},{"damage":0.0,"enemies":"Gremlin Leader","floor":23.0,"turns":1.0},{"damage":0.0,"enemies":"Centurion and Healer","floor":24.0,"turns":8.0},{"damage":31.0,"enemies":"Book of Stabbing","floor":28.0,"turns":6.0},{"damage":8.0,"enemies":"Snake Plant","floor":30.0,"turns":2.0},{"damage":0.0,"enemies":"Slavers","floor":31.0,"turns":3.0},{"damage":26.0,"enemies":"Collector","floor":33.0,"turns":8.0},{"damage":23.0,"enemies":"3 Darklings","floor":35.0,"turns":5.0},{"damage":16.0,"enemies":"Orb Walker","floor":39.0,"turns":4.0},{"damage":41.0,"enemies":"Spire Growth","floor":40.0,"turns":5.0},{"damage":0.0,"enemies":"Giant Head","floor":41.0,"turns":7.0},{"damage":0.0,"enemies":"Sphere and 2 Shapes","floor":42.0,"turns":5.0},{"damage":25.0,"enemies":"4 Shapes","floor":44.0,"turns":2.0},{"damage":3.0,"enemies":"Jaw Worm Horde","floor":45.0,"turns":3.0},{"damage":0.0,"enemies":"Reptomancer","floor":46.0,"turns":6.0},{"damage":18.0,"enemies":"3 Darklings","floor":48.0,"turns":5.0},{"damage":14.0,"enemies":"Donu and Deca","floor":50.0,"turns":9.0},{"damage":51,"enemies":"Awakened One","floor":51,"turns":2}],"seed_played":"-6740803934651828877","potions_obtained":[{"floor":10.0,"key":"Fire Potion"},{"floor":14.0,"key":"Strength Potion"},{"floor":16.0,"key":"LiquidBronze"},{"floor":20.0,"key":"Strength Potion"},{"floor":22.0,"key":"SmokeBomb"},{"floor":24.0,"key":"BlessingOfTheForge"},{"floor":30.0,"key":"Explosive Potion"},{"floor":31.0,"key":"Weak Potion"},{"floor":33.0,"key":"Energy Potion"},{"floor":35.0,"key":"BlessingOfTheForge"},{"floor":39.0,"key":"Fire Potion"},{"floor":40.0,"key":"PotionOfCapacity"},{"floor":41.0,"key":"EntropicBrew"},{"floor":44.0,"key":"SmokeBomb"},{"floor":45.0,"key":"ColorlessPotion"},{"floor":46.0,"key":"AttackPotion"},{"floor":48.0,"key":"SpeedPotion"}],"is_trial":false,"path_per_floor":["M","?","?","$","M","R","M","R","T","E","T","$","?","E","R","B",null,"M","?","M","?","M","E","M","R","T","$","E","R","M","E","R","B",null,"M","$","?","?","M","M","E","M","T","M","M","E","R","M","R","B","B"],"character_chosen":"DEFECT","items_purchased":["Self Repair+1","Defragment+1","Letter Opener"],"campfire_rested":2,"item_purchase_floors":[12,27,36],"current_hp_per_floor":[55,55,55,55,46,46,45,45,45,45,45,45,50,60,60,69,74,73,73,76,76,76,76,76,76,76,76,62,62,54,54,54,38,72,59,59,49,49,43,12,22,32,32,7,4,14,38,30,54,50,0,0],"gold":356,"neow_bonus":"UPGRADE_CARD","is_daily":false,"chose_seed":false,"campfire_upgraded":6,"win_rate":0.0,"timestamp":1611473088,"path_taken":["M","?","?","$","?","R","M","R","T","E","?","$","?","E","R","BOSS","M","?","M","?","M","E","M","R","T","$","E","R","M","E","R","BOSS","M","$","?","?","M","M","E","M","T","M","M","E","R","M","R","BOSS","BOSS"],"items_purchased_type":["Card","Card","Relic"],"build_version":"2020-12-22","purchased_purges":1,"victory":false,"max_hp_per_floor":[71,71,71,71,71,71,71,71,71,71,71,71,76,76,76,76,76,76,76,76,76,76,76,76,76,76,76,83,83,83,83,83,83,83,83,83,83,83,83,83,83,83,83,83,83,83,83,83,83,83,83,83],"card_choices":[{"not_picked":["Rebound","Compile Driver"],"picked":"Sweeping Beam","floor":1.0},{"not_picked":["White Noise","Blizzard"],"picked":"Lockon","floor":5.0},{"not_picked":["Double Energy","Coolheaded"],"picked":"Buffer","floor":7.0},{"not_picked":["BootSequence","Sweeping Beam"],"picked":"Glacier","floor":10.0},{"not_picked":["Darkness","Compile Driver"],"picked":"Conserve Battery","floor":14.0},{"not_picked":["Rainbow","Meteor Strike"],"picked":"Buffer+1","floor":16.0},{"not_picked":["Barrage+1","Skim+1"],"picked":"Defragment+1","floor":18.0},{"not_picked":["Genetic Algorithm","Streamline"],"picked":"Coolheaded","floor":20.0},{"not_picked":["Coolheaded","Cold Snap+1"],"picked":"Ball Lightning+1","floor":22.0},{"not_picked":["Darkness+1","Stack","Force Field"],"picked":"SKIP","floor":24.0},{"not_picked":["Defragment+1","Coolheaded"],"picked":"Electrodynamics+1","floor":28.0},{"not_picked":["Coolheaded","Beam Cell+1","Melter+1"],"picked":"SKIP","floor":30.0},{"not_picked":["Machine Learning+1","Sweeping Beam"],"picked":"Capacitor+1","floor":31.0},{"not_picked":["Streamline","Defragment+1"],"picked":"Heatsinks+1","floor":35.0},{"not_picked":["Impatience","Jack Of All Trades"],"picked":"Purity","floor":37.0},{"not_picked":["Swift Strike","Blind"],"picked":"Purity","floor":37.0},{"not_picked":["Conserve Battery","Scrape+1"],"picked":"Capacitor+1","floor":39.0},{"not_picked":["Skim","Barrage"],"picked":"Steam+1","floor":40.0},{"not_picked":["Electrodynamics+1","Scrape"],"picked":"Chill","floor":41.0},{"not_picked":["Force Field","Aggregate","Steam"],"picked":"SKIP","floor":42.0},{"not_picked":["Rip and Tear","Darkness+1"],"picked":"Static Discharge+1","floor":44.0},{"not_picked":["Barrage","Lockon"],"picked":"Conserve Battery+1","floor":45.0},{"not_picked":["Heatsinks+1","Streamline","Reinforced Body"],"picked":"SKIP","floor":46.0},{"not_picked":["Ball Lightning","Rebound"],"picked":"Barrage+1","floor":48.0}],"player_experience":738710,"relics_obtained":[{"floor":9.0,"key":"Frozen Egg 2"},{"floor":10.0,"key":"Akabeko"},{"floor":11.0,"key":"White Beast Statue"},{"floor":14.0,"key":"Bag of Marbles"},{"floor":26.0,"key":"Matryoshka"},{"floor":28.0,"key":"Strawberry"},{"floor":31.0,"key":"Nunchaku"},{"floor":41.0,"key":"MawBank"},{"floor":43.0,"key":"CeramicFish"},{"floor":43.0,"key":"Pen Nib"},{"floor":46.0,"key":"Unceasing Top"}],"event_choices":[{"cards_removed":["Dualcast"],"damage_healed":0.0,"max_hp_gain":0.0,"max_hp_loss":0.0,"gold_gain":0.0,"event_name":"The Cleric","player_choice":"Card Removal","floor":2.0,"gold_loss":75.0,"damage_taken":0.0},{"damage_healed":0.0,"max_hp_gain":0.0,"max_hp_loss":0.0,"gold_gain":0.0,"event_name":"Match and Keep!","player_choice":"1 cards matched","floor":3.0,"gold_loss":0.0,"damage_taken":0.0,"cards_obtained":["Seek"]},{"damage_healed":0.0,"max_hp_gain":5.0,"max_hp_loss":0.0,"gold_gain":0.0,"event_name":"Big Fish","player_choice":"Donut","floor":13.0,"gold_loss":0.0,"damage_taken":0.0},{"damage_healed":0.0,"max_hp_gain":0.0,"max_hp_loss":0.0,"gold_gain":0.0,"event_name":"The Library","player_choice":"Read","floor":19.0,"gold_loss":0.0,"damage_taken":0.0,"cards_obtained":["Loop"]},{"damage_healed":0.0,"max_hp_gain":0.0,"max_hp_loss":0.0,"gold_gain":0.0,"event_name":"The Mausoleum","player_choice":"Ignored","floor":21.0,"gold_loss":0.0,"damage_taken":0.0},{"damage_healed":0.0,"max_hp_gain":0.0,"max_hp_loss":0.0,"gold_gain":0.0,"event_name":"SensoryStone","player_choice":"Memory 3","floor":37.0,"gold_loss":0.0,"damage_taken":10.0},{"cards_removed":["Strike_B"],"damage_healed":0.0,"max_hp_gain":0.0,"max_hp_loss":0.0,"gold_gain":0.0,"event_name":"Bonfire Elementals","player_choice":"Offered Basic","floor":38.0,"gold_loss":0.0,"damage_taken":0.0}],"is_beta":false,"boss_relics":[{"not_picked":["Velvet Choker","Philosopher\u0027s Stone"],"picked":"Cursed Key"},{"not_picked":["Runic Dome","FrozenCore"],"picked":"Runic Pyramid"}],"items_purged_floors":[27],"is_endless":false,"potions_floor_spawned":[10,14,16,18,20,22,23,24,28,30,31,33,35,39,40,41,42,44,45,46,48],"killed_by":"Awakened One","ascension_level":20}}