{"host":"n91w9dq5l8qws978","time":1611491104,"event":{"mods":["BaseMod","Bestiary","Challenge The Spire","Custom Start","Defuse TimeMaze Blight","Keyboard Shortcuts","Minty Spire (QoL Compilation)","MonsterHotkey","Relic Stats","StSLib","Uncapped"],"gold_per_floor":[117,20,38,113,20,20,48,48,48,61,61,81,95,112,112,112,112],"floor_reached":16,"language":"ENG","playtime":496,"items_purged":[],"score":184,"play_id":"ce2f04ac-7249-4294-84d6-b33c4655c7b1","local_time":"20210124122504","is_ascension_mode":true,"campfire_choices":[{"data":"Well Laid Plans","floor":6,"key":"SMITH"},{"data":"Dagger Spray","floor":8,"key":"SMITH"},{"data":"Footwork","floor":11,"key":"SMITH"},{"data":"Bouncing Flask","floor":15,"key":"SMITH"}],"circlet_count":0,"master_deck":["AscendersBane","Strike_G","Strike_G","Strike_G","Strike_G","Strike_G","Defend_G","Defend_G","Defend_G","Defend_G","Defend_G","Survivor","Neutralize","Dagger Spray+1","Well Laid Plans+1","Poisoned Stab","Deflect","Footwork+1","Bane","Backflip","Footwork","Bouncing Flask+1","Quick Slash","Bane"],"relics":["Ring of the Snake","Anchor","Oddly Smooth Stone","Bottled Flame"],"acts_visited":["Exordium"],"potions_floor_usage":[],"damage_taken":[{"damage":0,"enemies":"Cultist","floor":1,"turns":4},{"damage":0,"enemies":"Small Slimes","floor":3,"turns":3},{"damage":42,"enemies":"Gremlin Nob","floor":7,"turns":6},{"damage":0,"enemies":"2 Louse","floor":10,"turns":2},{"damage":0,"enemies":"Exordium Wildlife","floor":12,"turns":4},{"damage":0,"enemies":"3 Louse","floor":13,"turns":3},{"damage":0,"enemies":"Large Slime","floor":14,"turns":6},{"damage":36,"enemies":"The Guardian","floor":16,"turns":3}],"seed_played":"6653599487619780713","potions_obtained":[{"floor":12,"key":"Dexterity Potion"},{"floor":13,"key":"AttackPotion"}],"is_trial":false,"path_per_floor":["M","$","M","?","$","R","E","R","T","M","R","M","M","M","R","B"],"character_chosen":"THE_SILENT","items_purchased":["Well Laid Plans","Poisoned Stab","Footwork","Bane"],"campfire_rested":0,"item_purchase_floors":[2,2,5,5],"current_hp_per_floor":[59,59,59,48,48,48,6,6,6,6,6,66,66,66,66,30,30],"gold":112,"neow_bonus":"RANDOM_COMMON_RELIC","is_daily":false,"chose_seed":false,"campfire_upgraded":4,"win_rate":0.0,"timestamp":1611491104,"path_taken":["M","?","M","?","$","R","E","R","T","M","R","M","M","M","R","BOSS"],"items_purchased_type":["Card","Card","Card","Card"],"build_version":"2020-12-22","purchased_purges":0,"victory":false,"max_hp_per_floor":[66,66,66,66,66,66,66,66,66,66,66,66,66,66,66,66,66],"relic_stats":{"counters":[8,31],"obtain_stats":[{"Anchor":0,"Bottled Flame":9,"Oddly Smooth Stone":7,"Ring of the Snake":0},{"Anchor":0,"Bottled Flame":3,"Oddly Smooth Stone":3,"Ring of the Snake":0},{"Anchor":0,"Bottled Flame":13,"Oddly Smooth Stone":13,"Ring of the Snake":0}],"Ring of the Snake":[16]},"card_choices":[{"not_picked":["Terror","Acrobatics"],"picked":"Dagger Spray","floor":1},{"not_picked":["Expertise","Flechettes"],"picked":"Deflect","floor":3},{"not_picked":["Dodge and Roll","Sucker Punch"],"picked":"Backflip","floor":7},{"not_picked":["Deadly Poison","Endless Agony"],"picked":"Footwork","floor":10},{"not_picked":["Blade Dance","Night Terror"],"picked":"Bouncing Flask","floor":12},{"not_picked":["Dagger Spray","Outmaneuver"],"picked":"Quick Slash","floor":13},{"not_picked":["Outmaneuver","Distraction"],"picked":"Bane","floor":14}],"player_experience":415338,"relics_obtained":[{"floor":7,"key":"Oddly Smooth Stone"},{"floor":9,"key":"Bottled Flame"}],"event_choices":[{"damage_healed":0,"gold_gain":75,"player_choice":"Gather Gold","damage_taken":11,"max_hp_gain":0,"max_hp_loss":0,"event_name":"World of Goop","floor":4,"gold_loss":0}],"is_beta":false,"boss_relics":[],"items_purged_floors":[],"is_endless":false,"potions_floor_spawned":[12,13,14],"killed_by":"The Guardian","ascension_level":16}}