{"host":"fm9e0lfunjlbhzxv","time":1611464705,"event":{"mods":["2.2 Compatiblity","Alarm Clock","Astrologer","BaseMod","Bestiary","Better Match","Better Skull","Better Third Choice","Colored Map","Colored Powertips","Downfall","Energized Spire","Good Game Mod","Key Reminder","Magitek Elite","Minty Spire (QoL Compilation)","Permanent Neow","Random Character Button","Rare Cards Sparkle","Relic Stats","Spicy Shops","StSLib","The Administrix","The Blue Laboratory","The Bug Knight","The Disciple","The Servant 0.9.4","The Vixen","Trackpad","slay the spire mod where everything is the same but ironclad has a cowboy hat"],"gold_per_floor":[99,115,130,148,148,160,241,276,365,395,147,174,174,174,185,185,185,185],"floor_reached":16,"language":"ENG","playtime":1408,"items_purged":["sneckomod:Defend"],"score":196,"play_id":"7a473df9-dde2-4ad0-a8b0-5ace6fe36fe5","local_time":"20210123210505","is_ascension_mode":true,"campfire_choices":[{"floor":1,"key":"RECALL"}],"circlet_count":0,"master_deck":["sneckomod:Defend+1","sneckomod:TailWhip","sneckomod:SnekBite+1","sneckomod:Unknown+1","sneckomod:Unknown","sneckomod:Unknown2Cost+1","sneckomod:ImprovisedAttack+1","sneckomod:SoulDraw+1","hexamod:ThirdSeal","sneckomod:QuickBite+1","sneckomod:UnknownDraw","sneckomod:CheapStock","sneckomod:UnknownExhaust+1","sneckomod:UnknownRareSkill","sneckomod:UnknownCommonAttack","downfall:Malfunctioning","sneckomod:TrashToTreasure","sneckomod:SnakeSap","sneckomod:PureSnecko","sneckomod:WideSting","sneckomod:UnknownVulnerable","sneckomod:UnknownCommonAttack","sneckomod:UnknownBlock","sneckomod:UnknownColorless","sneckomod:CheapStock","sneckomod:UnknownRarePower","sneckomod:MasterEye","sneckomod:UnknownRareAttack","sneckomod:Unknown2Cost","sneckomod:UnknownCommonSkill","sneckomod:SoulRoll","sneckomod:UnknownBlock"],"relics":["REME:ComplimentaryCards","Astrolabe","keyreminder:keyreminder","Kunai","trackpad:SappingStone","trackpad:BottledShadow","Orichalcum","Juzu Bracelet","TheVixenMod:UmbreonRelic"],"acts_visited":["Exordium"],"potions_floor_usage":[9,10,15],"damage_taken":[{"damage":3,"enemies":"Small Slimes","floor":2,"turns":3},{"damage":2,"enemies":"2 Louse","floor":3,"turns":3},{"damage":0,"enemies":"Cultist","floor":4,"turns":2},{"damage":22,"enemies":"3 Louse","floor":6,"turns":3},{"damage":0,"enemies":"Lagavulin","floor":8,"turns":5},{"damage":10,"enemies":"3 Sentries","floor":9,"turns":8},{"damage":53,"enemies":"3 Sentries","floor":10,"turns":8},{"damage":0,"enemies":"downfall:FleeingMerchant","floor":11,"turns":4},{"damage":0,"enemies":"Lagavulin","floor":12,"turns":6},{"damage":0,"enemies":"Lagavulin","floor":14,"turns":2},{"damage":6,"enemies":"Red Slaver","floor":15,"turns":4},{"damage":7,"enemies":"WA_ARCHETYPE_RETAIN","floor":16,"turns":2}],"seed_played":"180287036325101430","potions_obtained":[{"floor":6,"key":"sneckomod:OffclassReductionPotion"},{"floor":8,"key":"blueLaboratory:BottledHope"},{"floor":12,"key":"blueLaboratory:BottledHope"},{"floor":15,"key":"blueLaboratory:CorrosionFlask"}],"is_trial":false,"path_per_floor":["R","M","M","M","?","M","T","E","?","E","$","E","?","?","M","B"],"character_chosen":"THE_SNECKO","items_purchased":["sneckomod:MasterEye","sneckomod:UnknownRareAttack"],"campfire_rested":0,"item_purchase_floors":[11,11],"current_hp_per_floor":[90,87,85,85,85,63,63,69,59,9,12,12,12,12,6,0,0,0],"gold":185,"neow_bonus":"BOSS_RELIC","is_daily":false,"chose_seed":false,"campfire_upgraded":0,"win_rate":0.0,"timestamp":1611464705,"path_taken":["R","M","M","M","?","M","T","E","?","E","$","E","?","?","M","BOSS"],"items_purchased_type":["Card","Card"],"build_version":"2020-12-22","purchased_purges":1,"victory":false,"max_hp_per_floor":[90,90,90,90,90,90,90,90,90,90,90,90,90,90,90,90,90,90],"relic_stats":{"counters":[12,50],"Astrolabe":["sneckomod:Unknown2Cost","sneckomod:ImprovisedAttack","sneckomod:SoulDraw"],"Juzu Bracelet":1,"Kunai":[9],"Orichalcum":[54],"obtain_stats":[{"keyreminder:keyreminder":1,"REME:ComplimentaryCards":0,"trackpad:SappingStone":8,"Astrolabe":0,"trackpad:BottledShadow":9,"Juzu Bracelet":12,"Kunai":7,"Orichalcum":10,"sneckomod:SneckoSoul":0,"TheVixenMod:UmbreonRelic":14},{"keyreminder:keyreminder":0,"REME:ComplimentaryCards":0,"trackpad:SappingStone":5,"Astrolabe":0,"trackpad:BottledShadow":6,"Juzu Bracelet":9,"Kunai":4,"Orichalcum":7,"sneckomod:SneckoSoul":0,"TheVixenMod:UmbreonRelic":9},{"keyreminder:keyreminder":0,"REME:ComplimentaryCards":0,"trackpad:SappingStone":16,"Astrolabe":0,"trackpad:BottledShadow":24,"Juzu Bracelet":42,"Kunai":11,"Orichalcum":32,"sneckomod:SneckoSoul":0,"TheVixenMod:UmbreonRelic":42}]},"card_choices":[{"not_picked":["sneckomod:SoulRoll","sneckomod:WideSting"],"picked":"sneckomod:QuickBite","floor":2},{"not_picked":["sneckomod:RainOfDice","sneckomod:QuickMove"],"picked":"sneckomod:UnknownDraw","floor":2},{"not_picked":["sneckomod:IronFang","sneckomod:SlitherStrike"],"picked":"sneckomod:CheapStock","floor":3},{"not_picked":["sneckomod:UnknownDexterity","sneckomod:IronFang"],"picked":"sneckomod:UnknownExhaust","floor":3},{"not_picked":["sneckomod:QuickMove","sneckomod:DiceBlock"],"picked":"sneckomod:UnknownRareSkill","floor":4},{"not_picked":["sneckomod:RainOfDice","sneckomod:IronFang"],"picked":"sneckomod:UnknownCommonAttack","floor":4},{"not_picked":["sneckomod:Nope","sneckomod:SoulDraw"],"picked":"sneckomod:TrashToTreasure","floor":6},{"not_picked":["sneckomod:DiceCrush","sneckomod:QuickBite"],"picked":"sneckomod:SnakeSap","floor":8},{"not_picked":["sneckomod:Unknown1Cost","sneckomod:IronFang"],"picked":"sneckomod:PureSnecko","floor":8},{"not_picked":["sneckomod:QuickBite","sneckomod:DiceBlock"],"picked":"sneckomod:WideSting","floor":9},{"not_picked":["sneckomod:DiceBoulder","sneckomod:Mudshield"],"picked":"sneckomod:UnknownVulnerable","floor":9},{"not_picked":["sneckomod:QuickBite","sneckomod:DiceCrush"],"picked":"sneckomod:UnknownCommonAttack","floor":10},{"not_picked":["sneckomod:UnknownDraw","sneckomod:UnknownBoss"],"picked":"sneckomod:UnknownBlock","floor":10},{"not_picked":["sneckomod:SoulDraw","sneckomod:SoulRoll","sneckomod:QuickBite"],"picked":"SKIP","floor":10},{"not_picked":["sneckomod:SoulExchange","sneckomod:QuickMove"],"picked":"sneckomod:UnknownColorless","floor":11},{"not_picked":["sneckomod:DiceBoulder","sneckomod:SnakeSap"],"picked":"sneckomod:CheapStock","floor":11},{"not_picked":["sneckomod:WideSting","sneckomod:MixItUp"],"picked":"sneckomod:UnknownRarePower","floor":11},{"not_picked":["sneckomod:SoulRoll","sneckomod:DiceCrush"],"picked":"sneckomod:Unknown2Cost","floor":12},{"not_picked":["sneckomod:UnknownUncommonPower","sneckomod:QuickBite"],"picked":"sneckomod:UnknownCommonSkill","floor":12},{"not_picked":["sneckomod:Unknown0Cost","sneckomod:RainOfDice","sneckomod:MixItUp"],"picked":"SKIP","floor":12},{"not_picked":["sneckomod:UnknownCommonAttack","sneckomod:WideSting"],"picked":"sneckomod:UnknownBlock","floor":15}],"player_experience":851143,"relics_obtained":[{"floor":7,"key":"Kunai"},{"floor":8,"key":"trackpad:SappingStone"},{"floor":9,"key":"trackpad:BottledShadow"},{"floor":10,"key":"Orichalcum"},{"floor":12,"key":"Juzu Bracelet"}],"event_choices":[{"damage_healed":0,"gold_gain":0,"player_choice":"Fight the Beast\u0027s assailants","damage_taken":0,"relics_obtained":["TheVixenMod:UmbreonRelic"],"max_hp_gain":0,"max_hp_loss":0,"event_name":"Creature of the Night","floor":14,"gold_loss":0}],"is_beta":false,"boss_relics":[],"items_purged_floors":[11],"is_endless":false,"potions_floor_spawned":[6,8,12,14,15],"killed_by":"WA_ARCHETYPE_RETAIN","ascension_level":3}}