{"host":"aas8f8jvicx6tcxp","time":1611468544,"event":{"mods":["BaseMod","Better Third Choice","BetterRewards","Downfall","Hermit","Minty Spire (QoL Compilation)","Robot Space Explorer","StSLib","The Bladedancer","The Cursed"],"gold_per_floor":[112,27,47,47,47,82,33,33,33,33,61,76,76,103,103,205,255,265,16,16,16,36,36,36],"floor_reached":23,"language":"ENG","playtime":2081,"items_purged":[],"score":195,"play_id":"4a22cbc1-328d-4db9-bc08-67174b5a820c","local_time":"20210124000904","is_ascension_mode":false,"campfire_choices":[{"floor":10.0,"key":"REST"},{"data":"Barricade","floor":13,"key":"SMITH"},{"floor":15,"key":"REST"}],"circlet_count":0,"master_deck":["blademaster:Strike+1","blademaster:Strike","blademaster:Strike","blademaster:Strike","blademaster:Defend","blademaster:Defend","blademaster:Defend","blademaster:Defend","blademaster:RagingBlow","blademaster:HighVoltage","blademaster:Discharge","blademaster:Safeguard","blademaster:Quickness","blademaster:CullingStrike","Barricade+1","blademaster:Vortex","blademaster:Quickstep","blademaster:Blockade","blademaster:Flash","blademaster:Stability","blademaster:Blindside","blademaster:Sharpen","blademaster:EyeOfTheTornado","Apotheosis","blademaster:AwakeningDefend"],"relics":["blademaster:DancersAmulet","Smiling Mask","Nunchaku","Bottled Tornado","Meat on the Bone","Eternal Feather","MealTicket","Tiny House","Membership Card","Blue Candle"],"acts_visited":["Exordium","TheCity"],"potions_floor_usage":[12,16,22,23],"damage_taken":[{"damage":4.0,"enemies":"Cultist","floor":1.0,"turns":5.0},{"damage":0.0,"enemies":"2 Louse","floor":3.0,"turns":4.0},{"damage":42.0,"enemies":"3 Sentries","floor":6.0,"turns":14.0},{"damage":1,"enemies":"Lagavulin","floor":11,"turns":8},{"damage":11,"enemies":"Jaw Worm","floor":12,"turns":5},{"damage":17,"enemies":"Hexaghost","floor":16,"turns":10},{"damage":8,"enemies":"Shell Parasite","floor":18,"turns":8},{"damage":33,"enemies":"2 Thieves","floor":22,"turns":4},{"damage":40,"enemies":"Gremlin Leader","floor":23,"turns":9}],"seed_played":"3774154355847676279","potions_obtained":[{"floor":6.0,"key":"AttackPotion"},{"floor":11,"key":"bronze:BurnAndBuffPotion"},{"floor":12,"key":"ColorlessPotion"},{"floor":17,"key":"Swift Potion"},{"floor":22,"key":"ColorlessPotion"}],"is_trial":false,"path_per_floor":["M","$","M","?","T","E","$","?","T","R","E","M","R","T","R","B",null,"M","$","?","?","M","E"],"character_chosen":"THE_BLADEMASTER","items_purchased":["blademaster:Safeguard","blademaster:Quickness","blademaster:Quickstep","Membership Card","Apotheosis","blademaster:AwakeningDefend"],"campfire_rested":2,"item_purchase_floors":[2,2,7,19,19,19],"current_hp_per_floor":[71,71,71,48,48,6,6,6,6,28,39,40,52,52,75,58,80,72,80,75,60,39,0,0],"gold":36,"neow_bonus":"RANDOM_COMMON_RELIC","is_daily":false,"chose_seed":false,"campfire_upgraded":1,"win_rate":0.0,"timestamp":1611468544,"path_taken":["M","?","M","?","?","E","$","?","T","R","E","?","R","?","R","BOSS","M","?","?","?","M","E"],"items_purchased_type":["Card","Card","Card","Relic","Card","Card"],"build_version":"2020-12-22","purchased_purges":0,"victory":false,"max_hp_per_floor":[75,75,75,75,75,75,75,75,75,75,75,75,75,75,75,75,80,80,80,80,85,85,85,85],"card_choices":[{"not_picked":["blademaster:Hailwind","blademaster:EyeOfTheStorm"],"picked":"blademaster:Discharge","floor":1.0},{"not_picked":["blademaster:SlyStabs","blademaster:AwakeningDefend"],"picked":"blademaster:CullingStrike","floor":3.0},{"not_picked":["blademaster:Sunder","blademaster:AwakeningStrike"],"picked":"blademaster:Vortex","floor":6.0},{"not_picked":["blademaster:AncestralHealing","blademaster:ThunderingOpener"],"picked":"blademaster:Stability","floor":11},{"not_picked":["blademaster:Slice","blademaster:Stormstrike","blademaster:IcyWind"],"picked":"SKIP","floor":12},{"not_picked":["blademaster:FlockOfBlades","blademaster:RollingTyphoon"],"picked":"blademaster:Blindside","floor":16},{"not_picked":["blademaster:Stability","blademaster:AspectOfWind"],"picked":"blademaster:Sharpen","floor":17},{"not_picked":["blademaster:ThunderSlash","blademaster:Safeguard+1"],"picked":"blademaster:EyeOfTheTornado","floor":18},{"not_picked":["blademaster:AspectOfWind","blademaster:CombatPrep","blademaster:Momentum"],"picked":"SKIP","floor":22}],"player_experience":338112,"relics_obtained":[{"floor":5.0,"key":"Nunchaku"},{"floor":6.0,"key":"Bottled Tornado"},{"floor":6.0,"key":"blademaster:BonusFuryPerk"},{"floor":9.0,"key":"Meat on the Bone"},{"floor":11,"key":"Eternal Feather"},{"floor":11,"key":"blademaster:RandomStancePerk"},{"floor":14,"key":"MealTicket"}],"event_choices":[{"damage_healed":0.0,"max_hp_gain":0.0,"max_hp_loss":0.0,"gold_gain":0.0,"event_name":"betterThird:BetterScrap","player_choice":"Card ","floor":4.0,"gold_loss":0.0,"damage_taken":23.0,"cards_obtained":["Barricade"]},{"damage_healed":0.0,"max_hp_gain":0.0,"max_hp_loss":0.0,"gold_gain":0.0,"event_name":"Match and Keep!","player_choice":"2 cards matched","floor":8.0,"gold_loss":0.0,"damage_taken":0.0,"cards_obtained":["blademaster:Blockade","blademaster:Flash"]},{"damage_healed":0,"gold_gain":0,"player_choice":"Shed Blood","damage_taken":20,"max_hp_gain":5,"max_hp_loss":0,"event_name":"Forgotten Altar","floor":21,"gold_loss":0}],"is_beta":false,"boss_relics":[{"not_picked":["Black Star","bronze:MakeshiftBattery"],"picked":"Tiny House"}],"items_purged_floors":[],"is_endless":false,"potions_floor_spawned":[6,11,12,22],"killed_by":"Gremlin Leader","ascension_level":0}}