{"host":"qy6st0zp32tctd9l","time":1611501126,"event":{"mods":["BaseMod","Colored Map","Downfall","GifTheSpireLib","Hermit","Marisa£®ÏF”Í°°ƒß¿Ì…≥£©","Minty Spire (QoL Compilation)","Remilia£®¿Ÿ√◊¿Ú—«£©","StSLib","The Cursed","The Servant 0.9.4","UnlockEverythingMod"],"gold_per_floor":[126,152,239,201,227,269,281,324,362,374,416,76,140,140,140,263,263,283,233,258,258,60,101,101,135,188,188,313,293,316,347,347,478,478,503,521,521,545,570,606,606,649,673,712,727,771,821,624,624,624,624,624,68,68,68],"floor_reached":54,"language":"ZHS","playtime":4238,"items_purged":["Strike_S","Strike_S","Strike_S","Defend_S","Ricochet+1"],"score":1328,"play_id":"58f7f9e8-05d8-4a43-b9b5-850328563a16","local_time":"20210124231206","is_ascension_mode":true,"campfire_choices":[{"data":"DoubleEdge","floor":7.0,"key":"SMITH"},{"floor":10.0,"key":"REST"},{"floor":15.0,"key":"RECALL"},{"floor":24.0,"key":"REST"},{"data":"Read","floor":27.0,"key":"SMITH"},{"data":"Luminosity","floor":32.0,"key":"SMITH"},{"data":"MurderousAura","floor":49,"key":"SMITH"},{"data":"BottledTime","floor":52,"key":"SMITH"}],"circlet_count":0,"master_deck":["Defend_S","Defend_S","KidneyShot","Exchange","ShiftingGears","Alleviate","Orbit","DoubleEdge+1","Potential","Read+1","Luminosity+1","Dilation","SpecialFormula","Rearm","Shuttle+1","Sabotage+1","Rewind+1","Misdirection","MurderousAura+1","BottledTime+1","GearUp+1","Advance+1","Thinking Ahead","Defy+1","LightFlow+1","Desolation+1","Apotheosis"],"relics":["SplendidAttire","MawBank","Art of War","Orichalcum","Smiling Mask","FossilizedHelix","Golden Idol","Pen Nib","Bird Faced Urn","TungstenRod","Bronze Scales","Incense Burner","Molten Egg 2","Bag of Preparation","Black Star","InkBottle","KneeBrace","Anchor","Darkstone Periapt","Toy Ornithopter","Akabeko","Regal Pillow","Vajra","Boot","Omamori","Lantern","Bottled Lightning"],"acts_visited":["Exordium","TheCity","TheBeyond","TheEnding"],"potions_floor_usage":[40],"damage_taken":[{"damage":2.0,"enemies":"Cultist","floor":1.0,"turns":4.0},{"damage":4.0,"enemies":"Jaw Worm","floor":2.0,"turns":4.0},{"damage":0.0,"enemies":"2 Louse","floor":5.0,"turns":4.0},{"damage":7.0,"enemies":"Gremlin Nob","floor":6.0,"turns":3.0},{"damage":12.0,"enemies":"Lagavulin","floor":8.0,"turns":5.0},{"damage":20.0,"enemies":"3 Sentries","floor":11.0,"turns":11.0},{"damage":0.0,"enemies":"3 Sentries","floor":13.0,"turns":7.0},{"damage":0.0,"enemies":"Hexaghost","floor":16.0,"turns":9.0},{"damage":0.0,"enemies":"Chosen","floor":18.0,"turns":4.0},{"damage":1.0,"enemies":"Shell Parasite","floor":20.0,"turns":10.0},{"damage":62.0,"enemies":"Slavers","floor":23.0,"turns":10.0},{"damage":10.0,"enemies":"Gremlin Leader","floor":25.0,"turns":8.0},{"damage":0.0,"enemies":"Colosseum Slavers","floor":28.0,"turns":2.0},{"damage":5.0,"enemies":"Colosseum Nobs","floor":28.0,"turns":6.0},{"damage":0.0,"enemies":"Snake Plant","floor":30.0,"turns":5.0},{"damage":0.0,"enemies":"Book of Stabbing","floor":31.0,"turns":4.0},{"damage":0.0,"enemies":"Automaton","floor":33.0,"turns":12.0},{"damage":0.0,"enemies":"3 Shapes","floor":35.0,"turns":5.0},{"damage":0.0,"enemies":"3 Darklings","floor":36.0,"turns":6.0},{"damage":0.0,"enemies":"Transient","floor":38.0,"turns":5.0},{"damage":5,"enemies":"Writhing Mass","floor":39,"turns":8},{"damage":0,"enemies":"Reptomancer","floor":40,"turns":4},{"damage":0,"enemies":"Nemesis","floor":42,"turns":9},{"damage":2,"enemies":"Reptomancer","floor":44,"turns":7},{"damage":0,"enemies":"Maw","floor":45,"turns":8},{"damage":0,"enemies":"Nemesis","floor":46,"turns":7},{"damage":18,"enemies":"Time Eater","floor":50,"turns":10},{"damage":68,"enemies":"Shield and Spear","floor":54,"turns":3}],"seed_played":"9113772546601676644","potions_obtained":[{"floor":1.0,"key":"SteroidPotion"},{"floor":2.0,"key":"SkillPotion"},{"floor":11.0,"key":"Dexterity Potion"},{"floor":13.0,"key":"Regen Potion"},{"floor":16.0,"key":"Weak Potion"},{"floor":25.0,"key":"AttackPotion"},{"floor":28.0,"key":"SkillPotion"},{"floor":29.0,"key":"CultistPotion"},{"floor":33.0,"key":"DuplicationPotion"},{"floor":44,"key":"EssenceOfSteel"},{"floor":46,"key":"Weak Potion"}],"is_trial":false,"path_per_floor":["M","M","?","?","M","E","R","E","T","R","E","$","?","?","R","B",null,"M","$","M","?","$","E","R","E","T","R","?","?","M","E","R","B",null,"M","M","?","M","M","E","?","E","T","E","M","E","T","$","R","B",null,"R","$","E"],"character_chosen":"THE_SERVANT","items_purchased":["FossilizedHelix","Pen Nib","Lantern","Bottled Lightning","Apotheosis","EntropicBrew"],"campfire_rested":2,"item_purchase_floors":[12,22,48,53,53,53],"current_hp_per_floor":[63,59,48,48,48,41,41,29,29,48,28,28,28,12,12,12,52,52,52,56,56,56,14,33,30,30,30,30,30,37,44,44,51,62,65,65,65,65,65,65,56,65,65,63,65,65,65,65,65,47,61,61,61,0,0],"gold":68,"neow_bonus":"RANDOM_COMMON_RELIC","is_daily":false,"chose_seed":false,"campfire_upgraded":5,"win_rate":0.0,"timestamp":1611501126,"path_taken":["M","M","?","?","M","E","R","E","T","R","E","?","?","?","R","BOSS","M","$","M","?","$","E","R","E","T","R","?","?","?","E","R","BOSS","M","?","?","M","M","E","?","E","T","E","M","E","?","$","R","BOSS","R","$","E"],"items_purchased_type":["Relic","Relic","Relic","Relic","Card","Potion"],"build_version":"2020-12-22","purchased_purges":5,"victory":false,"max_hp_per_floor":[65,65,65,65,65,65,65,65,65,65,65,65,65,65,65,65,65,65,65,65,65,65,65,65,65,65,65,65,65,65,65,65,65,65,65,65,65,65,65,65,65,65,65,65,65,65,65,65,65,65,65,65,65,65,65],"card_choices":[{"not_picked":["SpecialFormula","Revamp"],"picked":"ShiftingGears","floor":1.0},{"not_picked":["Replace","Rearm"],"picked":"Alleviate","floor":2.0},{"not_picked":["Foresight","Replace"],"picked":"Orbit","floor":5.0},{"not_picked":["Moonlight","SurpressingFire"],"picked":"DoubleEdge","floor":6.0},{"not_picked":["Starlight","Snipe"],"picked":"Potential","floor":8.0},{"not_picked":["DoubleEdge","TimeWarp"],"picked":"Read","floor":11.0},{"not_picked":["DoubleEdge","Unruled"],"picked":"Luminosity","floor":13.0},{"not_picked":["ForgedInTime","Deny"],"picked":"Dilation","floor":16.0},{"not_picked":["Potential","DoubleEdge"],"picked":"SpecialFormula","floor":18.0},{"not_picked":["Spin+1","Defy"],"picked":"Rearm","floor":20.0},{"not_picked":["TimeWarp","Spin"],"picked":"Ricochet+1","floor":23.0},{"not_picked":["ReturningBlade","Rearm"],"picked":"Shuttle+1","floor":25.0},{"not_picked":["Barrier","StarChef"],"picked":"Sabotage+1","floor":28.0},{"not_picked":["Ricochet+1","Potential+1"],"picked":"Rewind+1","floor":30.0},{"not_picked":["DualDimension","DoubleEdge+1"],"picked":"Misdirection","floor":31.0},{"not_picked":["PendulumOfEternity+1","Deny"],"picked":"MurderousAura","floor":33.0},{"not_picked":["DoubleEdge+1","Replace","WasteNot+1"],"picked":"SKIP","floor":35.0},{"not_picked":["Hightail","Manipulate"],"picked":"BottledTime","floor":36.0},{"not_picked":["Misdirection+1","Desolation+1"],"picked":"GearUp+1","floor":38.0},{"not_picked":["Snipe+1","SurpressingFire"],"picked":"Advance+1","floor":39},{"not_picked":["TimeWarp+1","Read+1","Alleviate"],"picked":"SKIP","floor":40},{"not_picked":["Panacea","Discovery"],"picked":"Thinking Ahead","floor":41},{"not_picked":["Starlight+1","ReturningBlade+1"],"picked":"Defy+1","floor":42},{"not_picked":["WasteNot","Alleviate"],"picked":"LightFlow+1","floor":44},{"not_picked":["Rewind+1","Unruled+1"],"picked":"Desolation+1","floor":45},{"not_picked":["Dilation","Rewind","Unruled+1"],"picked":"SKIP","floor":46}],"player_experience":175555,"relics_obtained":[{"floor":6.0,"key":"Art of War"},{"floor":8.0,"key":"Orichalcum"},{"floor":11.0,"key":"Smiling Mask"},{"floor":23.0,"key":"Bird Faced Urn"},{"floor":25.0,"key":"TungstenRod"},{"floor":26.0,"key":"Bronze Scales"},{"floor":28.0,"key":"Incense Burner"},{"floor":28.0,"key":"Molten Egg 2"},{"floor":31.0,"key":"Bag of Preparation"},{"floor":40,"key":"InkBottle"},{"floor":40,"key":"KneeBrace"},{"floor":42,"key":"Anchor"},{"floor":42,"key":"Darkstone Periapt"},{"floor":43,"key":"Toy Ornithopter"},{"floor":44,"key":"Akabeko"},{"floor":44,"key":"Regal Pillow"},{"floor":46,"key":"Vajra"},{"floor":46,"key":"Boot"},{"floor":47,"key":"Omamori"}],"event_choices":[{"damage_healed":0.0,"max_hp_gain":0.0,"max_hp_loss":0.0,"gold_gain":75.0,"event_name":"World of Goop","player_choice":"Gather Gold","floor":3.0,"gold_loss":0.0,"damage_taken":11.0},{"cards_removed":["Strike_S"],"damage_healed":0.0,"max_hp_gain":0.0,"max_hp_loss":0.0,"gold_gain":0.0,"event_name":"The Cleric","player_choice":"Card Removal","floor":4.0,"gold_loss":50.0,"damage_taken":0.0},{"damage_healed":0.0,"max_hp_gain":0.0,"max_hp_loss":0.0,"gold_gain":30.0,"event_name":"Dead Adventurer","player_choice":"Searched \u00273\u0027 times","floor":13.0,"gold_loss":0.0,"damage_taken":0.0},{"damage_healed":0.0,"max_hp_gain":0.0,"max_hp_loss":0.0,"gold_gain":0.0,"event_name":"Golden Idol","player_choice":"Take Damage","floor":14.0,"gold_loss":0.0,"damage_taken":16.0,"relics_obtained":["Golden Idol"]},{"damage_healed":0.0,"max_hp_gain":0.0,"max_hp_loss":0.0,"gold_gain":0.0,"event_name":"Colosseum","player_choice":"Fight","floor":28.0,"gold_loss":0.0,"damage_taken":0.0},{"damage_healed":0.0,"max_hp_gain":0.0,"max_hp_loss":0.0,"gold_gain":0.0,"event_name":"Colosseum","player_choice":"Fought Nobs","floor":28.0,"gold_loss":0.0,"damage_taken":0.0},{"damage_healed":0.0,"max_hp_gain":0.0,"max_hp_loss":0.0,"gold_gain":0.0,"event_name":"The Woman in Blue","player_choice":"Bought 1 Potion","floor":29.0,"gold_loss":0.0,"damage_taken":0.0},{"cards_removed":["Defend_S"],"damage_healed":0.0,"max_hp_gain":0.0,"max_hp_loss":0.0,"gold_gain":0.0,"event_name":"Falling","player_choice":"Removed Skill","floor":37.0,"gold_loss":0.0,"damage_taken":0.0},{"damage_healed":0,"gold_gain":0,"player_choice":"Memory 3","damage_taken":10,"max_hp_gain":0,"max_hp_loss":0,"event_name":"SensoryStone","floor":41,"gold_loss":0}],"is_beta":false,"boss_relics":[{"not_picked":["Runic Pyramid","Pandora\u0027s Box"],"picked":"SplendidAttire"},{"not_picked":["bronze:MakeshiftBattery","Astrolabe"],"picked":"Black Star"}],"items_purged_floors":[12,19,22,48,53],"is_endless":false,"potions_floor_spawned":[1,2,11,13,16,25,28,33,35,44,46],"killed_by":"Shield and Spear","ascension_level":5}}