{"host":"zzywh33h0f2x053k","time":1611490673,"event":{"mods":["Act Like it!","Aspiration","BaseMod","Colored Map","Gensokyo","Grow up Mod","GungeonMod","Hallownest","KomeijiMod","Minty Spire (QoL Compilation)","Quick Restart","Reimu£¨²©ÀöÁéÃÎ£©","RumiaBox-Â¶Ã×æ«µÄÉñÃØºÐ×Ó","Shop Mod","Spicy Shops","StSLib","The Bug Knight","WarShipGirlsR/Õ½½¢ÉÙÅ®R mod","Yakumo Yukari mod","Youmu£¨»êÆÇÑýÃÎ£©","noobMod","vexMod","¡¾ÒÅÎï¿¨ÅÆ¡¿REMEMod","óô»ðÖ¸ÄÏ"],"gold_per_floor":[118,133,150,168,188,221,221,239,239,239,252,174,71,102,102,203,203,441,318,363,363,379,429,429,473,499,510,20,111,236,309,108,243,243,317,357,436,436,540,284,284,18,18,60,87,37,129,149,149,209,209,209,15,107,137],"floor_reached":56,"language":"ZHS","playtime":5098,"items_purged":["ForeignInfluence","Survivor","Crescendo","Eruption","Doubt"],"score":1549,"play_id":"f83381b1-57f0-4501-82fd-e4abfe2433f8","local_time":"20210124201753","is_ascension_mode":true,"campfire_choices":[{"floor":15.0,"key":"RECALL"},{"data":"Wish","floor":24,"key":"SMITH"},{"data":"Fasting2","floor":49,"key":"SMITH"},{"data":"Bullet Time","floor":52,"key":"SMITH"}],"circlet_count":0,"master_deck":["Strike_P","Strike_P","Strike_P","Strike_P","DemoMod:FinishedGun+1","Fasting2+1","Establishment+1","Nirvana","ClearTheMind+1","Bullet Time+1","Distraction+1","Wish+1","BattleHymn","Consecrate","Blade Dance+1","Backflip","ForeignInfluence+1","Clumsy","Wish+1","JustLucky","LessonLearned","DevaForm+1","Crescendo+1","REME_MusicOfDeath","Adaptation+1"],"relics":["PureWater","ice","REME_ComplimentaryCards","NeowsBlessing","DemoMod:NanoMachines","Gensokyo:CelestialsFlawlessClothing","MerchantsRug","vexMod:CursedCompass","TeardropLocket","GoodDreamPillow","DemoMod:ClearGuonStone","aspiration:Lifesprig","aspiration:FrozenJewel","Happy Flower","vexMod:PlasmaPancake","Akabeko","Cursed Key","Gensokyo:TheCrow","aspiration:Nostalgia","Membership Card","RuthlessExorcism:ReiMu","aspiration:ChemicalBlood","REME_HourglassOfDeath","vexMod:PaidLearning","Strange Spoon","Pen Nib","Anchor"],"acts_visited":["Gensokyo:Gensokyo","Hallownest:CityofTears","Gensokyo:Gensokyoest","TheEnding"],"potions_floor_usage":[25,36,36,45,50],"damage_taken":[{"damage":0.0,"enemies":"Gensokyo:3_Fairies","floor":1.0,"turns":1.0},{"damage":0.0,"enemies":"Gensokyo:Python","floor":2.0,"turns":1.0},{"damage":0.0,"enemies":"Gensokyo:Gryphon","floor":3.0,"turns":1.0},{"damage":3.0,"enemies":"Gensokyo:3_Kodama","floor":4.0,"turns":2.0},{"damage":0.0,"enemies":"Gensokyo:Python_and_Kodama","floor":5.0,"turns":2.0},{"damage":0.0,"enemies":"Gensokyo:Mamizou","floor":6.0,"turns":2.0},{"damage":12.0,"enemies":"Gensokyo:2_Rabbits","floor":8.0,"turns":3.0},{"damage":0.0,"enemies":"Gensokyo:VengefulSpirit","floor":11.0,"turns":2.0},{"damage":28.0,"enemies":"Gensokyo:Cirno","floor":14.0,"turns":9.0},{"damage":72.0,"enemies":"Gensokyo:Yukari","floor":16.0,"turns":7.0},{"damage":66.0,"enemies":"Hallownest:Guard_and_Sentry","floor":18.0,"turns":5.0},{"damage":59.0,"enemies":"Hallownest:3_Youths","floor":20.0,"turns":5.0},{"damage":0.0,"enemies":"Hallownest:monsterShrumalOgre","floor":22.0,"turns":4.0},{"damage":11.0,"enemies":"Hallownest:eliteSoulWarrior","floor":23.0,"turns":3.0},{"damage":18,"enemies":"Hallownest:2_Flukemon","floor":25,"turns":4},{"damage":15,"enemies":"Hallownest:Master_and_Novice","floor":27,"turns":2},{"damage":23,"enemies":"Hallownest:Nosk","floor":29,"turns":6},{"damage":6,"enemies":"Hallownest:Glutton_and_Coward","floor":30,"turns":4},{"damage":21,"enemies":"Hallownest:3_Mistakes","floor":31,"turns":7},{"damage":43,"enemies":"Hallownest:BossMantisLord","floor":33,"turns":6},{"damage":16,"enemies":"Gensokyo:3_Boulders","floor":35,"turns":6},{"damage":10,"enemies":"Gensokyo:3_Bats","floor":36,"turns":3},{"damage":50,"enemies":"Gensokyo:3_Boulders","floor":37,"turns":4},{"damage":26,"enemies":"Gensokyo:SeedOfUnknown","floor":39,"turns":4},{"damage":0,"enemies":"Gensokyo:AtlasGolem","floor":44,"turns":3},{"damage":0,"enemies":"Gensokyo:Marisa","floor":45,"turns":1},{"damage":46,"enemies":"Gensokyo:Kasen","floor":47,"turns":4},{"damage":32,"enemies":"Gensokyo:Dusk_and_Dawn","floor":48,"turns":3},{"damage":32,"enemies":"Gensokyo:Yuyuko","floor":50,"turns":5},{"damage":106,"enemies":"Shield and Spear","floor":54,"turns":5},{"damage":253,"enemies":"The Heart","floor":55,"turns":7}],"seed_played":"250469582394624140","potions_obtained":[{"floor":1.0,"key":"SteroidPotion"},{"floor":6.0,"key":"Regen Potion"},{"floor":14.0,"key":"JyouchiReiPotion"},{"floor":18.0,"key":"Explosive Potion"},{"floor":22.0,"key":"Dexterity Potion"},{"floor":25,"key":"Swift Potion"},{"floor":27,"key":"Ancient Potion"},{"floor":33,"key":"Swift Potion"},{"floor":35,"key":"AttackPotion"},{"floor":37,"key":"ColorlessPotion"},{"floor":44,"key":"LiquidMemories"},{"floor":47,"key":"SkillPotion"}],"is_trial":false,"path_per_floor":["M","M","M","M","M","E","?","M","T","?","M","COS","R","E","R","B",null,"M","?","M","?","M","E","R","M","T","M","$","E","M","M","R","B",null,"M","M","M","?","M","R","?","$","T","M","E","$","E","M","R","B",null,"R","$","E","B",null],"character_chosen":"WATCHER","items_purchased":["MerchantsRug","aspiration:Lifesprig","aspiration:FrozenJewel","Happy Flower","DollysMirror","Akabeko","aspiration:Nostalgia","Membership Card","RuthlessExorcism:ReiMu","aspiration:ChemicalBlood","vexMod:PaidLearning","Strange Spoon","Pen Nib"],"campfire_rested":0,"item_purchase_floors":[13,28,28,28,28,32,40,42,42,42,53,53,53],"current_hp_per_floor":[92,102,112,119,129,139,149,147,157,124,134,144,154,136,146,84,252,196,206,157,167,177,176,186,178,188,183,193,186,190,179,189,156,428,422,422,382,392,376,386,396,406,416,426,436,446,417,395,405,415,605,615,625,529,296],"gold":137,"neow_bonus":"THREE_ENEMY_KILL","is_daily":false,"chose_seed":false,"campfire_upgraded":3,"win_rate":0.0,"timestamp":1611490673,"path_taken":["M","M","M","M","M","E","?","?","T","?","M","COS","R","E","R","BOSS","M","?","M","?","?","E","R","M","T","M","$","E","M","M","R","BOSS","M","?","M","?","M","R","?","$","T","M","E","?","E","M","R","BOSS","R","$","E","BOSS"],"items_purchased_type":["Relic","Relic","Relic","Relic","Relic","Relic","Relic","Relic","Relic","Relic","Relic","Relic","Relic"],"build_version":"2020-12-22","purchased_purges":5,"victory":true,"max_hp_per_floor":[92,102,112,122,132,142,152,162,172,182,192,202,212,222,232,242,252,262,272,282,292,302,312,322,332,342,352,362,378,388,398,408,418,428,438,448,458,468,478,488,498,508,518,528,538,548,565,575,585,595,605,615,625,635,655],"card_choices":[{"not_picked":["EmptyFist","CrushJoints"],"picked":"ForeignInfluence","floor":1.0},{"not_picked":["Evaluate","DeceiveReality"],"picked":"Fasting2","floor":2.0},{"not_picked":["FollowUp","CrushJoints"],"picked":"Establishment","floor":3.0},{"not_picked":["Weave","PathToVictory","FlyingSleeves"],"picked":"SKIP","floor":4.0},{"not_picked":["EmptyBody","Vengeance"],"picked":"Nirvana","floor":5.0},{"not_picked":["Prostrate","Perseverance"],"picked":"ClearTheMind","floor":6.0},{"not_picked":["Evaluate","ThirdEye","WreathOfFlame"],"picked":"SKIP","floor":8.0},{"not_picked":["REME_Repentance","Indignation"],"picked":"Crescendo","floor":11.0},{"not_picked":["ClearTheMind","Perseverance","Vengeance"],"picked":"SKIP","floor":14.0},{"not_picked":["Devotion","Brilliance"],"picked":"Wish","floor":16.0},{"not_picked":["ClearTheMind+1","MentalFortress"],"picked":"BattleHymn","floor":18.0},{"not_picked":["Crescendo","BattleHymn+1"],"picked":"Consecrate","floor":20.0},{"not_picked":["BowlingBash+1","SashWhip","Indignation+1"],"picked":"SKIP","floor":22.0},{"not_picked":["FollowUp+1","Evaluate","EmptyFist"],"picked":"SKIP","floor":23.0},{"not_picked":["Tantrum","Scrawl","FollowUp"],"picked":"SKIP","floor":25},{"not_picked":["Prostrate+1","WindmillStrike"],"picked":"ForeignInfluence+1","floor":27},{"not_picked":["CutThroughFate+1","ThirdEye"],"picked":"JustLucky","floor":29},{"not_picked":["CutThroughFate+1","Halt","ClearTheMind"],"picked":"SKIP","floor":30},{"not_picked":["FlurryOfBlows","REME_Repentance"],"picked":"LessonLearned","floor":31},{"not_picked":["Omniscience","Wish"],"picked":"DevaForm","floor":33},{"not_picked":["Consecrate+1","CrushJoints"],"picked":"Crescendo+1","floor":35},{"not_picked":["EmptyBody+1","PathToVictory+1"],"picked":"REME_MusicOfDeath","floor":36},{"not_picked":["InnerPeace+1","Evaluate"],"picked":"Adaptation+1","floor":37},{"not_picked":["Consecrate+1","ForeignInfluence","REME_MusicOfDeath+1"],"picked":"SKIP","floor":39},{"not_picked":["SashWhip+1","JustLucky+1","FlyingSleeves"],"picked":"SKIP","floor":44},{"not_picked":["SandsOfTime","Pray+1","EmptyBody"],"picked":"SKIP","floor":45},{"not_picked":["EmptyMind","EmptyBody+1","FollowUp"],"picked":"SKIP","floor":47},{"not_picked":["Conclude+1","JustLucky+1","EmptyFist"],"picked":"SKIP","floor":48},{"not_picked":["ClearTheMind","TalkToTheHand","Vault"],"picked":"SKIP","floor":54}],"player_experience":5882,"relics_obtained":[{"floor":6.0,"key":"DemoMod:NanoMachines"},{"floor":14.0,"key":"Blue Candle"},{"floor":23.0,"key":"DemoMod:ClearGuonStone"},{"floor":26,"key":"Toy Ornithopter"},{"floor":29,"key":"vexMod:PlasmaPancake"},{"floor":43,"key":"vexMod:FocusSash"},{"floor":45,"key":"REME_HourglassOfDeath"},{"floor":47,"key":"Strawberry"},{"floor":54,"key":"Anchor"}],"event_choices":[],"is_beta":false,"boss_relics":[{"not_picked":["Velvet Choker","Fusion Hammer"],"picked":"vexMod:CursedCompass"},{"not_picked":["Runic Pyramid","Black Star"],"picked":"Cursed Key"}],"items_purged_floors":[28,32,40,42,46],"is_endless":false,"potions_floor_spawned":[1,6,14,18,22,25,27,33,35,37,44,47],"ascension_level":3}}