{"host":"c6u7e77myxvw4d0m","time":1611521561,"event":{"mods":["AchievementEnabler","BaseMod","Bestiary","Colored Map","Colored Powertips","Minty Spire (QoL Compilation)","Rare Cards Sparkle","Relic Stats","everything is the same but u backflip on backflip"],"gold_per_floor":[369,386,386,405,18,49,68,100,100,113,113,129,129,129,129,225,225,214,230,230,247,162,191,209,236,312,337,356,29,41,41,41,139,139,153,169,218,237,237,269,269,269,293,321,321,321,48,83,83,83],"floor_reached":51,"language":"ENG","playtime":3445,"items_purged":["Regret","Strike_R"],"score":1192,"play_id":"c4b00aba-5ff2-4eeb-9509-5a908b5cdfcb","local_time":"20210124225241","is_ascension_mode":true,"campfire_choices":[{"floor":13,"key":"REST"},{"data":"Inflame","floor":15,"key":"SMITH"},{"data":"Fire Breathing","floor":32,"key":"SMITH"},{"data":"Reaper","floor":41,"key":"SMITH"},{"data":"Feel No Pain","floor":46,"key":"SMITH"},{"data":"Bloodletting","floor":49,"key":"SMITH"}],"circlet_count":0,"master_deck":["Strike_R+1","Strike_R+1","Strike_R+1","Defend_R+1","Defend_R+1","Defend_R+1","Defend_R+1","Bash","Pummel","Inflame+1","Shockwave+1","Reaper","Wild Strike","Spot Weakness","Inflame","Power Through","Reaper+1","Inflame","Necronomicurse","Pummel+1","Fire Breathing+1","Rupture","Feel No Pain+1","Dual Wield+1","Fire Breathing+1","Bloodletting+1","Impervious","Battle Trance+1","Flame Barrier","Havoc","True Grit+1","True Grit+1","Reckless Charge"],"relics":["Burning Blood","War Paint","Sundial","Lantern","Letter Opener","StoneCalendar","NlothsMask","Black Star","Necronomicon","Red Skull","Smiling Mask","Orichalcum","StrikeDummy","Bag of Preparation","Eternal Feather","Blue Candle","Sling","Snecko Eye","Prayer Wheel","Toxic Egg 2","Magic Flower","Omamori","Toy Ornithopter","PreservedInsect","Centennial Puzzle","Blood Vial","Happy Flower","HornCleat"],"acts_visited":["Exordium","TheCity","TheBeyond"],"potions_floor_usage":[6,7,25,25,33,37,38,40,44,50,50],"damage_taken":[{"damage":7,"enemies":"Small Slimes","floor":1,"turns":4},{"damage":3,"enemies":"Cultist","floor":2,"turns":4},{"damage":15,"enemies":"Jaw Worm","floor":4,"turns":2},{"damage":26,"enemies":"Gremlin Nob","floor":6,"turns":5},{"damage":0,"enemies":"2 Fungi Beasts","floor":7,"turns":2},{"damage":37,"enemies":"3 Sentries","floor":8,"turns":6},{"damage":36,"enemies":"Exordium Thugs","floor":10,"turns":8},{"damage":11,"enemies":"Looter","floor":12,"turns":4},{"damage":41,"enemies":"The Guardian","floor":16,"turns":10},{"damage":12,"enemies":"2 Thieves","floor":18,"turns":4},{"damage":32,"enemies":"Spheric Guardian","floor":19,"turns":6},{"damage":13,"enemies":"Snecko","floor":21,"turns":4},{"damage":55,"enemies":"Slavers","floor":23,"turns":7},{"damage":22,"enemies":"Chosen and Byrds","floor":24,"turns":6},{"damage":32,"enemies":"Book of Stabbing","floor":25,"turns":6},{"damage":22,"enemies":"Gremlin Leader","floor":27,"turns":5},{"damage":48,"enemies":"Shelled Parasite and Fungi","floor":28,"turns":6},{"damage":15,"enemies":"Cultist and Chosen","floor":30,"turns":6},{"damage":107,"enemies":"Automaton","floor":33,"turns":10},{"damage":0,"enemies":"3 Shapes","floor":35,"turns":3},{"damage":0,"enemies":"Orb Walker","floor":36,"turns":2},{"damage":45,"enemies":"2 Orb Walkers","floor":37,"turns":6},{"damage":10,"enemies":"Sphere and 2 Shapes","floor":38,"turns":3},{"damage":7,"enemies":"Nemesis","floor":40,"turns":7},{"damage":113,"enemies":"Giant Head","floor":44,"turns":10},{"damage":52,"enemies":"Nemesis","floor":48,"turns":7},{"damage":60,"enemies":"Awakened One","floor":50,"turns":6}],"seed_played":"673438792268302627","potions_obtained":[{"floor":1,"key":"Explosive Potion"},{"floor":2,"key":"Swift Potion"},{"floor":10,"key":"FearPotion"},{"floor":23,"key":"FearPotion"},{"floor":24,"key":"ColorlessPotion"},{"floor":27,"key":"SmokeBomb"},{"floor":28,"key":"Dexterity Potion"},{"floor":30,"key":"Fire Potion"},{"floor":33,"key":"Block Potion"},{"floor":38,"key":"EssenceOfSteel"},{"floor":40,"key":"SkillPotion"},{"floor":44,"key":"Swift Potion"},{"floor":48,"key":"HeartOfIron"}],"is_trial":false,"path_per_floor":["M","M","?","M","$","E","M","E","T","M","?","M","R","?","R","B",null,"M","M","?","M","?","E","M","E","T","E","M","$","M","?","R","B",null,"M","M","?","M","?","E","R","?","T","E","T","R","$","E","R","B",null],"character_chosen":"IRONCLAD","items_purchased":["Reaper","War Paint","Fire Breathing","Sling","SkillPotion","True Grit+1","Reckless Charge","Blood Vial"],"campfire_rested":1,"item_purchase_floors":[5,5,29,29,29,47,47,47],"current_hp_per_floor":[71,74,74,65,65,54,72,73,73,64,46,44,68,68,68,51,73,80,73,57,73,73,56,71,71,71,80,70,70,61,61,76,61,75,80,80,64,68,68,80,80,80,80,61,61,79,79,37,55,80],"gold":83,"neow_bonus":"TWO_FIFTY_GOLD","is_daily":false,"chose_seed":false,"campfire_upgraded":5,"win_rate":0.0,"timestamp":1611521561,"path_taken":["M","M","?","M","$","E","M","E","T","?","?","M","R","?","R","BOSS","M","M","?","M","?","E","M","E","T","E","M","$","M","?","R","BOSS","M","M","?","M","?","E","R","?","T","E","?","R","$","E","R","BOSS"],"items_purchased_type":["Card","Relic","Card","Relic","Potion","Card","Card","Relic"],"build_version":"2020-12-22","purchased_purges":2,"victory":true,"max_hp_per_floor":[80,80,80,80,80,80,80,80,80,80,80,80,80,80,80,80,80,80,80,80,80,80,80,80,80,80,80,80,80,80,80,80,80,80,80,80,80,80,80,80,80,80,80,80,80,80,80,80,80,80],"relic_stats":{"Happy Flower":[2],"counters":[27,149],"Blue Candle":[107],"Magic Flower":[34],"StoneCalendar":[174],"Eternal Feather":51,"PreservedInsect":50,"Bag of Preparation":[24],"Letter Opener":[47],"War Paint":["Shockwave","Defend_R"],"Orichalcum":[114],"Smiling Mask":50,"Burning Blood":132,"Blood Vial":4,"Centennial Puzzle":[6],"Sundial":[16],"Snecko Eye":[73,77,80,81],"Prayer Wheel":1,"Black Star":6,"Necronomicon":[28],"obtain_stats":[{"Lantern":8,"Magic Flower":40,"StoneCalendar":11,"Bag of Preparation":25,"Smiling Mask":23,"Sling":29,"Burning Blood":0,"Blood Vial":47,"Centennial Puzzle":45,"HornCleat":48,"Sundial":6,"Prayer Wheel":37,"Necronomicon":20,"Toxic Egg 2":40,"Red Skull":22,"Happy Flower":48,"Blue Candle":27,"Eternal Feather":27,"PreservedInsect":44,"Omamori":43,"Letter Opener":9,"War Paint":5,"Orichalcum":23,"Snecko Eye":34,"Black Star":17,"StrikeDummy":25,"Toy Ornithopter":44,"NlothsMask":14},{"Lantern":6,"Magic Flower":24,"StoneCalendar":7,"Bag of Preparation":15,"Smiling Mask":13,"Sling":17,"Burning Blood":0,"Blood Vial":25,"Centennial Puzzle":25,"HornCleat":26,"Sundial":4,"Prayer Wheel":22,"Necronomicon":11,"Toxic Egg 2":24,"Red Skull":12,"Happy Flower":26,"Blue Candle":16,"Eternal Feather":16,"PreservedInsect":25,"Omamori":24,"Letter Opener":6,"War Paint":3,"Orichalcum":13,"Snecko Eye":19,"Black Star":9,"StrikeDummy":15,"Toy Ornithopter":25,"NlothsMask":8},{"Lantern":23,"Magic Flower":126,"StoneCalendar":31,"Bag of Preparation":78,"Smiling Mask":66,"Sling":89,"Burning Blood":0,"Blood Vial":136,"Centennial Puzzle":136,"HornCleat":143,"Sundial":15,"Prayer Wheel":116,"Necronomicon":55,"Toxic Egg 2":126,"Red Skull":59,"Happy Flower":143,"Blue Candle":83,"Eternal Feather":83,"PreservedInsect":136,"Omamori":126,"Letter Opener":23,"War Paint":10,"Orichalcum":66,"Snecko Eye":105,"Black Star":45,"StrikeDummy":78,"Toy Ornithopter":136,"NlothsMask":35}],"Toy Ornithopter":16},"card_choices":[{"not_picked":["Rage","Shrug It Off"],"picked":"Pummel","floor":1},{"not_picked":["Power Through","Pommel Strike"],"picked":"Inflame","floor":2},{"not_picked":["Blood for Blood","Anger","Shrug It Off"],"picked":"SKIP","floor":4},{"not_picked":["Intimidate","Body Slam"],"picked":"Wild Strike","floor":6},{"not_picked":["Cleave","Searing Blow"],"picked":"Spot Weakness","floor":7},{"not_picked":["Entrench","Iron Wave"],"picked":"Inflame","floor":8},{"not_picked":["Warcry","Thunderclap","True Grit"],"picked":"SKIP","floor":10},{"not_picked":["Metallicize","Rampage"],"picked":"Power Through","floor":12},{"not_picked":["Barricade","Impervious"],"picked":"Reaper","floor":16},{"not_picked":["Perfected Strike","Second Wind"],"picked":"Inflame","floor":18},{"not_picked":["Thunderclap","Blood for Blood","Perfected Strike"],"picked":"SKIP","floor":19},{"not_picked":["True Grit","Metallicize"],"picked":"Pummel+1","floor":21},{"not_picked":["Seeing Red","Sword Boomerang"],"picked":"Fire Breathing+1","floor":23},{"not_picked":["Perfected Strike","Clothesline"],"picked":"Rupture","floor":24},{"not_picked":["Cleave","Thunderclap","Metallicize+1"],"picked":"SKIP","floor":25},{"not_picked":["Searing Blow","Twin Strike+1"],"picked":"Feel No Pain","floor":27},{"not_picked":["Twin Strike","Shrug It Off"],"picked":"Dual Wield+1","floor":28},{"not_picked":["Whirlwind","Pommel Strike"],"picked":"Bloodletting","floor":30},{"not_picked":["Fiend Fire","Reaper"],"picked":"Impervious","floor":33},{"not_picked":["Sentinel","Wild Strike+1"],"picked":"Battle Trance+1","floor":35},{"not_picked":["Wild Strike+1","Flex","Body Slam"],"picked":"SKIP","floor":36},{"not_picked":["Heavy Blade+1","True Grit"],"picked":"Flame Barrier","floor":37},{"not_picked":["Clothesline+1","Shrug It Off"],"picked":"Havoc","floor":38},{"not_picked":["Combust+1","Perfected Strike"],"picked":"True Grit+1","floor":38},{"not_picked":["Perfected Strike+1","Dropkick+1","Headbutt"],"picked":"SKIP","floor":40},{"not_picked":["Immolate","Perfected Strike","Iron Wave+1"],"picked":"SKIP","floor":44},{"not_picked":["Hemokinesis","Sever Soul","Thunderclap+1"],"picked":"SKIP","floor":48}],"player_experience":467782,"relics_obtained":[{"floor":6,"key":"Sundial"},{"floor":8,"key":"Lantern"},{"floor":9,"key":"Letter Opener"},{"floor":20,"key":"Necronomicon"},{"floor":23,"key":"Smiling Mask"},{"floor":23,"key":"Orichalcum"},{"floor":25,"key":"StrikeDummy"},{"floor":25,"key":"Bag of Preparation"},{"floor":27,"key":"Eternal Feather"},{"floor":27,"key":"Blue Candle"},{"floor":37,"key":"Prayer Wheel"},{"floor":40,"key":"Toxic Egg 2"},{"floor":40,"key":"Magic Flower"},{"floor":43,"key":"Omamori"},{"floor":44,"key":"Toy Ornithopter"},{"floor":44,"key":"PreservedInsect"},{"floor":45,"key":"Centennial Puzzle"},{"floor":48,"key":"Happy Flower"},{"floor":48,"key":"HornCleat"}],"event_choices":[{"damage_healed":0,"gold_gain":0,"cards_transformed":["Strike_R"],"player_choice":"Transformed","damage_taken":0,"max_hp_gain":0,"max_hp_loss":0,"event_name":"Transmorgrifier","floor":3,"gold_loss":0,"cards_obtained":["Shockwave"]},{"damage_healed":0,"gold_gain":0,"player_choice":"Success","damage_taken":18,"relics_obtained":["StoneCalendar"],"max_hp_gain":0,"max_hp_loss":0,"event_name":"Scrap Ooze","floor":11,"gold_loss":0},{"damage_healed":0,"gold_gain":0,"player_choice":"Trade","damage_taken":0,"relics_obtained":["NlothsMask"],"max_hp_gain":0,"max_hp_loss":0,"event_name":"FaceTrader","floor":14,"gold_loss":0},{"damage_healed":0,"gold_gain":0,"player_choice":"Obtained Book","damage_taken":16,"max_hp_gain":0,"max_hp_loss":0,"event_name":"Cursed Tome","floor":20,"gold_loss":0},{"damage_healed":0,"gold_gain":0,"player_choice":"Obtained Relic","damage_taken":0,"relics_obtained":["Red Skull"],"max_hp_gain":0,"max_hp_loss":0,"event_name":"Addict","floor":22,"gold_loss":85},{"damage_healed":0,"gold_gain":0,"player_choice":"Simplicity","damage_taken":0,"max_hp_gain":0,"max_hp_loss":0,"event_name":"Back to Basics","floor":31,"gold_loss":0,"cards_upgraded":["Strike_R","Strike_R","Strike_R","Defend_R","Defend_R","Defend_R"]},{"damage_healed":0,"gold_gain":0,"player_choice":"Fight","damage_taken":0,"max_hp_gain":0,"max_hp_loss":0,"event_name":"Mysterious Sphere","floor":37,"gold_loss":0},{"damage_healed":0,"gold_gain":0,"player_choice":"Memory 1","damage_taken":0,"max_hp_gain":0,"max_hp_loss":0,"event_name":"SensoryStone","floor":39,"gold_loss":0},{"damage_healed":0,"gold_gain":0,"player_choice":"Ignored","damage_taken":0,"max_hp_gain":0,"max_hp_loss":0,"event_name":"Tomb of Lord Red Mask","floor":42,"gold_loss":0}],"is_beta":false,"boss_relics":[{"not_picked":["SacredBark","Empty Cage"],"picked":"Black Star"},{"not_picked":["Tiny House","Black Blood"],"picked":"Snecko Eye"}],"items_purged_floors":[5,29],"is_endless":false,"potions_floor_spawned":[1,2,10,23,24,27,28,30,33,38,40,44,48],"ascension_level":8}}