{"host":"1zjc08c6hob33401","time":1611531297,"event":{"mods":["AchievementEnabler","Act Like it!","Aspiration","BaseMod","Downfall","Elementarium","Energized Spire","Evolution","Friendly Minions","Gensokyo","GifTheSpireLib","Hubris","Infinite Spire","Jedi Mod","Menagerie","Minty Spire (QoL Compilation)","Pale of the Ancients","Quick Restart","Reliquary","Replay The Spire","Retaliation","Shop Mod","Spire Arcade","StS++","StSLib","Stuff the Spire","The Blue Laboratory","Wandering Minibosses","vexMod","??????REMEMod"],"gold_per_floor":[118,136,136,46,60,60,60,60,60,91,160,160,160,170,196,33,33,111,111,129,129,149,149,168,168,194,194,194,211,211,211,211,243,243,321,321,332,345,345,364,364,364],"floor_reached":41,"language":"RUS","playtime":2314,"items_purged":["jedi:rejectivetoxin"],"score":764,"play_id":"092446e7-7b70-45cd-90af-993b1abd71cb","local_time":"20210125013457","is_ascension_mode":true,"campfire_choices":[{"data":"REME_DataAnalysis","floor":6.0,"key":"SMITH"},{"data":"Zap","floor":9.0,"key":"SMITH"},{"data":"Burst","floor":13.0,"key":"SMITH"},{"floor":25.0,"key":"REST"},{"floor":27.0,"key":"REST"}],"circlet_count":0,"master_deck":["AscendersBane","jedi:BurstLightning","jedi:BurstLightning","jedi:BurstLightning","jedi:BurstLightning","jedi:blockon+1","Zap+1","Dualcast","Juggernaut+1","ReplayTheSpireMod:Private Reserves+1","Coolheaded","Coolheaded","REME_DataAnalysis+1","Sweeping Beam","Burst+1","Cloak And Dagger","Steam","Glacier","hubris:SpecializedCircuitry","Capacitor+1","jedi:BurstFrost+1","Elementarium:GildedDefend","REME_Whirling+1","Cold Snap+1","Cold Snap","Buffer","Conserve Battery+1"],"relics":["Cracked Core","EVO:Axolotl","REME_ComplimentaryCards","hubris:64BitClover","jedi:archwizardhat","Shovel","TheAbacus","hubris:VirtuousBlindfold","Quantum Egg","vexMod:RedPlottingStone","Dream Catcher","Elementarium:ElementariumTrophy","hubris:DeckOfHolding","Busted Crown"],"acts_visited":["Menagerie:Menagerie","Elementarium:Elementarium","Gensokyo:Gensokyoest"],"potions_floor_usage":[41,41],"damage_taken":[{"damage":1.0,"enemies":"Menagerie:WhisperingWraith","floor":1.0,"turns":4.0},{"damage":0.0,"enemies":"Menagerie:StygianBoar","floor":2.0,"turns":3.0},{"damage":6.0,"enemies":"Menagerie:MonstrousExperiment","floor":5.0,"turns":3.0},{"damage":5.0,"enemies":"Menagerie:MaskedSummoner","floor":10.0,"turns":5.0},{"damage":3.0,"enemies":"Menagerie:KEEPER_AND_YOUNG_SUNEATER","floor":14.0,"turns":4.0},{"damage":12.0,"enemies":"Menagerie:VoidReaper","floor":15.0,"turns":3.0},{"damage":13.0,"enemies":"Menagerie:Suneater","floor":18.0,"turns":5.0},{"damage":0.0,"enemies":"Elementarium:2_ELEMENTALS","floor":20.0,"turns":4.0},{"damage":5.0,"enemies":"Elementarium:Cyclone","floor":22.0,"turns":4.0},{"damage":21.0,"enemies":"Elementarium:RubyGolem","floor":24.0,"turns":3.0},{"damage":17.0,"enemies":"Elementarium:WarGolem","floor":26.0,"turns":4.0},{"damage":9.0,"enemies":"Elementarium:CYCLONE_AND_LIVING_STORMCLOUD","floor":29.0,"turns":5.0},{"damage":29.0,"enemies":"Elementarium:FIRE_NOBILITY","floor":33.0,"turns":6.0},{"damage":20.0,"enemies":"Elementarium:PHOENIXES","floor":35.0,"turns":9.0},{"damage":2.0,"enemies":"Gensokyo:AncientGuardian","floor":37.0,"turns":4.0},{"damage":8.0,"enemies":"Gensokyo:3_Bats","floor":38.0,"turns":3.0},{"damage":22.0,"enemies":"Gensokyo:Sharpion","floor":40.0,"turns":4.0},{"damage":32,"enemies":"Gensokyo:AtlasGolem","floor":41,"turns":3}],"seed_played":"7791928344634606426","potions_obtained":[{"floor":2.0,"key":"blueLaboratory:EmptyBottle"},{"floor":5.0,"key":"blueLaboratory:FruitPunch"},{"floor":14.0,"key":"Milkshake"},{"floor":15.0,"key":"blueLaboratory:SavagePotion"},{"floor":20.0,"key":"jedi:coolantleak"},{"floor":33.0,"key":"blueLaboratory:HorrorPotion"},{"floor":35.0,"key":"blueLaboratory:ExaltedPotion"}],"is_trial":false,"path_per_floor":["M","M","?","$","M","R","PTL","PTL","R","E","T","?","R","M","E","$","R","B",null,"M","?","M","?","M","R","E","R","T","M","AVR","?","$","E","R","B",null,"M","M","?","M","M"],"character_chosen":"DEFECT","items_purchased":["REME_DataAnalysis","TheAbacus"],"campfire_rested":2,"item_purchase_floors":[4,16],"current_hp_per_floor":[63,63,63,63,57,57,57,57,57,54,54,54,54,51,39,39,60,47,67,67,67,62,62,41,62,45,66,66,57,57,57,57,28,49,29,62,60,52,52,30,0,0],"gold":364,"neow_bonus":"RANDOM_COLORLESS","is_daily":false,"chose_seed":false,"campfire_upgraded":3,"win_rate":0.0,"timestamp":1611531297,"path_taken":["M","M","?","?","M","R","PTL","PTL","R","E","T","?","R","?","E","?","R","BOSS","M","?","M","?","M","R","E","R","T","M","AVR","?","$","E","R","BOSS","M","M","?","M","?"],"items_purchased_type":["Card","Relic"],"build_version":"2020-12-22","purchased_purges":1,"victory":false,"max_hp_per_floor":[71,71,71,71,71,71,71,71,71,73,73,73,73,73,73,73,73,73,73,73,73,73,73,73,73,73,73,73,73,73,73,73,73,73,73,73,73,73,73,73,73,73],"card_choices":[{"not_picked":["StSpp:Unbreakable","Replay:Parry"],"picked":"ReplayTheSpireMod:Private Reserves","floor":0.0},{"not_picked":["StuffTheSpire:LoadUp","StuffTheSpire:Plugnplay"],"picked":"Coolheaded","floor":1.0},{"not_picked":["jedi:blockon","BasicCrystalCard"],"picked":"Coolheaded","floor":2.0},{"not_picked":["Compile Driver","StSpp:Fierceness"],"picked":"Sweeping Beam","floor":5.0},{"not_picked":["StuffTheSpire:LoadUp","jedi:BurstLightning"],"picked":"Hologram","floor":10.0},{"not_picked":["Barrage","Static Discharge"],"picked":"Steam","floor":14.0},{"not_picked":["Rainbow","Cold Snap"],"picked":"Glacier","floor":15.0},{"not_picked":["Thunder Strike","Seek"],"picked":"hubris:SpecializedCircuitry","floor":18.0},{"not_picked":["Redo","jedi:hex"],"picked":"Capacitor+1","floor":20.0},{"not_picked":["ReplaySolidLightProjector","jedi:BurstLightning"],"picked":"jedi:BurstFrost+1","floor":22.0},{"not_picked":["StSpp:Pointer","Hologram"],"picked":"REME_Whirling+1","floor":24.0},{"not_picked":["jedi:reiji","jedi:blockon","Hologram"],"picked":"SKIP","floor":26.0},{"not_picked":["Compile Driver","aspiration:Polymerization"],"picked":"Cold Snap+1","floor":29.0},{"not_picked":["Go for the Eyes","StuffTheSpire:GlassShard","StSpp:TargetLocked"],"picked":"SKIP","floor":33.0},{"not_picked":["StuffTheSpire:Plugnplay","Auto Shields"],"picked":"Cold Snap","floor":34.0},{"not_picked":["ReplayTheSpireMod:Omega Cannon","Rainbow"],"picked":"Buffer","floor":35.0},{"not_picked":[],"picked":"Conserve Battery+1","floor":37.0},{"not_picked":["ReplayGash+1"],"picked":"SKIP","floor":38.0},{"not_picked":["Barrage"],"picked":"SKIP","floor":40.0}],"player_experience":688962,"relics_obtained":[{"floor":10.0,"key":"hubris:64BitClover"},{"floor":11.0,"key":"jedi:archwizardhat"},{"floor":15.0,"key":"Shovel"},{"floor":26.0,"key":"Quantum Egg"},{"floor":28.0,"key":"vexMod:RedPlottingStone"},{"floor":33.0,"key":"Dream Catcher"},{"floor":35.0,"key":"hubris:DeckOfHolding"}],"event_choices":[{"cards_removed":["Hologram"],"damage_healed":0.0,"max_hp_gain":0.0,"max_hp_loss":0.0,"gold_gain":0.0,"event_name":"Elementarium:GoldenStatues","player_choice":"Tear free","floor":23.0,"gold_loss":0.0,"damage_taken":0.0,"cards_obtained":["Elementarium:GildedDefend"]}],"is_beta":false,"boss_relics":[{"not_picked":["energizedSpire:RedRose","hubris:CrackedHourglass"],"picked":"hubris:VirtuousBlindfold"},{"not_picked":["StuffTheSpire:ModemDavis","Replay:Ancient Bell"],"picked":"Busted Crown"}],"items_purged_floors":[30],"is_endless":false,"potions_floor_spawned":[2,5,14,15,20,33,35],"killed_by":"Gensokyo:AtlasGolem","ascension_level":16}}