{"host":"hk3n60c9tb8azi3z","time":1611462731,"event":{"mods":["AchievementEnabler","BaseMod","Minty Spire (QoL Compilation)","Relic Sorter","Relic Stats"],"gold_per_floor":[115,126,126,51,66,98,111,111,138,51,51,82,82,92,92,171,171,182,198,212,262,310,310,325,325,325,354,147,72,72,72],"floor_reached":30,"language":"ENG","playtime":1990,"items_purged":["Strike_B"],"score":566,"play_id":"fc633dc6-618f-481b-9bdd-15ba27e25805","local_time":"20210124053211","is_ascension_mode":true,"campfire_choices":[{"floor":11,"key":"REST"},{"floor":15,"key":"REST"},{"floor":23,"key":"REST"},{"floor":25,"key":"RECALL"}],"circlet_count":0,"master_deck":["AscendersBane","Defend_B","Defend_B","Defend_B","Defend_B+1","Zap","Dualcast","Electrodynamics+1","FTL","White Noise","Conserve Battery","Coolheaded+1","Doom and Gloom","Chill","Self Repair","Echo Form","Compile Driver","Hologram","Coolheaded+1","Amplify","Capacitor","Tempest"],"relics":["Cracked Core","Tiny Chest","Regal Pillow","Ancient Tea Set","Fusion Hammer","Vajra","Meat on the Bone"],"acts_visited":["Exordium","TheCity"],"potions_floor_usage":[6,18,24,30],"damage_taken":[{"damage":9,"enemies":"Small Slimes","floor":1,"turns":4},{"damage":7,"enemies":"Jaw Worm","floor":2,"turns":3},{"damage":0,"enemies":"2 Louse","floor":5,"turns":2},{"damage":0,"enemies":"3 Sentries","floor":6,"turns":2},{"damage":9,"enemies":"2 Fungi Beasts","floor":7,"turns":2},{"damage":21,"enemies":"Lagavulin","floor":12,"turns":5},{"damage":9,"enemies":"3 Louse","floor":14,"turns":2},{"damage":17,"enemies":"The Guardian","floor":16,"turns":13},{"damage":5,"enemies":"Shell Parasite","floor":18,"turns":4},{"damage":13,"enemies":"Spheric Guardian","floor":19,"turns":4},{"damage":1,"enemies":"3 Cultists","floor":20,"turns":4},{"damage":11,"enemies":"Snake Plant","floor":24,"turns":5},{"damage":43,"enemies":"Gremlin Leader","floor":27,"turns":7},{"damage":57,"enemies":"Book of Stabbing","floor":30,"turns":5}],"seed_played":"426704591344808945","potions_obtained":[{"floor":5,"key":"Block Potion"},{"floor":6,"key":"SpeedPotion"},{"floor":16,"key":"Energy Potion"},{"floor":24,"key":"Ancient Potion"},{"floor":27,"key":"Fruit Juice"}],"is_trial":false,"path_per_floor":["M","M","?","?","M","E","M","?","T","$","R","E","?","M","R","B",null,"M","M","M","?","T","R","M","R","T","E","$","?","E"],"character_chosen":"DEFECT","items_purchased":["Doom and Gloom","Capacitor","Tempest"],"campfire_rested":3,"item_purchase_floors":[10,28,28],"current_hp_per_floor":[55,48,48,48,48,48,39,32,32,32,68,47,26,17,53,43,64,59,53,59,59,59,71,71,71,71,47,47,47,0,0],"gold":72,"neow_bonus":"ONE_RANDOM_RARE_CARD","is_daily":false,"chose_seed":false,"campfire_upgraded":0,"win_rate":0.0,"timestamp":1611462731,"path_taken":["M","M","?","?","M","E","M","?","T","$","R","E","?","M","R","BOSS","M","M","M","?","?","R","M","R","T","E","$","?","E"],"items_purchased_type":["Card","Card","Card"],"build_version":"2020-12-22","purchased_purges":1,"victory":false,"max_hp_per_floor":[71,71,71,71,71,71,71,71,71,71,71,71,71,71,71,71,71,71,71,71,71,71,71,71,71,71,71,71,71,76,76],"relic_stats":{"Regal Pillow":30,"counters":[14,62],"Tiny Chest":1,"obtain_stats":[{"Regal Pillow":9,"Vajra":22,"Tiny Chest":6,"Fusion Hammer":17,"Cracked Core":0,"Ancient Tea Set":12,"Meat on the Bone":26},{"Regal Pillow":5,"Vajra":11,"Tiny Chest":4,"Fusion Hammer":8,"Cracked Core":0,"Ancient Tea Set":6,"Meat on the Bone":12},{"Regal Pillow":13,"Vajra":45,"Tiny Chest":11,"Fusion Hammer":33,"Cracked Core":0,"Ancient Tea Set":18,"Meat on the Bone":50}],"Meat on the Bone":12},"card_choices":[{"not_picked":["Turbo","Loop","Barrage"],"picked":"SKIP","floor":1},{"not_picked":["Stack","Redo"],"picked":"FTL","floor":2},{"not_picked":["Gash","Compile Driver"],"picked":"White Noise","floor":5},{"not_picked":["Redo","Leap"],"picked":"Conserve Battery","floor":6},{"not_picked":["Beam Cell","Cold Snap"],"picked":"Coolheaded","floor":7},{"not_picked":["Cold Snap","Sweeping Beam"],"picked":"Chill","floor":12},{"not_picked":["Conserve Battery","Rip and Tear"],"picked":"Self Repair","floor":14},{"not_picked":["Fission","Seek"],"picked":"Echo Form","floor":16},{"not_picked":["Barrage","Chaos","Consume"],"picked":"SKIP","floor":18},{"not_picked":["Turbo","Go for the Eyes"],"picked":"Compile Driver","floor":19},{"not_picked":["Sunder","Stack"],"picked":"Hologram","floor":20},{"not_picked":["Blizzard+1","Aggregate"],"picked":"Coolheaded+1","floor":24},{"not_picked":["Sweeping Beam","Streamline"],"picked":"Amplify","floor":27}],"player_experience":1594444,"relics_obtained":[{"floor":6,"key":"Tiny Chest"},{"floor":9,"key":"Regal Pillow"},{"floor":12,"key":"Ancient Tea Set"},{"floor":22,"key":"Vajra"},{"floor":26,"key":"Meat on the Bone"}],"event_choices":[{"damage_healed":0,"gold_gain":0,"player_choice":"Grow","damage_taken":0,"max_hp_gain":0,"max_hp_loss":0,"event_name":"Living Wall","floor":3,"gold_loss":0,"cards_upgraded":["Electrodynamics"]},{"cards_removed":["Strike_B"],"damage_healed":0,"gold_gain":0,"player_choice":"Card Removal","damage_taken":0,"max_hp_gain":0,"max_hp_loss":0,"event_name":"The Cleric","floor":4,"gold_loss":75},{"cards_removed":["Strike_B"],"damage_healed":0,"gold_gain":0,"player_choice":"Card Removal","damage_taken":7,"max_hp_gain":0,"max_hp_loss":0,"event_name":"Golden Wing","floor":8,"gold_loss":0},{"damage_healed":0,"gold_gain":0,"player_choice":"Entered Light","damage_taken":21,"max_hp_gain":0,"max_hp_loss":0,"event_name":"Shining Light","floor":13,"gold_loss":0,"cards_upgraded":["Defend_B","Coolheaded"]},{"damage_healed":0,"gold_gain":50,"player_choice":"Stole From Cult","damage_taken":0,"max_hp_gain":0,"max_hp_loss":0,"event_name":"Nest","floor":21,"gold_loss":0},{"cards_removed":["Strike_B"],"damage_healed":0,"gold_gain":0,"player_choice":"Gave Gold","damage_taken":0,"max_hp_gain":0,"max_hp_loss":0,"event_name":"Beggar","floor":29,"gold_loss":75}],"is_beta":false,"boss_relics":[{"not_picked":["Runic Dome","FrozenCore"],"picked":"Fusion Hammer"}],"items_purged_floors":[28],"is_endless":false,"potions_floor_spawned":[5,6,16,24,27],"killed_by":"Book of Stabbing","ascension_level":20}}