{"host":"pletss163z7s8pvv","time":1611531179,"event":{"mods":["AchievementEnabler","BaseMod","Better Altar","Better Match","Better Note","Better Sensory Stone","Better Skull","Better Third Choice","BetterRewards","CapriCore","ChefMod","Colored Map","Colored Powertips","Conspire","Energized Spire","Evolution","GifTheSpireLib","Hermit","Ironclad Rager","Marked Mod","Minty Spire (QoL Compilation)","Retaliation","Spicy Shops","StS++","StSLib","The Blue Laboratory","The Cursed","The Disciple","The Forsaken"],"gold_per_floor":[110,123,123,141,141,162,185,198,198,198,163,163,163,186,186,314,314,327,105,105,119,0,25,25,25,48,71,41,41,68,90,90,227,236,249,312,612,646,421,421,421],"floor_reached":40,"language":"ENG","playtime":1317,"items_purged":["Pain"],"score":453,"play_id":"4f51dd7a-a0ee-49c0-b100-a56d13628ae9","local_time":"20210124173259","is_ascension_mode":false,"campfire_choices":[{"floor":13,"key":"RECALL"},{"data":"MarkedMod:GracefulMovements","floor":15,"key":"SMITH"},{"floor":24,"key":"REST"},{"floor":29,"key":"REST"},{"floor":32,"key":"REST"}],"circlet_count":0,"master_deck":["Strike_P","Strike_P","Strike_P","Strike_P","Defend_P","Defend_P","Defend_P","Defend_P","Eruption","Vigilance","Consecrate","Wallop","SashWhip+1","MarkedMod:PinPointDefense+1","MarkedMod:GracefulMovements+1","FollowUp","MarkedMod:NorthStar","FearNoEvil","MarkedMod:FirstStrike","FearNoEvil","ClearTheMind","BattleHymn","MarkedMod:PinPointDefense","Wallop+1","SashWhip","MarkedMod:GentlePulse","MarkedMod:NorthStar","CurseOfTheBell","MarkedMod:GentlePulse+1","Sadistic Nature","MarkedMod:OneThousandNeedles","MarkedMod:Acupuncture"],"relics":["PureWater","EVO:Axolotl","Golden Idol","StSpp:GiftCard","Singing Bowl","conspire:GiftBox","energizedSpire:CursedPentagram","CeramicFish","Whetstone","Calling Bell","Bag of Marbles","conspire:DecoderRing","Torii","Turnip"],"acts_visited":["Exordium","TheCity","TheBeyond"],"potions_floor_usage":[16,23,23,33,33],"damage_taken":[{"damage":3,"enemies":"Jaw Worm","floor":1,"turns":3},{"damage":0,"enemies":"conspire:RoseBush","floor":2,"turns":3},{"damage":0,"enemies":"Small Slimes","floor":4,"turns":2},{"damage":0,"enemies":"Looter","floor":6,"turns":2},{"damage":0,"enemies":"2 Fungi Beasts","floor":7,"turns":3},{"damage":0,"enemies":"Exordium Thugs","floor":8,"turns":3},{"damage":5,"enemies":"Blue Slaver","floor":14,"turns":4},{"damage":0,"enemies":"Hexaghost","floor":16,"turns":6},{"damage":13,"enemies":"3 Byrds","floor":18,"turns":4},{"damage":31,"enemies":"Shell Parasite","floor":21,"turns":6},{"damage":33,"enemies":"Snecko","floor":23,"turns":6},{"damage":42,"enemies":"Shelled Parasite and Fungi","floor":27,"turns":5},{"damage":13,"enemies":"3 Cultists","floor":31,"turns":5},{"damage":84,"enemies":"Champ","floor":33,"turns":10},{"damage":36,"enemies":"3 Darklings","floor":35,"turns":4},{"damage":38,"enemies":"Mind Bloom Boss Battle","floor":36,"turns":8},{"damage":16,"enemies":"3 Shapes","floor":38,"turns":10},{"damage":6,"enemies":"Jaw Worm Horde","floor":40,"turns":1}],"seed_played":"6253951491819455812","potions_obtained":[{"floor":0,"key":"conspire:TimeTravelPotion"},{"floor":0,"key":"SkillPotion"},{"floor":0,"key":"blueLaboratory:SavagePotion"},{"floor":6,"key":"blueLaboratory:EpiphanyPotion"},{"floor":8,"key":"PowerPotion"},{"floor":18,"key":"SneckoOil"},{"floor":27,"key":"SteroidPotion"},{"floor":28,"key":"Ambrosia"},{"floor":36,"key":"blueLaboratory:AlphaPotion"},{"floor":38,"key":"Strength Potion"}],"is_trial":false,"path_per_floor":["M","M","?","M","?","M","M","M","T","?","?","T","R","M","R","B",null,"M","$","?","M","$","M","R","?","T","M","?","R","T","M","R","B",null,"M","?","?","M","$","M"],"character_chosen":"WATCHER","items_purchased":["MarkedMod:FirstStrike","FearNoEvil","ClearTheMind","BattleHymn","blueLaboratory:PressurePotion","blueLaboratory:AlphaPotion","Wallop","SashWhip","CeramicFish","Sadistic Nature","MarkedMod:OneThousandNeedles","MarkedMod:Acupuncture"],"campfire_rested":3,"item_purchase_floors":[19,19,19,19,19,19,22,22,22,39,39,39],"current_hp_per_floor":[69,69,51,51,51,51,51,51,51,51,69,69,69,66,66,66,74,61,61,65,34,34,3,25,86,86,46,46,72,72,59,85,1,88,54,18,18,2,2,0,0],"gold":421,"neow_bonus":"THREE_SMALL_POTIONS","is_daily":false,"chose_seed":false,"campfire_upgraded":1,"win_rate":0.0,"timestamp":1611531179,"path_taken":["M","M","?","M","?","M","M","M","T","?","?","?","R","M","R","BOSS","M","$","?","M","?","M","R","?","T","M","?","R","?","M","R","BOSS","M","?","?","M","$","M"],"items_purchased_type":["Card","Card","Card","Card","Potion","Potion","Card","Card","Relic","Card","Card","Card"],"build_version":"2020-12-22","purchased_purges":1,"victory":false,"max_hp_per_floor":[72,72,72,72,72,72,72,72,72,72,72,72,72,74,74,74,74,74,74,74,74,74,76,76,86,86,88,88,88,88,88,88,88,88,90,92,92,92,92,92,92],"card_choices":[{"not_picked":["Weave","FollowUp"],"picked":"Consecrate","floor":1},{"not_picked":["Protect","Vengeance"],"picked":"Wallop","floor":2},{"not_picked":["Swivel","Halt"],"picked":"SashWhip","floor":4},{"not_picked":["Collect","MarkedMod:GentlePulse","MarkedMod:PinPointDefense"],"picked":"SKIP","floor":6},{"not_picked":["Collect","MarkedMod:GentlePulse"],"picked":"MarkedMod:PinPointDefense","floor":6},{"not_picked":["Evaluate","Consecrate"],"picked":"MarkedMod:GracefulMovements","floor":7},{"not_picked":["FlurryOfBlows","BowlingBash"],"picked":"FollowUp","floor":8},{"not_picked":["DeusExMachina","Vault"],"picked":"MarkedMod:NorthStar","floor":12},{"not_picked":["Pray","DeusExMachina","LikeWater"],"picked":"Singing Bowl","floor":14},{"not_picked":["Wish","Blasphemy"],"picked":"Alpha","floor":16},{"not_picked":["EmptyBody","StSpp:LatentStrike"],"picked":"FearNoEvil","floor":18},{"not_picked":["ThirdEye","PathToVictory"],"picked":"MarkedMod:PinPointDefense","floor":21},{"not_picked":["Collect","EmptyMind","WheelKick"],"picked":"Singing Bowl","floor":23},{"not_picked":["WindmillStrike+1","JustLucky+1","EmptyMind"],"picked":"Singing Bowl","floor":27},{"not_picked":["Halt","SpiritShield"],"picked":"MarkedMod:GentlePulse","floor":31},{"not_picked":["LessonLearned","Alpha"],"picked":"MarkedMod:NorthStar","floor":33},{"not_picked":["StSpp:TimeDodge","WheelKick","WreathOfFlame+1"],"picked":"Singing Bowl","floor":35},{"not_picked":["ThirdEye","ClearTheMind","MarkedMod:FirstStrike"],"picked":"Singing Bowl","floor":36},{"not_picked":["ClearTheMind+1","SandsOfTime+1"],"picked":"MarkedMod:GentlePulse+1","floor":38}],"player_experience":441533,"relics_obtained":[{"floor":9,"key":"Singing Bowl"},{"floor":12,"key":"conspire:GiftBox"},{"floor":26,"key":"Whetstone"},{"floor":34,"key":"Bag of Marbles"},{"floor":34,"key":"conspire:DecoderRing"},{"floor":34,"key":"Torii"},{"floor":36,"key":"Turnip"}],"event_choices":[{"damage_healed":0,"gold_gain":0,"player_choice":"Take Damage","damage_taken":18,"relics_obtained":["Golden Idol"],"max_hp_gain":0,"max_hp_loss":0,"event_name":"Golden Idol","floor":3,"gold_loss":0},{"damage_healed":0,"gold_gain":0,"player_choice":"Grow","damage_taken":0,"max_hp_gain":0,"max_hp_loss":0,"event_name":"Living Wall","floor":10,"gold_loss":0,"cards_upgraded":["MarkedMod:PinPointDefense"]},{"damage_healed":18,"gold_gain":0,"player_choice":"Healed","damage_taken":0,"max_hp_gain":0,"max_hp_loss":0,"event_name":"The Cleric","floor":11,"gold_loss":35},{"damage_healed":4,"gold_gain":0,"player_choice":"LEAVE ","damage_taken":0,"relics_obtained":[],"max_hp_gain":0,"max_hp_loss":0,"event_name":"betterSkull:BetterSkull","floor":20,"gold_loss":0,"cards_upgraded":[]},{"cards_removed":["Alpha"],"damage_healed":51,"gold_gain":0,"player_choice":"Offered Rare","damage_taken":0,"max_hp_gain":10,"max_hp_loss":0,"event_name":"Bonfire Elementals","floor":25,"gold_loss":0},{"damage_healed":0,"gold_gain":0,"player_choice":"Bought 2 Potions","damage_taken":0,"max_hp_gain":0,"max_hp_loss":0,"event_name":"The Woman in Blue","floor":28,"gold_loss":0},{"damage_healed":0,"gold_gain":0,"player_choice":"Fight","damage_taken":0,"max_hp_gain":0,"max_hp_loss":0,"event_name":"MindBloom","floor":36,"gold_loss":0},{"damage_healed":0,"gold_gain":300,"player_choice":"Gold","damage_taken":0,"max_hp_gain":0,"max_hp_loss":0,"event_name":"Wheel of Change","floor":37,"gold_loss":0}],"is_beta":false,"boss_relics":[{"not_picked":["Snecko Eye","conspire:RoyalGoblet"],"picked":"energizedSpire:CursedPentagram"},{"not_picked":["StSpp:CrystalBall","Fusion Hammer"],"picked":"Calling Bell"}],"items_purged_floors":[19],"is_endless":false,"potions_floor_spawned":[6,8,14,18,27,31,36,38],"killed_by":"Jaw Worm Horde","ascension_level":0}}