{"host":"Alvar","time":1611477223,"event":{"mods":["AchievementEnabler","BaseMod","Minty Spire (QoL Compilation)","StSLib"],"gold_per_floor":[110,128,128,53,71,106,117,117,117],"floor_reached":8,"language":"ENG","playtime":297,"items_purged":[],"score":116,"play_id":"598f07a6-bdda-433a-ac24-3b804f5a6d2b","local_time":"20210124153343","is_ascension_mode":true,"campfire_choices":[],"circlet_count":0,"master_deck":["AscendersBane","Strike_R","Strike_R","Strike_R","Strike_R","Strike_R","Defend_R","Defend_R","Defend_R","Defend_R","Bash","Cleave","Rampage","Thunderclap","Feel No Pain"],"relics":["Burning Blood","NeowsBlessing","Potion Belt","Art of War"],"acts_visited":["Exordium"],"potions_floor_usage":[6,8],"damage_taken":[{"damage":0,"enemies":"Cultist","floor":1,"turns":1},{"damage":0,"enemies":"Small Slimes","floor":2,"turns":1},{"damage":0,"enemies":"Jaw Worm","floor":5,"turns":1},{"damage":35,"enemies":"3 Sentries","floor":6,"turns":11},{"damage":14,"enemies":"Looter","floor":7,"turns":4},{"damage":11,"enemies":"Lagavulin","floor":8,"turns":5}],"seed_played":"5282551122292964792","potions_obtained":[{"floor":2,"key":"EssenceOfSteel"},{"floor":5,"key":"Block Potion"}],"is_trial":false,"path_per_floor":["M","M","?","$","M","E","M","E"],"character_chosen":"IRONCLAD","items_purchased":["Rampage"],"campfire_rested":0,"item_purchase_floors":[4],"current_hp_per_floor":[74,75,75,75,75,46,38,27,27],"gold":117,"neow_bonus":"THREE_ENEMY_KILL","is_daily":false,"chose_seed":false,"campfire_upgraded":0,"win_rate":0.0,"timestamp":1611477223,"path_taken":["M","M","?","$","?","E","M","E"],"items_purchased_type":["Card"],"build_version":"2020-12-18","purchased_purges":0,"victory":false,"max_hp_per_floor":[75,75,75,75,75,75,75,75,75],"card_choices":[{"not_picked":["Iron Wave","Flex","Clash"],"picked":"SKIP","floor":1},{"not_picked":["Dark Embrace","Clash"],"picked":"Cleave","floor":2},{"not_picked":["Reckless Charge","Twin Strike"],"picked":"Thunderclap","floor":5},{"not_picked":["Fire Breathing","Clash"],"picked":"Feel No Pain","floor":6},{"not_picked":["Seeing Red","Body Slam","True Grit"],"picked":"SKIP","floor":7}],"player_experience":783353,"relics_obtained":[{"floor":3,"key":"Potion Belt"},{"floor":6,"key":"Art of War"}],"event_choices":[{"damage_healed":0,"gold_gain":0,"player_choice":"Relic","damage_taken":0,"max_hp_gain":0,"max_hp_loss":0,"event_name":"Wheel of Change","floor":3,"gold_loss":0}],"is_beta":true,"boss_relics":[],"items_purged_floors":[],"is_endless":false,"potions_floor_spawned":[2,5],"killed_by":"Lagavulin","ascension_level":20}}