{"host":"j4g6ia6asvpyu2b0","time":1611527395,"event":{"mods":["BaseMod","Colored Map","Minty Spire (QoL Compilation)","Permanent Neow","Quick Restart","Relic Stats","StSLib","Unceasing Turn Reminder"],"gold_per_floor":[114,128,128,148,148,148,167,197,278,308,308,318,69,89,89,162,162,173,186,186,202,213,213,213],"floor_reached":23,"language":"ENG","playtime":624,"items_purged":[],"score":546,"play_id":"638ed4df-ed50-429f-9ac8-3286e150d957","local_time":"20210124152955","is_ascension_mode":true,"campfire_choices":[{"data":"Inflame","floor":6,"key":"SMITH"},{"data":"Bash","floor":11,"key":"SMITH"},{"data":"Limit Break","floor":15,"key":"SMITH"}],"circlet_count":0,"master_deck":["AscendersBane","Strike_R","Strike_R","Strike_R","Strike_R","Strike_R","Defend_R+1","Defend_R","Defend_R","Defend_R","Bash+1","Inflame","Inflame+1","Whirlwind","Anger","Havoc+1","Pommel Strike","Limit Break+1","Seeing Red","Havoc","Limit Break","Inflame+1","Barricade+1"],"relics":["Runic Pyramid","White Beast Statue","War Paint","Frozen Egg 2","Oddly Smooth Stone","Sling","Runic Dome"],"acts_visited":["Exordium","TheCity"],"potions_floor_usage":[7,8,10,18,19,22],"damage_taken":[{"damage":1,"enemies":"Cultist","floor":1,"turns":3},{"damage":4,"enemies":"Jaw Worm","floor":2,"turns":7},{"damage":5,"enemies":"Small Slimes","floor":4,"turns":4},{"damage":1,"enemies":"2 Fungi Beasts","floor":7,"turns":4},{"damage":8,"enemies":"Gremlin Nob","floor":8,"turns":3},{"damage":0,"enemies":"Lagavulin","floor":10,"turns":4},{"damage":5,"enemies":"Looter","floor":12,"turns":2},{"damage":16,"enemies":"Exordium Thugs","floor":14,"turns":3},{"damage":0,"enemies":"Slime Boss","floor":16,"turns":5},{"damage":21,"enemies":"2 Thieves","floor":18,"turns":4},{"damage":0,"enemies":"3 Byrds","floor":19,"turns":4},{"damage":6,"enemies":"3 Cultists","floor":21,"turns":3},{"damage":30,"enemies":"Cultist and Chosen","floor":22,"turns":5},{"damage":11,"enemies":"Gremlin Leader","floor":23,"turns":2}],"seed_played":"6961923567008763017","potions_obtained":[{"floor":1,"key":"SpeedPotion"},{"floor":7,"key":"LiquidMemories"},{"floor":8,"key":"AttackPotion"},{"floor":10,"key":"PowerPotion"},{"floor":12,"key":"Explosive Potion"},{"floor":14,"key":"LiquidMemories"},{"floor":18,"key":"Swift Potion"},{"floor":19,"key":"ColorlessPotion"},{"floor":22,"key":"SteroidPotion"}],"is_trial":false,"path_per_floor":["M","M","$","M","T","R","M","E","T","E","R","M","$","M","R","B",null,"M","M","?","M","M","E"],"character_chosen":"IRONCLAD","items_purchased":["Sling","Seeing Red"],"campfire_rested":0,"item_purchase_floors":[13,13],"current_hp_per_floor":[67,63,63,58,58,58,57,49,49,49,49,44,44,28,28,28,63,42,42,42,36,6,0,0],"gold":213,"neow_bonus":"BOSS_RELIC","is_daily":false,"chose_seed":false,"campfire_upgraded":3,"win_rate":0.0,"timestamp":1611527395,"path_taken":["M","M","$","M","?","R","M","E","T","E","R","M","$","M","R","BOSS","M","M","?","M","M","E"],"items_purchased_type":["Relic","Card"],"build_version":"2020-12-22","purchased_purges":0,"victory":false,"max_hp_per_floor":[75,75,75,75,75,75,75,75,75,75,75,75,75,75,75,75,75,75,75,75,75,75,75,75],"relic_stats":{"counters":[14,53],"War Paint":["Defend_R","Havoc"],"obtain_stats":[{"Runic Dome":17,"Oddly Smooth Stone":10,"War Paint":8,"Frozen Egg 2":9,"Sling":13,"Burning Blood":0,"White Beast Statue":5,"Runic Pyramid":0},{"Runic Dome":9,"Oddly Smooth Stone":6,"War Paint":5,"Frozen Egg 2":5,"Sling":7,"Burning Blood":0,"White Beast Statue":3,"Runic Pyramid":0},{"Runic Dome":35,"Oddly Smooth Stone":25,"War Paint":21,"Frozen Egg 2":21,"Sling":27,"Burning Blood":0,"White Beast Statue":14,"Runic Pyramid":0}]},"card_choices":[{"not_picked":["Entrench","Iron Wave"],"picked":"Inflame","floor":1},{"not_picked":["Armaments","Uppercut"],"picked":"Inflame","floor":2},{"not_picked":["Perfected Strike","Pommel Strike"],"picked":"Whirlwind","floor":4},{"not_picked":["Havoc","Wild Strike"],"picked":"Anger","floor":7},{"not_picked":["Clash","Reckless Charge"],"picked":"Havoc","floor":8},{"not_picked":["Sword Boomerang","Rampage"],"picked":"Pommel Strike","floor":10},{"not_picked":["Flex","Pommel Strike"],"picked":"Limit Break","floor":12},{"not_picked":["Blood for Blood","Flex"],"picked":"Havoc","floor":14},{"not_picked":["Brutality+1","Bludgeon"],"picked":"Limit Break","floor":16},{"not_picked":["Iron Wave","Searing Blow","Whirlwind"],"picked":"SKIP","floor":18},{"not_picked":["Entrench+1","Armaments"],"picked":"Inflame+1","floor":19},{"not_picked":["Anger+1","Headbutt","Heavy Blade"],"picked":"SKIP","floor":21},{"not_picked":["True Grit+1","Perfected Strike"],"picked":"Barricade+1","floor":22}],"player_experience":992524,"relics_obtained":[{"floor":5,"key":"White Beast Statue"},{"floor":8,"key":"War Paint"},{"floor":9,"key":"Frozen Egg 2"},{"floor":10,"key":"Oddly Smooth Stone"}],"event_choices":[{"damage_healed":0,"gold_gain":0,"player_choice":"Ignored","damage_taken":0,"max_hp_gain":0,"max_hp_loss":0,"event_name":"Vampires","floor":20,"gold_loss":0}],"is_beta":false,"boss_relics":[{"not_picked":["Astrolabe","Snecko Eye"],"picked":"Runic Dome"}],"items_purged_floors":[],"is_endless":false,"potions_floor_spawned":[1,7,8,10,12,14,16,18,19,21,22],"killed_by":"Gremlin Leader","ascension_level":19}}