{"host":"cq2iqt18u9swspes","time":1611494785,"event":{"mods":["AchievementEnabler","BaseMod","Colored Map","Minty Spire (QoL Compilation)","StSLib","The Cursed"],"gold_per_floor":[115,127,0,0,0,0,0,13,40,40,40,58,87,105,105,209,259,276,10,29,48,3,3,3,16,40,40,56,56,56,74,74,179,179,196,215,265,315,328,328,328,328],"floor_reached":41,"language":"ENG","playtime":2125,"items_purged":["Strike_B","Strike_B"],"score":418,"play_id":"833ad30f-49cc-4d00-ad3f-1769ace623bd","local_time":"20210124142625","is_ascension_mode":false,"campfire_choices":[{"data":"Zap","floor":7,"key":"SMITH"},{"floor":10,"key":"REST"},{"data":"Chaos","floor":15,"key":"SMITH"},{"floor":24,"key":"REST"},{"floor":30,"key":"REST"},{"floor":32,"key":"REST"},{"floor":40,"key":"REST"}],"circlet_count":0,"master_deck":["Defend_B","Defend_B+1","Defend_B","Defend_B","Zap+1","Dualcast+1","Thunder Strike","Rebound","Chaos+1","Ball Lightning+1","Ball Lightning","Go for the Eyes","Barrage","FTL","Echo Form","Hologram","Redo","Ball Lightning","Capacitor","Storm+1","Aggregate+1","Stack","Lockon","Scrape","Leap+1","Beam Cell+1","Conserve Battery","Echo Form","Streamline+1","Leap+1","Writhe","Hologram+1"],"relics":["Cracked Core","Juzu Bracelet","Oddly Smooth Stone","MealTicket","Tiny House","Ancient Tea Set","SsserpentHead","Inserter"],"acts_visited":["Exordium","TheCity","TheBeyond"],"potions_floor_usage":[13,13,18,25,28,33,35,41],"damage_taken":[{"damage":0,"enemies":"Small Slimes","floor":1,"turns":4},{"damage":3,"enemies":"2 Louse","floor":2,"turns":3},{"damage":1,"enemies":"Jaw Worm","floor":8,"turns":2},{"damage":0,"enemies":"2 Fungi Beasts","floor":12,"turns":3},{"damage":0,"enemies":"Lagavulin","floor":13,"turns":4},{"damage":10,"enemies":"Lots of Slimes","floor":14,"turns":3},{"damage":17,"enemies":"Slime Boss","floor":16,"turns":7},{"damage":27,"enemies":"3 Byrds","floor":18,"turns":3},{"damage":14,"enemies":"Shell Parasite","floor":20,"turns":4},{"damage":52,"enemies":"3 Cultists","floor":21,"turns":6},{"damage":26,"enemies":"Sentry and Sphere","floor":25,"turns":5},{"damage":15,"enemies":"Centurion and Healer","floor":28,"turns":6},{"damage":10,"enemies":"3 Cultists","floor":31,"turns":7},{"damage":20,"enemies":"Champ","floor":33,"turns":11},{"damage":12,"enemies":"3 Shapes","floor":35,"turns":6},{"damage":29,"enemies":"Orb Walker","floor":36,"turns":5},{"damage":32,"enemies":"Spire Growth","floor":39,"turns":6},{"damage":75,"enemies":"Writhing Mass","floor":41,"turns":4}],"seed_played":"6294362147366882705","potions_obtained":[{"floor":1,"key":"PowerPotion"},{"floor":2,"key":"Block Potion"},{"floor":13,"key":"SteroidPotion"},{"floor":17,"key":"EssenceOfDarkness"},{"floor":20,"key":"Ancient Potion"},{"floor":21,"key":"LiquidBronze"},{"floor":25,"key":"Explosive Potion"},{"floor":33,"key":"EssenceOfSteel"},{"floor":39,"key":"Strength Potion"}],"is_trial":false,"path_per_floor":["M","M","$","?","?","?","R","M","T","R","$","M","E","M","R","B",null,"M","$","M","M","$","?","R","M","T","?","M","?","R","M","R","B",null,"M","M","?","?","M","R","M"],"character_chosen":"DEFECT","items_purchased":["Ball Lightning","Redo","Ball Lightning","Capacitor","Stack"],"campfire_rested":5,"item_purchase_floors":[3,19,19,19,22],"current_hp_per_floor":[75,72,72,72,65,50,50,49,49,71,71,71,71,61,61,44,80,53,68,54,2,17,17,41,15,15,41,26,26,50,40,64,44,80,68,39,39,59,27,51,0,0],"gold":328,"neow_bonus":"TRANSFORM_CARD","is_daily":false,"chose_seed":false,"campfire_upgraded":2,"win_rate":0.0,"timestamp":1611494785,"path_taken":["M","M","$","?","?","?","R","M","T","R","$","M","E","M","R","BOSS","M","$","M","M","$","?","R","M","T","?","M","?","R","M","R","BOSS","M","M","?","?","M","R","M"],"items_purchased_type":["Card","Card","Card","Card","Card"],"build_version":"2020-12-22","purchased_purges":2,"victory":false,"max_hp_per_floor":[75,75,75,75,75,75,75,75,75,75,75,75,75,75,75,75,80,80,80,80,80,80,80,80,80,80,80,80,80,80,80,80,80,80,80,80,80,80,80,80,80,80],"card_choices":[{"not_picked":["Reinforced Body","Blizzard"],"picked":"Rebound","floor":1},{"not_picked":["Conserve Battery","Reinforced Body"],"picked":"Chaos","floor":2},{"not_picked":["Hologram","Glacier"],"picked":"Ball Lightning","floor":8},{"not_picked":["Rip and Tear","Steam"],"picked":"Go for the Eyes","floor":12},{"not_picked":["Beam Cell","Stack"],"picked":"Barrage","floor":13},{"not_picked":["Coolheaded","Amplify"],"picked":"FTL","floor":14},{"not_picked":["Thunder Strike","All For One"],"picked":"Echo Form","floor":16},{"not_picked":["Gash","Chaos"],"picked":"Hologram","floor":17},{"not_picked":["Turbo","Fusion"],"picked":"Streamline","floor":18},{"not_picked":["Cold Snap+1","Doom and Gloom+1"],"picked":"Storm+1","floor":20},{"not_picked":["Barrage","Blizzard"],"picked":"Aggregate+1","floor":21},{"not_picked":["FTL","Sweeping Beam"],"picked":"Leap+1","floor":25},{"not_picked":["Storm","Fusion"],"picked":"Beam Cell+1","floor":28},{"not_picked":["Rainbow","Compile Driver"],"picked":"Conserve Battery","floor":31},{"not_picked":["Machine Learning","Buffer"],"picked":"Echo Form","floor":33},{"not_picked":["Blizzard+1","Ball Lightning"],"picked":"Streamline+1","floor":35},{"not_picked":["Cold Snap","Genetic Algorithm"],"picked":"Leap+1","floor":36},{"not_picked":["Steam Power","Scrape+1"],"picked":"Hologram+1","floor":39}],"player_experience":35531,"relics_obtained":[{"floor":9,"key":"Oddly Smooth Stone"},{"floor":13,"key":"MealTicket"},{"floor":26,"key":"Ancient Tea Set"}],"event_choices":[{"damage_healed":0,"gold_gain":0,"player_choice":"Box","damage_taken":0,"relics_obtained":["Juzu Bracelet"],"max_hp_gain":0,"max_hp_loss":0,"event_name":"Big Fish","floor":4,"gold_loss":0,"cards_obtained":["Regret"]},{"cards_removed":["Regret"],"damage_healed":0,"gold_gain":0,"player_choice":"Card Removal","damage_taken":7,"max_hp_gain":0,"max_hp_loss":0,"event_name":"Golden Wing","floor":5,"gold_loss":0},{"damage_healed":0,"gold_gain":0,"player_choice":"Entered Light","damage_taken":15,"max_hp_gain":0,"max_hp_loss":0,"event_name":"Shining Light","floor":6,"gold_loss":0,"cards_upgraded":["Dualcast","Defend_B"]},{"damage_healed":0,"gold_gain":0,"cards_transformed":["Strike_B","Streamline"],"player_choice":"Became Test Subject","damage_taken":0,"max_hp_gain":0,"max_hp_loss":0,"event_name":"Drug Dealer","floor":23,"gold_loss":0,"cards_obtained":["Lockon","Scrape"]},{"damage_healed":26,"gold_gain":0,"player_choice":"Heal","damage_taken":0,"max_hp_gain":0,"max_hp_loss":0,"event_name":"The Library","floor":27,"gold_loss":0},{"damage_healed":0,"gold_gain":0,"player_choice":"Trade","damage_taken":0,"relics_obtained":["SsserpentHead"],"max_hp_gain":0,"max_hp_loss":0,"event_name":"FaceTrader","floor":29,"gold_loss":0},{"damage_healed":0,"gold_gain":0,"player_choice":"Ignored","damage_taken":0,"max_hp_gain":0,"max_hp_loss":0,"event_name":"Mysterious Sphere","floor":37,"gold_loss":0},{"damage_healed":20,"gold_gain":0,"player_choice":"Writhe","damage_taken":0,"max_hp_gain":0,"max_hp_loss":0,"event_name":"Winding Halls","floor":38,"gold_loss":0,"cards_obtained":["Writhe"]}],"is_beta":false,"boss_relics":[{"not_picked":["Astrolabe","Cursed Key"],"picked":"Tiny House"},{"not_picked":["SacredBark","SlaversCollar"],"picked":"Inserter"}],"items_purged_floors":[3,19],"is_endless":false,"potions_floor_spawned":[1,2,13,20,21,25,33,39],"killed_by":"Writhing Mass","ascension_level":0}}