{"host":"w7tt687j332gugiq","time":1611485301,"event":{"mods":["BaseMod","Minty Spire (QoL Compilation)","StSLib"],"gold_per_floor":[114,131,150,165,175,175,19,74,97,130,130,160,187,213,225,237,237],"floor_reached":16,"language":"ZHS","playtime":516,"items_purged":["Strike_R"],"score":133,"play_id":"e8dd31dc-f060-40fe-b9c9-981e0c3addaf","local_time":"20210124184821","is_ascension_mode":true,"campfire_choices":[{"floor":6.0,"key":"REST"},{"floor":15,"key":"REST"}],"circlet_count":0,"master_deck":["Strike_R","Strike_R","Strike_R","Strike_R","Defend_R","Defend_R","Defend_R","Defend_R","Bash","Brutality","Whirlwind","Barricade","Power Through","Dual Wield","Flex","Feel No Pain"],"relics":["Burning Blood","Boot","Regal Pillow","Bottled Flame","MawBank"],"acts_visited":["Exordium"],"potions_floor_usage":[16],"damage_taken":[{"damage":1.0,"enemies":"Cultist","floor":1.0,"turns":3.0},{"damage":18.0,"enemies":"Jaw Worm","floor":2.0,"turns":5.0},{"damage":15.0,"enemies":"Small Slimes","floor":3.0,"turns":3.0},{"damage":17.0,"enemies":"Blue Slaver","floor":4.0,"turns":5.0},{"damage":40.0,"enemies":"Large Slime","floor":5.0,"turns":9.0},{"damage":40.0,"enemies":"3 Sentries","floor":10.0,"turns":6.0},{"damage":6.0,"enemies":"2 Fungi Beasts","floor":12.0,"turns":3.0},{"damage":14,"enemies":"Exordium Thugs","floor":13,"turns":5},{"damage":7,"enemies":"Looter","floor":14,"turns":4},{"damage":60,"enemies":"Slime Boss","floor":16,"turns":11}],"seed_played":"9031372732545968616","potions_obtained":[{"floor":1.0,"key":"BloodPotion"},{"floor":3.0,"key":"LiquidBronze"},{"floor":4.0,"key":"SteroidPotion"},{"floor":10.0,"key":"Fruit Juice"}],"is_trial":false,"path_per_floor":["M","M","M","M","M","R","$","T","T","E","T","M","M","M","R","B"],"character_chosen":"IRONCLAD","items_purchased":["Barricade"],"campfire_rested":2,"item_purchase_floors":[7],"current_hp_per_floor":[80,68,59,48,14,38,38,38,38,25,25,25,17,16,56,0,0],"gold":237,"neow_bonus":"ONE_RANDOM_RARE_CARD","is_daily":false,"chose_seed":false,"campfire_upgraded":0,"win_rate":0.0,"timestamp":1611485301,"path_taken":["M","M","M","?","M","R","$","?","T","E","?","M","M","M","R","BOSS"],"items_purchased_type":["Card"],"build_version":"2020-12-22","purchased_purges":1,"victory":false,"max_hp_per_floor":[80,80,80,80,80,80,80,80,80,85,85,85,85,85,85,85,85],"card_choices":[{"not_picked":["Headbutt","Clash"],"picked":"Whirlwind","floor":1.0},{"not_picked":["Iron Wave","Sentinel","Anger"],"picked":"SKIP","floor":2.0},{"not_picked":["Intimidate","Body Slam","Combust"],"picked":"SKIP","floor":3.0},{"not_picked":["Seeing Red","Reckless Charge","Wild Strike"],"picked":"SKIP","floor":4.0},{"not_picked":["Perfected Strike","Body Slam","Anger"],"picked":"SKIP","floor":5.0},{"not_picked":["Rampage","Clash"],"picked":"Power Through","floor":10.0},{"not_picked":["Anger","Searing Blow"],"picked":"Dual Wield","floor":12.0},{"not_picked":["Dual Wield","Clash"],"picked":"Flex","floor":13},{"not_picked":["Cleave","Sever Soul"],"picked":"Feel No Pain","floor":14}],"player_experience":137723,"relics_obtained":[{"floor":8.0,"key":"Boot"},{"floor":9.0,"key":"Regal Pillow"},{"floor":10.0,"key":"Bottled Flame"},{"floor":11.0,"key":"MawBank"}],"event_choices":[],"is_beta":false,"boss_relics":[],"items_purged_floors":[7],"is_endless":false,"potions_floor_spawned":[1,3,4,10],"killed_by":"Slime Boss","ascension_level":5}}