{"host":"edndssuekvzbh3is","time":1611518539,"event":{"mods":["BaseMod","Colored Map","Colored Powertips","Minty Spire (QoL Compilation)","SuperFastMode"],"gold_per_floor":[115,128,145,97,97,97,130,130,130,130,144,144,155,155,155,255,255,268,208,208],"floor_reached":19,"language":"ENG","playtime":301,"items_purged":[],"score":242,"play_id":"5ed52b05-b4fe-417a-b9d0-bd62d43748ab","local_time":"20210124150219","is_ascension_mode":true,"campfire_choices":[{"data":"Sword Boomerang","floor":6.0,"key":"SMITH"},{"data":"Bash","floor":8,"key":"SMITH"},{"data":"Clothesline","floor":10,"key":"SMITH"},{"data":"Ghostly Armor","floor":15,"key":"SMITH"}],"circlet_count":0,"master_deck":["Strike_R","Strike_R","Strike_R","Strike_R","Strike_R","Defend_R","Defend_R","Defend_R","Defend_R","Bash+1","Anger","Clothesline+1","Sword Boomerang+1","Anger","Ghostly Armor+1","Uppercut+1","Bludgeon","Pommel Strike"],"relics":["Burning Blood","NeowsBlessing","Bottled Flame","Kunai","Black Star"],"acts_visited":["Exordium","TheCity"],"potions_floor_usage":[7,16,16,16],"damage_taken":[{"damage":0.0,"enemies":"2 Louse","floor":1.0,"turns":1.0},{"damage":0.0,"enemies":"Small Slimes","floor":2.0,"turns":1.0},{"damage":0.0,"enemies":"Jaw Worm","floor":3.0,"turns":1.0},{"damage":33,"enemies":"Lagavulin","floor":7,"turns":6},{"damage":25,"enemies":"Exordium Thugs","floor":11,"turns":5},{"damage":0,"enemies":"Large Slime","floor":13,"turns":7},{"damage":38,"enemies":"Slime Boss","floor":16,"turns":9},{"damage":49,"enemies":"3 Byrds","floor":18,"turns":7},{"damage":43,"enemies":"2 Thieves","floor":19,"turns":3}],"seed_played":"8210680892751026053","potions_obtained":[{"floor":2.0,"key":"DistilledChaos"},{"floor":7,"key":"CultistPotion"},{"floor":11,"key":"DistilledChaos"}],"is_trial":false,"path_per_floor":["M","M","M","$","?","R","E","R","T","R","M","?","M","?","R","B",null,"M","M"],"character_chosen":"IRONCLAD","items_purchased":["Block Potion"],"campfire_rested":0,"item_purchase_floors":[4],"current_hp_per_floor":[78,80,80,80,80,80,53,53,53,53,34,60,66,66,66,34,69,26,0,0],"gold":208,"neow_bonus":"THREE_ENEMY_KILL","is_daily":false,"chose_seed":false,"campfire_upgraded":4,"win_rate":0.0,"timestamp":1611518539,"path_taken":["M","M","M","$","?","R","E","R","T","R","M","?","M","?","R","BOSS","M","M"],"items_purchased_type":["Potion"],"build_version":"2020-12-22","purchased_purges":0,"victory":false,"max_hp_per_floor":[80,80,80,80,80,80,80,80,80,80,80,80,80,80,80,80,80,80,80,80],"card_choices":[{"not_picked":["Thunderclap","Warcry"],"picked":"Anger","floor":1.0},{"not_picked":["Flex","Second Wind"],"picked":"Clothesline","floor":2.0},{"not_picked":["Sentinel","Havoc"],"picked":"Sword Boomerang","floor":3.0},{"not_picked":["Fire Breathing","Twin Strike"],"picked":"Anger","floor":7},{"not_picked":["Twin Strike","Evolve"],"picked":"Ghostly Armor","floor":11},{"not_picked":["Twin Strike","Havoc"],"picked":"Uppercut","floor":13},{"not_picked":["Barricade","Double Tap"],"picked":"Bludgeon","floor":16},{"not_picked":["Body Slam","Perfected Strike"],"picked":"Pommel Strike","floor":18}],"player_experience":326191,"relics_obtained":[{"floor":7,"key":"Bottled Flame"},{"floor":9,"key":"Kunai"}],"event_choices":[{"damage_healed":0.0,"max_hp_gain":0.0,"max_hp_loss":0.0,"gold_gain":0.0,"event_name":"Golden Idol","player_choice":"Ignored","floor":5.0,"gold_loss":0.0,"damage_taken":0.0},{"damage_healed":26,"gold_gain":0,"player_choice":"Banana","damage_taken":0,"max_hp_gain":0,"max_hp_loss":0,"event_name":"Big Fish","floor":12,"gold_loss":0},{"damage_healed":0,"gold_gain":0,"player_choice":"Forge","damage_taken":0,"max_hp_gain":0,"max_hp_loss":0,"event_name":"Accursed Blacksmith","floor":14,"gold_loss":0,"cards_upgraded":["Uppercut"]}],"is_beta":false,"boss_relics":[{"not_picked":["Runic Pyramid","Ectoplasm"],"picked":"Black Star"}],"items_purged_floors":[],"is_endless":false,"potions_floor_spawned":[2,7,11],"killed_by":"2 Thieves","ascension_level":9}}