{"host":"7k2a2omxz3voj5ax","time":1611478380,"event":{"mods":["BaseMod","Marisa£¨ìFÓê¡¡Ä§ÀíÉ³£©","Minty Spire (QoL Compilation)","Quick Restart","Spicy Shops","StSLib","Starting Relic: Pandora\u0027s Box","¡¾ÒÅÎï¿¨ÅÆ¡¿REMEMod","óô»ðÖ¸ÄÏ"],"gold_per_floor":[119,3749,3766,3186,3202,3234,2814,2533,2587,2587,2641,2641,2460,2535,2637,2701,2314,2437,2437,2491,2550,2600,2654,2710,2767,2838,2838,2838],"floor_reached":27,"language":"ZHS","playtime":1133,"items_purged":["MasterSpark","GravityBeat","LuminesStrike","DC","UpSweep","DoubleSpark","OneTimeOff+1","DragonMeteor"],"score":620,"play_id":"7724e0e1-00f7-4b35-a26f-104d62de0220","local_time":"20210124175300","is_ascension_mode":true,"campfire_choices":[],"circlet_count":0,"master_deck":["AscendersBane","IllusionStar+1","MysteriousBeam","MasterReality","SuperNova","WitchOfGreed+1","WitchLeyline+1","Impatience","IllusionStar","EscapeVelocity+1","SuperNova+1"],"relics":["MiniHakkero","REME_ComplimentaryCards","MagicBroom","Torii","Membership Card","Mummified Hand","War Paint","Molten Egg 2","Blood Vial","SimpleLauncher","Frozen Egg 2","Potion Belt","OrangePellets","Kunai","TheAbacus","Sundial","Runic Pyramid","White Beast Statue"],"acts_visited":["Exordium","TheCity"],"potions_floor_usage":[26,26],"damage_taken":[{"damage":6.0,"enemies":"2 Louse","floor":1.0,"turns":2.0},{"damage":7.0,"enemies":"Jaw Worm","floor":3.0,"turns":2.0},{"damage":0.0,"enemies":"Cultist","floor":5.0,"turns":2.0},{"damage":0.0,"enemies":"3 Sentries","floor":6.0,"turns":4.0},{"damage":0.0,"enemies":"Looter","floor":11.0,"turns":1.0},{"damage":12.0,"enemies":"3 Sentries","floor":15.0,"turns":4.0},{"damage":7.0,"enemies":"3 Louse","floor":16.0,"turns":2.0},{"damage":0.0,"enemies":"Slime Boss","floor":18.0,"turns":3.0},{"damage":0.0,"enemies":"Spheric Guardian","floor":20.0,"turns":2.0},{"damage":7.0,"enemies":"3 Byrds","floor":21.0,"turns":3.0},{"damage":14.0,"enemies":"Centurion and Healer","floor":23.0,"turns":2.0},{"damage":0.0,"enemies":"Cultist and Chosen","floor":24.0,"turns":2.0},{"damage":0.0,"enemies":"Sentry and Sphere","floor":25.0,"turns":2.0},{"damage":21,"enemies":"Slavers","floor":26,"turns":2},{"damage":24,"enemies":"Snake Plant","floor":27,"turns":1}],"seed_played":"-5950211444802624971","potions_obtained":[{"floor":5.0,"key":"ColorlessPotion"},{"floor":6.0,"key":"BottledSpark"},{"floor":15.0,"key":"LiquidMemories"},{"floor":15.0,"key":"Dexterity Potion"},{"floor":16.0,"key":"DistilledChaos"},{"floor":18.0,"key":"AttackPotion"},{"floor":23.0,"key":"EntropicBrew"},{"floor":26,"key":"Strength Potion"}],"is_trial":false,"path_per_floor":["M","$","M","$","M","E","R","$","T","T","M","?","R","?","?","M","R","B",null,"M","M","?","M","M","M","E","M"],"character_chosen":"MARISA","items_purchased":["MagicBroom","Torii","Membership Card","Mummified Hand","War Paint","Molten Egg 2","SimpleLauncher","Frozen Egg 2","WitchOfGreed+1","WitchLeyline+1","Impatience","OrangePellets","TheAbacus","Sundial"],"campfire_rested":0,"item_purchase_floors":[2,2,4,4,4,4,7,7,7,8,8,13,17,17],"current_hp_per_floor":[57,57,50,50,50,50,50,50,50,50,52,52,52,41,31,26,26,28,54,56,51,45,33,35,37,18,0,0],"gold":2838,"neow_bonus":"TRANSFORM_TWO_CARDS","is_daily":false,"chose_seed":false,"campfire_upgraded":0,"win_rate":0.0,"timestamp":1611478380,"path_taken":["M","$","M","$","M","E","R","$","T","T","M","?","R","?","?","M","R","BOSS","M","M","?","M","M","?","E","M"],"items_purchased_type":["Relic","Relic","Relic","Relic","Relic","Relic","Relic","Relic","Card","Card","Card","Relic","Relic","Relic"],"build_version":"2020-12-22","purchased_purges":8,"victory":false,"max_hp_per_floor":[63,63,63,63,63,63,63,63,63,63,63,63,63,63,63,63,63,63,63,63,63,63,63,63,63,63,63,63],"card_choices":[{"not_picked":["GravityBeat","GrandCross","PulseMagic"],"picked":"SKIP","floor":1.0},{"not_picked":["GrandCross","GalacticHalo","PropBag"],"picked":"SKIP","floor":3.0},{"not_picked":["WitchLeyline+1","Acceleration","LuminesStrike+1"],"picked":"SKIP","floor":5.0},{"not_picked":["LuminesStrike+1","MachineGunSpark+1"],"picked":"SuperNova","floor":6.0},{"not_picked":["ManaConvection","MysteriousBeam+1","EventHorizon+1"],"picked":"SKIP","floor":11.0},{"not_picked":["GrandCross+1","WitchLeyline+1"],"picked":"IllusionStar","floor":15.0},{"not_picked":["MilkyWay","AsteroidBelt","BlazeAway"],"picked":"SKIP","floor":16.0},{"not_picked":["JA+1","ManaRampage"],"picked":"EscapeVelocity+1","floor":18.0},{"not_picked":["DarkMatter+1","OrrerysSun+1","GalacticHalo+1"],"picked":"SKIP","floor":20.0},{"not_picked":["NonDirectionalLaser+1","LuminesStrike+1","GrandCross+1"],"picked":"SKIP","floor":21.0},{"not_picked":["WitchOfGreed+1","SuperPerseids","GrandCross+1"],"picked":"SKIP","floor":23.0},{"not_picked":["UnstableBomb+1","MagicChant"],"picked":"SuperNova+1","floor":24.0},{"not_picked":["DragonMeteor+1","WitchOfGreed+1","UnstableBomb+1"],"picked":"SKIP","floor":25.0},{"not_picked":["GravityBeat+1","ChargingUp","Orbital"],"picked":"SKIP","floor":26}],"player_experience":492558,"relics_obtained":[{"floor":6.0,"key":"Blood Vial"},{"floor":9.0,"key":"Potion Belt"},{"floor":15.0,"key":"Kunai"},{"floor":26,"key":"White Beast Statue"}],"event_choices":[{"damage_healed":0.0,"max_hp_gain":0.0,"max_hp_loss":0.0,"gold_gain":0.0,"event_name":"Liars Game","player_choice":"Ignored","floor":12.0,"gold_loss":0.0,"damage_taken":0.0},{"damage_healed":0.0,"max_hp_gain":0.0,"max_hp_loss":0.0,"gold_gain":75.0,"event_name":"World of Goop","player_choice":"Gather Gold","floor":14.0,"gold_loss":0.0,"damage_taken":11.0},{"damage_healed":0.0,"max_hp_gain":0.0,"max_hp_loss":0.0,"gold_gain":0.0,"event_name":"Dead Adventurer","player_choice":"Searched \u00271\u0027 times","floor":15.0,"gold_loss":0.0,"damage_taken":0.0},{"damage_healed":0.0,"max_hp_gain":0.0,"max_hp_loss":0.0,"gold_gain":50.0,"event_name":"FaceTrader","player_choice":"Touch","floor":22.0,"gold_loss":0.0,"damage_taken":6.0}],"is_beta":false,"boss_relics":[{"not_picked":["Empty Cage","Snecko Eye"],"picked":"Runic Pyramid"}],"items_purged_floors":[2,4,7,8,8,13,17,17],"is_endless":false,"potions_floor_spawned":[5,6,15,21,25],"killed_by":"Snake Plant","ascension_level":20}}