{"host":"b7mawubrjc2hdxhd","time":1611491007,"event":{"mods":["AchievementEnabler","Aspiration","BaseMod","BetterRewards","Conspire","Hubris","Ironclad Rager","Minty Spire (QoL Compilation)","Relic Stats","Replay The Spire","Small Relic Pack","Spicy Shops","Spire Arcade","StS++","StSLib"],"gold_per_floor":[109,125,137,156,27,37,37,47,47,47,47,59,59,73,73,73,73],"floor_reached":16,"language":"ENG","playtime":789,"items_purged":[],"score":146,"play_id":"feab2016-c0b2-4a6f-8483-3648b39c9dbc","local_time":"20210124122327","daily_mods":["Vintage"],"is_ascension_mode":false,"campfire_choices":[{"floor":10,"key":"REST"},{"data":"Survivor","floor":15,"key":"SMITH"}],"circlet_count":0,"master_deck":["Strike_G","Strike_G","Strike_G","Strike_G","Strike_G","Defend_G","Defend_G","Defend_G","Defend_G","Defend_G","Survivor+1","Neutralize"],"relics":["Ring of the Snake","Happy Flower","Replay:Multitool","Smiling Mask","Ancient Tea Set","Garlic","Pet Ghost","Replay:Towering Pillar of Hats","Vajra","hubris:DisguiseKit","Matryoshka"],"acts_visited":["Exordium"],"potions_floor_usage":[4,16,16,16],"damage_taken":[{"damage":4,"enemies":"Cultist","floor":1,"turns":5},{"damage":0,"enemies":"2 Louse","floor":2,"turns":4},{"damage":1,"enemies":"Jaw Worm","floor":3,"turns":5},{"damage":24,"enemies":"Exordium Thugs","floor":4,"turns":7},{"damage":4,"enemies":"Large Slime","floor":6,"turns":11},{"damage":1,"enemies":"Looter","floor":8,"turns":5},{"damage":0,"enemies":"Gremlin Gang","floor":12,"turns":5},{"damage":0,"enemies":"2 Fungi Beasts","floor":14,"turns":3},{"damage":87,"enemies":"Fading Forest","floor":16,"turns":9}],"seed_played":"-4569946258267908639","potions_obtained":[{"floor":1,"key":"DistilledChaos"},{"floor":3,"key":"Energy Potion"},{"floor":8,"key":"Dexterity Potion"},{"floor":14,"key":"Adrenaline Potion"}],"is_trial":true,"path_per_floor":["M","M","M","M","$","M","R","M","T","R","$","M","$","M","R","B"],"character_chosen":"THE_SILENT","items_purchased":["Garlic"],"campfire_rested":1,"item_purchase_floors":[5],"current_hp_per_floor":[66,66,65,41,41,37,58,57,57,70,70,70,70,70,70,0,0],"gold":73,"neow_bonus":"","is_daily":false,"chose_seed":false,"campfire_upgraded":1,"win_rate":0.0,"timestamp":1611491007,"path_taken":["M","M","M","M","$","M","R","M","T","R","$","M","$","M","R","BOSS"],"items_purchased_type":["Relic"],"build_version":"2020-12-22","purchased_purges":0,"victory":false,"max_hp_per_floor":[70,70,70,70,70,70,70,70,70,70,70,70,70,70,70,70,70],"relic_stats":{"Happy Flower":[16],"counters":[9,54],"Smiling Mask":0,"obtain_stats":[{"hubris:DisguiseKit":12,"Matryoshka":14,"Happy Flower":1,"Replay:Towering Pillar of Hats":8,"Vajra":9,"Replay:Multitool":2,"Garlic":5,"Smiling Mask":3,"Ancient Tea Set":4,"Pet Ghost":6,"Ring of the Snake":0},{"hubris:DisguiseKit":7,"Matryoshka":8,"Happy Flower":1,"Replay:Towering Pillar of Hats":6,"Vajra":6,"Replay:Multitool":2,"Garlic":4,"Smiling Mask":3,"Ancient Tea Set":4,"Pet Ghost":5,"Ring of the Snake":0},{"hubris:DisguiseKit":42,"Matryoshka":45,"Happy Flower":5,"Replay:Towering Pillar of Hats":37,"Vajra":37,"Replay:Multitool":9,"Garlic":21,"Smiling Mask":14,"Ancient Tea Set":21,"Pet Ghost":32,"Ring of the Snake":0}],"Ring of the Snake":[18]},"card_choices":[],"player_experience":69213,"relics_obtained":[{"floor":1,"key":"Happy Flower"},{"floor":2,"key":"Replay:Multitool"},{"floor":3,"key":"Smiling Mask"},{"floor":4,"key":"Ancient Tea Set"},{"floor":6,"key":"Pet Ghost"},{"floor":8,"key":"Replay:Towering Pillar of Hats"},{"floor":9,"key":"Vajra"},{"floor":12,"key":"hubris:DisguiseKit"},{"floor":14,"key":"Matryoshka"}],"event_choices":[],"is_beta":false,"boss_relics":[],"items_purged_floors":[],"is_endless":true,"potions_floor_spawned":[1,3,8,14],"killed_by":"Fading Forest","ascension_level":0}}