{"host":"s8ccp9jw4vzp58l1","time":1611517662,"event":{"mods":["BaseMod","Colored Map","Colored Powertips","Minty Spire (QoL Compilation)","Relic Stats"],"gold_per_floor":[169,188,205,130,143,172,183,216,292,292,292,392,392,409,409,513,513,529,529,545,556,556,570,587,587,587,604,604,637,637,30,30,126,126,144,162,16,27,46,46,6,6,87,87,107,0,49,67,67,67],"floor_reached":51,"language":"ENG","playtime":11500,"items_purged":["Strike_G","Strike_G"],"score":663,"play_id":"6cb9c770-e521-4275-afa0-6ef7ff9ddf67","local_time":"20210124134742","is_ascension_mode":false,"campfire_choices":[{"floor":10,"key":"REST"},{"data":"Sucker Punch","floor":13,"key":"SMITH"},{"data":"Poisoned Stab","floor":15,"key":"SMITH"},{"data":"Footwork","floor":25,"key":"SMITH"},{"floor":28,"key":"REST"},{"data":"Survivor","floor":30,"key":"SMITH"},{"floor":32,"key":"REST"},{"floor":40,"key":"REST"},{"data":"Noxious Fumes","floor":42,"key":"SMITH"},{"data":"Noxious Fumes","floor":44,"key":"SMITH"},{"floor":49,"key":"REST"}],"circlet_count":0,"master_deck":["Strike_G+1","Defend_G","Defend_G","Defend_G","Defend_G","Defend_G","Survivor+1","Neutralize","Escape Plan","Sucker Punch+1","Dagger Spray","Poisoned Stab+1","Acrobatics","Noxious Fumes+1","Flying Knee+1","Dagger Throw+1","Bane+1","Unload+1","Poisoned Stab+1","Flying Knee+1","Flying Knee+1","Footwork+1","Slice+1","Acrobatics","Noxious Fumes+1","PiercingWail","Dagger Throw+1","Slice+1","Terror","Tools of the Trade","Tactician","Dodge and Roll+1","Dodge and Roll+1","Dodge and Roll+1","Noxious Fumes+1","Deflect","Dodge and Roll+1","Backstab+1"],"relics":["Tiny House","Molten Egg 2","Bag of Preparation","Paper Crane","HoveringKite","Ornamental Fan","Tough Bandages","Orrery","Empty Cage","Bronze Scales","Kunai","Red Mask","FossilizedHelix"],"acts_visited":["Exordium","TheCity","TheBeyond"],"potions_floor_usage":[6,6,8,8,16,24,24,29,33,35,47,47,50],"damage_taken":[{"damage":0,"enemies":"Small Slimes","floor":1,"turns":5},{"damage":0,"enemies":"Cultist","floor":2,"turns":4},{"damage":0,"enemies":"2 Louse","floor":3,"turns":3},{"damage":0,"enemies":"Looter","floor":5,"turns":4},{"damage":27,"enemies":"3 Sentries","floor":6,"turns":9},{"damage":11,"enemies":"3 Louse","floor":7,"turns":2},{"damage":19,"enemies":"Lagavulin","floor":8,"turns":6},{"damage":0,"enemies":"Blue Slaver","floor":14,"turns":4},{"damage":22,"enemies":"Hexaghost","floor":16,"turns":8},{"damage":0,"enemies":"Chosen","floor":18,"turns":4},{"damage":2,"enemies":"Shell Parasite","floor":20,"turns":5},{"damage":4,"enemies":"Snecko","floor":21,"turns":4},{"damage":13,"enemies":"Chosen and Byrds","floor":23,"turns":5},{"damage":3,"enemies":"Snake Plant","floor":24,"turns":4},{"damage":27,"enemies":"Shelled Parasite and Fungi","floor":27,"turns":5},{"damage":1,"enemies":"Centurion and Healer","floor":29,"turns":7},{"damage":8,"enemies":"Automaton","floor":33,"turns":9},{"damage":9,"enemies":"3 Darklings","floor":35,"turns":5},{"damage":2,"enemies":"Orb Walker","floor":36,"turns":3},{"damage":9,"enemies":"Maw","floor":38,"turns":6},{"damage":14,"enemies":"Sphere and 2 Shapes","floor":39,"turns":4},{"damage":6,"enemies":"Spire Growth","floor":45,"turns":5},{"damage":32,"enemies":"2 Orb Walkers","floor":47,"turns":6},{"damage":0,"enemies":"Maw","floor":48,"turns":8},{"damage":33,"enemies":"Donu and Deca","floor":50,"turns":9}],"seed_played":"5515717379439205778","potions_obtained":[{"floor":0,"key":"SneckoOil"},{"floor":1,"key":"Regen Potion"},{"floor":3,"key":"Fire Potion"},{"floor":7,"key":"AttackPotion"},{"floor":8,"key":"EssenceOfSteel"},{"floor":16,"key":"ColorlessPotion"},{"floor":18,"key":"GhostInAJar"},{"floor":21,"key":"FairyPotion"},{"floor":27,"key":"ColorlessPotion"},{"floor":33,"key":"SkillPotion"},{"floor":39,"key":"Fire Potion"},{"floor":45,"key":"EssenceOfSteel"},{"floor":48,"key":"Energy Potion"}],"is_trial":false,"path_per_floor":["M","M","M","$","M","E","M","E","T","R","?","?","R","M","R","B",null,"M","?","M","M","?","M","M","R","T","M","R","M","R","$","R","B",null,"M","M","$","M","M","R","$","R","T","R","M","?","?","M","R","B",null],"character_chosen":"THE_SILENT","items_purchased":["Tough Bandages","SkillPotion","Orrery","Bronze Scales","Noxious Fumes"],"campfire_rested":5,"item_purchase_floors":[31,31,31,37,41],"current_hp_per_floor":[75,75,75,75,75,60,49,30,30,52,52,52,52,52,52,30,75,75,75,73,69,69,56,53,53,53,26,48,47,47,47,69,61,75,66,64,64,55,41,63,63,63,63,63,57,57,25,25,47,14],"gold":67,"neow_bonus":"BOSS_RELIC","is_daily":false,"chose_seed":false,"campfire_upgraded":6,"win_rate":0.0,"timestamp":1611517662,"path_taken":["M","M","M","$","M","E","M","E","T","R","?","?","R","?","R","BOSS","M","?","M","M","?","M","M","R","T","M","R","M","R","$","R","BOSS","M","M","$","M","M","R","$","R","T","R","M","?","?","M","R","BOSS"],"items_purchased_type":["Relic","Potion","Relic","Relic","Card"],"build_version":"2020-12-22","purchased_purges":2,"victory":true,"max_hp_per_floor":[75,75,75,75,75,75,75,75,75,75,75,75,75,75,75,75,75,75,75,75,75,75,75,75,75,75,75,75,75,75,75,75,75,75,75,75,75,75,75,75,75,75,75,75,75,75,75,75,75,75],"relic_stats":{"Tough Bandages":[207],"counters":[25,134],"Ornamental Fan":[152],"Bronze Scales":[93],"HoveringKite":[60],"Bag of Preparation":[36],"Kunai":[11],"obtain_stats":[{"Tiny House":0,"HoveringKite":17,"Bag of Preparation":8,"Paper Crane":9,"Empty Cage":34,"Tough Bandages":31,"Ornamental Fan":26,"Bronze Scales":37,"Orrery":31,"Molten Egg 2":6,"Red Mask":46,"Kunai":43,"FossilizedHelix":47,"Ring of the Snake":0},{"Tiny House":0,"HoveringKite":9,"Bag of Preparation":7,"Paper Crane":7,"Empty Cage":17,"Tough Bandages":16,"Ornamental Fan":14,"Bronze Scales":19,"Orrery":16,"Molten Egg 2":5,"Red Mask":22,"Kunai":21,"FossilizedHelix":23,"Ring of the Snake":0},{"Tiny House":0,"HoveringKite":45,"Bag of Preparation":33,"Paper Crane":33,"Empty Cage":88,"Tough Bandages":79,"Ornamental Fan":67,"Bronze Scales":96,"Orrery":79,"Molten Egg 2":25,"Red Mask":111,"Kunai":106,"FossilizedHelix":117,"Ring of the Snake":0}]},"card_choices":[{"not_picked":["Skewer","Bane"],"picked":"Escape Plan","floor":0},{"not_picked":["Prepared","Terror"],"picked":"Sucker Punch","floor":1},{"not_picked":["Underhanded Strike","Sucker Punch"],"picked":"Dagger Spray","floor":2},{"not_picked":["Outmaneuver","Prepared"],"picked":"Poisoned Stab","floor":3},{"not_picked":["All Out Attack","Choke"],"picked":"Acrobatics","floor":5},{"not_picked":["Malaise","Bouncing Flask"],"picked":"Noxious Fumes","floor":6},{"not_picked":["PiercingWail","Eviscerate+1"],"picked":"Flying Knee+1","floor":7},{"not_picked":["Blade Dance","All Out Attack+1"],"picked":"Dagger Throw+1","floor":8},{"not_picked":["Finisher+1","Underhanded Strike+1"],"picked":"Bane+1","floor":14},{"not_picked":["Doppelganger","Night Terror"],"picked":"Unload+1","floor":16},{"not_picked":["Quick Slash+1","Eviscerate+1"],"picked":"Poisoned Stab+1","floor":18},{"not_picked":["Well Laid Plans","Calculated Gamble","Backflip"],"picked":"SKIP","floor":20},{"not_picked":["Quick Slash+1","Blade Dance"],"picked":"Flying Knee+1","floor":21},{"not_picked":["Poisoned Stab+1","Acrobatics"],"picked":"Footwork","floor":23},{"not_picked":["Dodge and Roll","Acrobatics","Reflex+1"],"picked":"SKIP","floor":24},{"not_picked":["Dodge and Roll","Masterful Stab+1"],"picked":"Slice+1","floor":27},{"not_picked":["Blade Dance+1","Bane+1"],"picked":"Acrobatics","floor":29},{"not_picked":["Dagger Spray+1","Acrobatics"],"picked":"Noxious Fumes","floor":31},{"not_picked":["Infinite Blades+1","Wraith Form v2"],"picked":"PiercingWail","floor":31},{"not_picked":["Riddle With Holes+1","Skewer+1"],"picked":"Dagger Throw+1","floor":31},{"not_picked":["Acrobatics","Malaise"],"picked":"Slice+1","floor":31},{"not_picked":["Expertise+1","Accuracy"],"picked":"Terror","floor":31},{"not_picked":["A Thousand Cuts","Phantasmal Killer"],"picked":"Tools of the Trade","floor":33},{"not_picked":["Prepared+1","Flying Knee+1"],"picked":"Tactician","floor":35},{"not_picked":["Sucker Punch+1","Blade Dance"],"picked":"Dodge and Roll+1","floor":36},{"not_picked":["Eviscerate+1","Caltrops+1"],"picked":"Dodge and Roll+1","floor":38},{"not_picked":["Accuracy","Deadly Poison"],"picked":"Dodge and Roll+1","floor":39},{"not_picked":["Eviscerate+1","Sucker Punch+1"],"picked":"Deflect","floor":45},{"not_picked":["Outmaneuver","Underhanded Strike+1"],"picked":"Dodge and Roll+1","floor":47},{"not_picked":["Deadly Poison","Bane+1"],"picked":"Backstab+1","floor":48}],"player_experience":162977,"relics_obtained":[{"floor":6,"key":"Molten Egg 2"},{"floor":8,"key":"Bag of Preparation"},{"floor":9,"key":"Paper Crane"},{"floor":26,"key":"Ornamental Fan"},{"floor":43,"key":"Kunai"},{"floor":47,"key":"FossilizedHelix"}],"event_choices":[{"damage_healed":0,"gold_gain":0,"player_choice":"Grow","damage_taken":0,"max_hp_gain":0,"max_hp_loss":0,"event_name":"Living Wall","floor":11,"gold_loss":0,"cards_upgraded":["Noxious Fumes"]},{"damage_healed":0,"gold_gain":100,"player_choice":"Gold","damage_taken":0,"max_hp_gain":0,"max_hp_loss":0,"event_name":"Wheel of Change","floor":12,"gold_loss":0},{"damage_healed":0,"gold_gain":0,"player_choice":"Ignored","damage_taken":0,"max_hp_gain":0,"max_hp_loss":0,"event_name":"Ghosts","floor":19,"gold_loss":0},{"damage_healed":0,"gold_gain":0,"player_choice":"Read","damage_taken":0,"max_hp_gain":0,"max_hp_loss":0,"event_name":"The Library","floor":22,"gold_loss":0,"cards_obtained":["Flying Knee"]},{"damage_healed":0,"gold_gain":0,"player_choice":"Paid","damage_taken":0,"relics_obtained":["Red Mask"],"max_hp_gain":0,"max_hp_loss":0,"event_name":"Tomb of Lord Red Mask","floor":46,"gold_loss":107},{"damage_healed":0,"gold_gain":0,"player_choice":"Fight","damage_taken":0,"max_hp_gain":0,"max_hp_loss":0,"event_name":"Mysterious Sphere","floor":47,"gold_loss":0}],"is_beta":false,"boss_relics":[{"not_picked":["Cursed Key","Snecko Eye"],"picked":"HoveringKite"},{"not_picked":["Coffee Dripper","Fusion Hammer"],"picked":"Empty Cage"}],"items_purged_floors":[4,31],"is_endless":false,"potions_floor_spawned":[1,3,7,8,16,18,21,27,33,39,45,48],"ascension_level":0}}