{"host":"c6u7e77myxvw4d0m","time":1611516067,"event":{"mods":["AchievementEnabler","BaseMod","Bestiary","Colored Map","Colored Powertips","Minty Spire (QoL Compilation)","Rare Cards Sparkle","Relic Stats","everything is the same but u backflip on backflip"],"gold_per_floor":[119,137,137,156,168,168,201,220,220,145,145,159,170,188,188,293,293,308,29,29,29,48,83,83,114,140,140,168,187,216,216,216,216,216],"floor_reached":33,"language":"ENG","playtime":1209,"items_purged":["Strike_R","Strike_R"],"score":528,"play_id":"d0030f28-2586-4e18-997e-b9502c414665","local_time":"20210124212107","is_ascension_mode":true,"campfire_choices":[{"data":"Whirlwind","floor":6.0,"key":"SMITH"},{"data":"Demon Form","floor":11.0,"key":"SMITH"},{"data":"Whirlwind","floor":15.0,"key":"SMITH"},{"floor":24.0,"key":"REST"},{"data":"Writhe","floor":32,"key":"PURGE"}],"circlet_count":0,"master_deck":["Strike_R","Strike_R","Strike_R","Defend_R","Defend_R","Defend_R","Defend_R","Bash","Wild Strike","Whirlwind+1","Wild Strike","Bloodletting","Inflame","Demon Form+1","Whirlwind+1","Juggernaut","Flex+1","Fire Breathing","J.A.X.","Flame Barrier+1","Fire Breathing"],"relics":["Burning Blood","FossilizedHelix","Letter Opener","Incense Burner","Fusion Hammer","PreservedInsect","TungstenRod","Paper Frog","Peace Pipe","Art of War","The Courier","Ancient Tea Set"],"acts_visited":["Exordium","TheCity"],"potions_floor_usage":[33],"damage_taken":[{"damage":9.0,"enemies":"Jaw Worm","floor":1.0,"turns":4.0},{"damage":6.0,"enemies":"Cultist","floor":2.0,"turns":3.0},{"damage":0.0,"enemies":"Small Slimes","floor":4.0,"turns":2.0},{"damage":0.0,"enemies":"2 Fungi Beasts","floor":5.0,"turns":2.0},{"damage":18.0,"enemies":"Gremlin Nob","floor":7.0,"turns":3.0},{"damage":0.0,"enemies":"Large Slime","floor":8.0,"turns":4.0},{"damage":21.0,"enemies":"Exordium Wildlife","floor":12.0,"turns":4.0},{"damage":1.0,"enemies":"Exordium Thugs","floor":13.0,"turns":3.0},{"damage":0.0,"enemies":"3 Louse","floor":14.0,"turns":1.0},{"damage":1.0,"enemies":"Slime Boss","floor":16.0,"turns":5.0},{"damage":10.0,"enemies":"Shell Parasite","floor":18.0,"turns":2.0},{"damage":0.0,"enemies":"3 Byrds","floor":22.0,"turns":3.0},{"damage":42.0,"enemies":"Book of Stabbing","floor":23.0,"turns":5.0},{"damage":38.0,"enemies":"Gremlin Leader","floor":25.0,"turns":5.0},{"damage":0.0,"enemies":"Slavers","floor":28.0,"turns":1.0},{"damage":7.0,"enemies":"Snake Plant","floor":29.0,"turns":3.0},{"damage":0,"enemies":"Gremlin Leader","floor":30,"turns":3},{"damage":68,"enemies":"Automaton","floor":33,"turns":6}],"seed_played":"9070402521192526789","potions_obtained":[{"floor":1.0,"key":"Ancient Potion"},{"floor":2.0,"key":"Ancient Potion"},{"floor":12.0,"key":"Strength Potion"},{"floor":14.0,"key":"Weak Potion"},{"floor":25.0,"key":"FearPotion"},{"floor":28.0,"key":"LiquidBronze"},{"floor":29.0,"key":"AttackPotion"}],"is_trial":false,"path_per_floor":["M","M","?","M","M","R","E","M","T","$","R","M","M","M","R","B",null,"M","$","?","?","M","E","R","E","T","?","E","M","E","?","R","B"],"character_chosen":"IRONCLAD","items_purchased":["PreservedInsect","Fire Breathing"],"campfire_rested":1,"item_purchase_floors":[19,19],"current_hp_per_floor":[77,77,77,83,88,88,76,82,82,82,82,67,72,78,78,83,87,83,83,83,83,88,52,78,46,46,46,52,51,57,57,57,0,0],"gold":216,"neow_bonus":"TEN_PERCENT_HP_BONUS","is_daily":false,"chose_seed":false,"campfire_upgraded":3,"win_rate":0.0,"timestamp":1611516067,"path_taken":["M","M","?","?","M","R","E","M","T","$","R","?","M","M","R","BOSS","M","$","?","?","M","E","R","E","T","?","E","M","E","?","R","BOSS"],"items_purchased_type":["Relic","Card"],"build_version":"2020-12-22","purchased_purges":2,"victory":false,"max_hp_per_floor":[88,88,88,88,88,88,88,88,88,88,88,88,88,88,88,88,88,88,88,88,88,88,88,88,88,88,88,88,88,88,88,88,88,88],"relic_stats":{"Peace Pipe":1,"counters":[18,59],"PreservedInsect":181,"Art of War":[0],"Letter Opener":[19],"obtain_stats":[{"Peace Pipe":25,"Fusion Hammer":17,"PreservedInsect":19,"The Courier":28,"Incense Burner":9,"Art of War":26,"Letter Opener":7,"Ancient Tea Set":30,"Burning Blood":0,"FossilizedHelix":3,"TungstenRod":20,"Paper Frog":23},{"Peace Pipe":14,"Fusion Hammer":10,"PreservedInsect":11,"The Courier":15,"Incense Burner":6,"Art of War":14,"Letter Opener":5,"Ancient Tea Set":17,"Burning Blood":0,"FossilizedHelix":2,"TungstenRod":11,"Paper Frog":13},{"Peace Pipe":46,"Fusion Hammer":31,"PreservedInsect":33,"The Courier":47,"Incense Burner":18,"Art of War":46,"Letter Opener":14,"Ancient Tea Set":53,"Burning Blood":0,"FossilizedHelix":7,"TungstenRod":33,"Paper Frog":41}],"Burning Blood":100,"TungstenRod":35},"card_choices":[{"not_picked":["Clothesline","Armaments"],"picked":"Wild Strike","floor":1.0},{"not_picked":["Heavy Blade","Headbutt"],"picked":"Whirlwind","floor":2.0},{"not_picked":["Second Wind","Heavy Blade"],"picked":"Wild Strike","floor":4.0},{"not_picked":["Anger","Headbutt"],"picked":"Bloodletting","floor":5.0},{"not_picked":["Dark Embrace","Power Through"],"picked":"Inflame","floor":7.0},{"not_picked":["Havoc","Clothesline"],"picked":"Demon Form","floor":8.0},{"not_picked":["Second Wind","Iron Wave"],"picked":"Whirlwind","floor":12.0},{"not_picked":["Clothesline","Rampage","Cleave"],"picked":"SKIP","floor":13.0},{"not_picked":["Combust","Dropkick","Clothesline"],"picked":"SKIP","floor":14.0},{"not_picked":["Demon Form","Feed"],"picked":"Juggernaut","floor":16.0},{"not_picked":["True Grit","Shrug It Off+1"],"picked":"Flex+1","floor":18.0},{"not_picked":["Sword Boomerang","Cleave"],"picked":"Flame Barrier+1","floor":22.0},{"not_picked":["True Grit","Demon Form","Burning Pact"],"picked":"SKIP","floor":23.0},{"not_picked":["Sword Boomerang","Wild Strike","Flex+1"],"picked":"SKIP","floor":25.0},{"not_picked":["Dual Wield","Combust","Demon Form"],"picked":"SKIP","floor":28.0},{"not_picked":["Whirlwind","Reckless Charge","Pummel"],"picked":"SKIP","floor":29.0},{"not_picked":["Power Through","Havoc"],"picked":"Fire Breathing","floor":30}],"player_experience":464599,"relics_obtained":[{"floor":3.0,"key":"FossilizedHelix"},{"floor":7.0,"key":"Letter Opener"},{"floor":9.0,"key":"Incense Burner"},{"floor":23.0,"key":"Paper Frog"},{"floor":25.0,"key":"Peace Pipe"},{"floor":26.0,"key":"Art of War"},{"floor":28.0,"key":"The Courier"},{"floor":30,"key":"Ancient Tea Set"}],"event_choices":[{"damage_healed":0.0,"max_hp_gain":0.0,"max_hp_loss":0.0,"gold_gain":0.0,"event_name":"Wheel of Change","player_choice":"Relic","floor":3.0,"gold_loss":0.0,"damage_taken":0.0},{"damage_healed":0.0,"max_hp_gain":0.0,"max_hp_loss":0.0,"gold_gain":0.0,"event_name":"The Mausoleum","player_choice":"Opened","floor":20.0,"gold_loss":0.0,"damage_taken":0.0,"relics_obtained":["TungstenRod"],"cards_obtained":["Writhe"]},{"damage_healed":0.0,"max_hp_gain":0.0,"max_hp_loss":0.0,"gold_gain":0.0,"event_name":"Drug Dealer","player_choice":"Obtain J.A.X.","floor":21.0,"gold_loss":0.0,"damage_taken":0.0,"cards_obtained":["J.A.X."]},{"damage_healed":0.0,"max_hp_gain":0.0,"max_hp_loss":0.0,"gold_gain":0.0,"event_name":"Ghosts","player_choice":"Ignored","floor":27.0,"gold_loss":0.0,"damage_taken":0.0},{"damage_healed":0,"gold_gain":0,"player_choice":"Ignored","damage_taken":0,"max_hp_gain":0,"max_hp_loss":0,"event_name":"Vampires","floor":31,"gold_loss":0}],"is_beta":false,"boss_relics":[{"not_picked":["Pandora\u0027s Box","Empty Cage"],"picked":"Fusion Hammer"}],"items_purged_floors":[10,19],"is_endless":false,"potions_floor_spawned":[1,2,12,14,16,18,22,25,28,29],"killed_by":"Automaton","ascension_level":8}}