{"host":"avjwtc49fhlk6kym","time":1611458552,"event":{"mods":["AchievementEnabler","BaseMod","Better Match","Better Note","Better Third Choice","Colored Map","Colored Powertips","Displayed Cursed Tome","Highlight Path","Minty Spire (QoL Compilation)","Permanent Neow","Quick Restart","StSLib"],"gold_per_floor":[117,137,137,137,157,157,172,16,16,49,67,32,32,52,52,52,52],"floor_reached":16,"language":"ENG","playtime":505,"items_purged":["Burn"],"score":102,"play_id":"b1e2eb81-828b-432f-a4b3-dc5512ff90d5","local_time":"20210123222232","is_ascension_mode":false,"campfire_choices":[{"data":"Eruption","floor":6,"key":"SMITH"},{"floor":15,"key":"REST"}],"circlet_count":0,"master_deck":["Strike_P","Strike_P","Strike_P","Strike_P","Defend_P","Defend_P","Defend_P","Eruption+1","Vigilance","Impatience","FollowUp","ClearTheMind","Sanctity","PathToVictory","Conclude","WindmillStrike","Ragnarok","BattleHymn","White Noise","Wallop"],"relics":["PureWater","Bottled Lightning","Orichalcum","Bag of Marbles"],"acts_visited":["Exordium"],"potions_floor_usage":[7,14,16],"damage_taken":[{"damage":0,"enemies":"Cultist","floor":1,"turns":3},{"damage":14,"enemies":"Small Slimes","floor":2,"turns":4},{"damage":4,"enemies":"Jaw Worm","floor":5,"turns":3},{"damage":0,"enemies":"3 Louse","floor":7,"turns":2},{"damage":45,"enemies":"Lagavulin","floor":10,"turns":7},{"damage":3,"enemies":"2 Fungi Beasts","floor":11,"turns":3},{"damage":0,"enemies":"Large Slime","floor":14,"turns":1},{"damage":42,"enemies":"The Guardian","floor":16,"turns":7}],"seed_played":"2425046745856431811","potions_obtained":[{"floor":1,"key":"SteroidPotion"},{"floor":11,"key":"Energy Potion"},{"floor":14,"key":"Ancient Potion"}],"is_trial":false,"path_per_floor":["M","M","?","?","M","R","M","$","T","E","M","?","?","M","R","B"],"character_chosen":"WATCHER","items_purchased":["WindmillStrike"],"campfire_rested":1,"item_purchase_floors":[8],"current_hp_per_floor":[72,58,58,58,54,54,54,54,54,9,6,24,19,19,40,0,0],"gold":52,"neow_bonus":"RANDOM_COLORLESS","is_daily":false,"chose_seed":false,"campfire_upgraded":1,"win_rate":0.0,"timestamp":1611458552,"path_taken":["M","M","?","?","M","R","M","$","T","E","?","?","?","M","R","BOSS"],"items_purchased_type":["Card"],"build_version":"2020-12-22","purchased_purges":1,"victory":false,"max_hp_per_floor":[72,72,72,72,72,72,72,72,72,72,72,72,72,72,72,72,72],"card_choices":[{"not_picked":["Dramatic Entrance","Forethought"],"picked":"Impatience","floor":0},{"not_picked":["EmptyMind","SashWhip"],"picked":"FollowUp","floor":1},{"not_picked":["Worship","Prostrate"],"picked":"ClearTheMind","floor":2},{"not_picked":["EmptyFist","Evaluate"],"picked":"PathToVictory","floor":5},{"not_picked":["Collect","Evaluate"],"picked":"Conclude","floor":7},{"not_picked":["Study","Meditate"],"picked":"Ragnarok","floor":10},{"not_picked":["ForeignInfluence","Wireheading"],"picked":"BattleHymn","floor":11},{"not_picked":["Vengeance","Meditate"],"picked":"Wallop","floor":14}],"player_experience":404453,"relics_obtained":[{"floor":9,"key":"Bottled Lightning"},{"floor":10,"key":"Orichalcum"}],"event_choices":[{"damage_healed":58,"gold_gain":0,"player_choice":"Embrace Burn","damage_taken":0,"max_hp_gain":0,"max_hp_loss":72,"event_name":"betterThird:BetterShining","floor":3,"gold_loss":0},{"damage_healed":0,"gold_gain":0,"cards_transformed":["Defend_P"],"player_choice":"Transformed","damage_taken":0,"max_hp_gain":0,"max_hp_loss":0,"event_name":"Transmorgrifier","floor":4,"gold_loss":0,"cards_obtained":["Sanctity"]},{"damage_healed":18,"gold_gain":0,"player_choice":"Healed","damage_taken":0,"max_hp_gain":0,"max_hp_loss":0,"event_name":"The Cleric","floor":12,"gold_loss":35}],"is_beta":false,"boss_relics":[],"items_purged_floors":[8],"is_endless":false,"potions_floor_spawned":[1,11,14],"killed_by":"The Guardian","ascension_level":0}}