{"host":"f0gpob8hq9vgebej","time":1611458478,"event":{"mods":["AchievementEnabler","BaseMod","Minty Spire (QoL Compilation)","Quick Restart","SuperFastMode"],"gold_per_floor":[116,136,153,172,189,189,224,224,224,243,253,96,148,165,165,269,269,281,331,348,364,130,130,161,161,161,176,176,176],"floor_reached":28,"language":"KOR","playtime":574,"items_purged":["Strike_B","Strike_B"],"score":316,"play_id":"7d18b135-aa4f-40a4-b13f-00a6043b6b3c","local_time":"20210124122118","is_ascension_mode":true,"campfire_choices":[{"data":"Zap","floor":6.0,"key":"SMITH"},{"floor":8.0,"key":"REST"},{"floor":15,"key":"REST"},{"data":"Storm","floor":23,"key":"SMITH"},{"data":"Amplify","floor":25,"key":"SMITH"}],"circlet_count":0,"master_deck":["Strike_B","Strike_B","Defend_B","Defend_B","Defend_B","Defend_B","Zap+1","Dualcast","Secret Weapon","Barrage","Ball Lightning","Defragment","Defragment","Amplify+1","Storm+1","Capacitor","Loop","Loop","Conserve Battery"],"relics":["Cracked Core","Bird Faced Urn","Pantograph","Nunchaku","Nuclear Battery","Ice Cream"],"acts_visited":["Exordium","TheCity"],"potions_floor_usage":[14,16,18,22,24,24,27],"damage_taken":[{"damage":5.0,"enemies":"Cultist","floor":1.0,"turns":4.0},{"damage":2.0,"enemies":"2 Louse","floor":2.0,"turns":2.0},{"damage":13.0,"enemies":"Small Slimes","floor":3.0,"turns":4.0},{"damage":6.0,"enemies":"Blue Slaver","floor":4.0,"turns":3.0},{"damage":11.0,"enemies":"Looter","floor":5.0,"turns":4.0},{"damage":25.0,"enemies":"Lagavulin","floor":7.0,"turns":5.0},{"damage":8.0,"enemies":"Red Slaver","floor":10.0,"turns":3.0},{"damage":3,"enemies":"Blue Slaver","floor":11,"turns":3},{"damage":9,"enemies":"Exordium Wildlife","floor":14,"turns":3},{"damage":21,"enemies":"Hexaghost","floor":16,"turns":9},{"damage":25,"enemies":"Shell Parasite","floor":18,"turns":4},{"damage":7,"enemies":"3 Byrds","floor":20,"turns":4},{"damage":41,"enemies":"Centurion and Healer","floor":21,"turns":6},{"damage":8,"enemies":"Snecko","floor":24,"turns":3},{"damage":11,"enemies":"Sentry and Sphere","floor":27,"turns":3},{"damage":43,"enemies":"Shelled Parasite and Fungi","floor":28,"turns":3}],"seed_played":"-261208328057536466","potions_obtained":[{"floor":4.0,"key":"SteroidPotion"},{"floor":7.0,"key":"ColorlessPotion"},{"floor":10.0,"key":"Fire Potion"},{"floor":11,"key":"SpeedPotion"},{"floor":16,"key":"ColorlessPotion"},{"floor":18,"key":"SteroidPotion"},{"floor":24,"key":"Explosive Potion"},{"floor":27,"key":"Ancient Potion"}],"is_trial":false,"path_per_floor":["M","M","M","M","M","R","E","R","T","M","M","$","T","M","R","B",null,"M","?","M","M","$","R","M","R","T","M","M"],"character_chosen":"DEFECT","items_purchased":["Defragment","Fruit Juice","Loop"],"campfire_rested":2,"item_purchase_floors":[12,22,22],"current_hp_per_floor":[63,61,48,42,31,31,6,26,26,18,15,15,15,8,28,36,60,39,39,40,9,14,14,18,18,18,21,0,0],"gold":176,"neow_bonus":"RANDOM_COLORLESS_2","is_daily":false,"chose_seed":false,"campfire_upgraded":3,"win_rate":0.0,"timestamp":1611458478,"path_taken":["M","M","M","M","M","R","E","R","T","M","M","$","?","M","R","BOSS","M","?","M","M","$","R","M","R","T","?","M"],"items_purchased_type":["Card","Potion","Card"],"build_version":"2020-12-22","purchased_purges":2,"victory":false,"max_hp_per_floor":[68,68,68,68,68,68,68,68,68,68,68,68,68,68,68,68,68,68,68,68,68,73,73,73,73,73,73,73,73],"card_choices":[{"not_picked":["Violence","Master of Strategy"],"picked":"Secret Weapon","floor":0.0},{"not_picked":["Cold Snap","Steam"],"picked":"Barrage","floor":1.0},{"not_picked":["Hologram","Darkness","Reprogram"],"picked":"SKIP","floor":2.0},{"not_picked":["Turbo","Beam Cell","Consume"],"picked":"SKIP","floor":3.0},{"not_picked":["Rip and Tear","Barrage","Stack"],"picked":"SKIP","floor":4.0},{"not_picked":["Barrage","Streamline"],"picked":"Ball Lightning","floor":5.0},{"not_picked":["Gash","Sweeping Beam","Rebound"],"picked":"SKIP","floor":7.0},{"not_picked":["Rebound","Go for the Eyes","Streamline"],"picked":"SKIP","floor":10.0},{"not_picked":["Steam","Redo","Aggregate"],"picked":"SKIP","floor":11},{"not_picked":["Consume","Undo"],"picked":"Defragment","floor":14},{"not_picked":["Seek","Rainbow"],"picked":"Amplify","floor":16},{"not_picked":["BootSequence","Go for the Eyes+1"],"picked":"Storm","floor":18},{"not_picked":["Compile Driver","Streamline+1"],"picked":"Capacitor","floor":20},{"not_picked":["Reprogram+1","Steam Power"],"picked":"Loop","floor":21},{"not_picked":["Reprogram","Beam Cell","Sweeping Beam"],"picked":"SKIP","floor":24},{"not_picked":["Hologram","Coolheaded"],"picked":"Conserve Battery","floor":27}],"player_experience":243093,"relics_obtained":[{"floor":7.0,"key":"Bird Faced Urn"},{"floor":9.0,"key":"Pantograph"},{"floor":13,"key":"Nunchaku"},{"floor":26,"key":"Ice Cream"}],"event_choices":[{"damage_healed":0,"gold_gain":100,"player_choice":"Bet on Murderer","damage_taken":0,"max_hp_gain":0,"max_hp_loss":0,"event_name":"The Joust","floor":19,"gold_loss":50}],"is_beta":false,"boss_relics":[{"not_picked":["Tiny House","Sozu"],"picked":"Nuclear Battery"}],"items_purged_floors":[12,22],"is_endless":false,"potions_floor_spawned":[4,7,10,11,16,18,24,27],"killed_by":"Shelled Parasite and Fungi","ascension_level":8}}