{"host":"3i614eq7y48arb4n","time":1611479473,"event":{"mods":["Act Like it!","BaseMod","Hallownest","Minty Spire (QoL Compilation)","StSLib","The Bug Knight"],"gold_per_floor":[109,122,122,135,23,42,42,42,88,88,13,27,27,38,38,134,134,134,134],"floor_reached":18,"language":"ENG","playtime":717,"items_purged":["HollowMod:QuickDashStart"],"score":152,"play_id":"aa979025-52d9-4400-8363-8bbfb87009a8","local_time":"20210124031113","is_ascension_mode":false,"campfire_choices":[{"data":"HollowMod:MantisMark","floor":8,"key":"SMITH"},{"data":"HollowMod:MantisMark","floor":10,"key":"SMITH"},{"data":"HollowMod:DashSlash","floor":15,"key":"SMITH"}],"circlet_count":0,"master_deck":["HollowMod:NailStrikeStart","HollowMod:NailStrikeStart","HollowMod:NailStrikeStart","HollowMod:NailStrikeStart","HollowMod:QuickDashStart","HollowMod:QuickDashStart","HollowMod:QuickDashStart","HollowMod:FocusHealStart","HollowMod:PogoStrike","HollowMod:GoodIntentions","HollowMod:MantisMark+1","HollowMod:DungDefenderAura","HollowMod:MantisMark+1","HollowMod:GreatSlash","HollowMod:DashSlash+1"],"relics":["HollowMod:KingsSoulRelic","NeowsBlessing","Hallownest:DreamNailRelic","Tiny Chest","HollowMod:LifeEnderRelic"],"acts_visited":["Exordium","Hallownest:Greenpath"],"potions_floor_usage":[16,16],"damage_taken":[{"damage":3,"enemies":"Hallownest:2_Tiktiks_and_1_Crawlid","floor":1,"turns":1},{"damage":0,"enemies":"2_ Uuma","floor":2,"turns":1},{"damage":0,"enemies":"Hallownest:2_MossCreeps","floor":4,"turns":1},{"damage":18,"enemies":"Hallownest:MossCreep_and_Mosskin","floor":6,"turns":5},{"damage":0,"enemies":"Hallownest:monsterMossCharger","floor":12,"turns":6},{"damage":7,"enemies":"Hallownest:Guard_and_Warrior","floor":14,"turns":5},{"damage":14,"enemies":"Hallownest:BossFalseKnight","floor":16,"turns":10},{"damage":0,"enemies":"Hallownest:2_Mistakes","floor":18,"turns":2}],"seed_played":"-7000483445662991444","potions_obtained":[{"floor":1,"key":"EssenceOfSteel"},{"floor":2,"key":"DistilledChaos"}],"is_trial":false,"path_per_floor":["M","M","?","M","$","M","$","R","T","R","?","M","T","M","R","B",null,"M"],"character_chosen":"THE_BUGKNIGHT","items_purchased":["HollowMod:MantisMark"],"campfire_rested":0,"item_purchase_floors":[5],"current_hp_per_floor":[72,72,72,72,72,57,57,57,57,57,62,62,62,55,55,47,80,80,80],"gold":134,"neow_bonus":"THREE_ENEMY_KILL","is_daily":false,"chose_seed":false,"campfire_upgraded":3,"win_rate":0.0,"timestamp":1611479473,"path_taken":["M","M","?","M","$","?","?","R","T","R","?","M","?","M","R","BOSS","M"],"items_purchased_type":["Card"],"build_version":"2020-12-22","purchased_purges":1,"victory":false,"max_hp_per_floor":[75,75,75,75,75,75,75,75,75,75,80,80,80,80,80,80,80,80,80],"card_choices":[{"not_picked":["HollowMod:FastStrike","HollowMod:CloakDash"],"picked":"HollowMod:GoodIntentions","floor":1},{"not_picked":["HollowMod:HeavyBlow","HollowMod:DungDefenderAura"],"picked":"HollowMod:MantisMark","floor":2},{"not_picked":["HollowMod:CornifersMapStart","HollowMod:RecoilStrike"],"picked":"HollowMod:DungDefenderAura","floor":4},{"not_picked":["HollowMod:WraithStrike","HollowMod:SoulEater","HollowMod:HowlingWraiths"],"picked":"SKIP","floor":6},{"not_picked":["HollowMod:CloakDash","HollowMod:VoidDash"],"picked":"HollowMod:GreatSlash","floor":12},{"not_picked":["HollowMod:SoulSplash","HollowMod:RecoilStrike"],"picked":"HollowMod:DashSlash","floor":14}],"player_experience":136558,"relics_obtained":[{"floor":9,"key":"Tiny Chest"},{"floor":13,"key":"HollowMod:LifeEnderRelic"}],"event_choices":[],"is_beta":false,"boss_relics":[{"not_picked":["Ectoplasm","Astrolabe"],"picked":"HollowMod:KingsSoulRelic"}],"items_purged_floors":[5],"is_endless":false,"potions_floor_spawned":[1,2],"killed_by":"Hallownest:2_Mistakes","ascension_level":0}}