{"host":"xbs6xfa3tvu21mfl","time":1611499523,"event":{"mods":["Arknights The Spire","BaseMod","Minty Spire (QoL Compilation)","Quick Restart","StSLib","The Servant 0.9.4"],"gold_per_floor":[112,287,287,115,129,160,200,235,261,295,328,228,228,264,264,389,389,402,402,206,17,17,56,56,97,97,132,147,188,188,219,219,345,345,363,246,246,158,68,112,153,186,234,273,273,309,349,385,385,385],"floor_reached":51,"language":"ZHS","playtime":2992,"items_purged":["Doubt","ats:Poison Spread","Shame","ats:Composite Medical Shells","ats:Rat Pack"],"score":1110,"play_id":"0327cbd4-8726-418b-9904-bea6939f9e1e","local_time":"20210124224523","daily_mods":["SealedDeck","Heirloom","Time Dilation","Flight","DeadlyEvents","Elite Swarm"],"is_ascension_mode":false,"campfire_choices":[{"data":"ats:Composite Medical Shells","floor":13.0,"key":"SMITH"},{"data":"ats:Dogmatic Field","floor":15.0,"key":"SMITH"},{"data":"ats:Healing Strengthening","floor":24.0,"key":"SMITH"},{"data":"ats:Healing Strengthening","floor":32.0,"key":"SMITH"},{"data":"ats:Phantom","floor":49,"key":"SMITH"}],"circlet_count":0,"master_deck":["ats:Leaping Hammer","ats:Sashimi Platter","ats:Apocalypse","ats:Apocalypse","ats:Healing Strengthening+1","ats:Phantom+1","ats:Revitalization","ats:Healing Drone","ats:Composite Medical Shells+1","ats:Shell Defense","ats:Healing Strengthening+1","ats:Revitalization","ats:Absolute Focus","ats:Calcification","ats:Nebulous Foxfire","ats:Dogmatic Field+1","ats:Shadow Assault","ats:Song Of Battle+1","ats:Directed Diagnosis","ats:Wolf Pack","ats:Healing Drone","ats:Absolute Focus+1","Finesse","Finesse","ats:Soul Rend+1","Normality","ats:Shadow Assault","ats:Roar Of Ursus+1"],"relics":["ats:Sanity","Girya","Golden Idol","ats:Originium","Strawberry","InkBottle","Meat on the Bone","ats:Ability Aura","Letter Opener","ats:Spiritual Recovery","ats:Berate","Philosopher\u0027s Stone","Ornamental Fan","Membership Card","Mummified Hand","Pear","Shuriken","ats:Hidden Killer","Mango","Bottled Tornado","Blue Candle","Cursed Key","Mercury Hourglass","Frozen Egg 2","ats:Military Tradition","Dream Catcher","StoneCalendar","Pocketwatch","ats:Rhine Circuitry"],"acts_visited":["Exordium","TheCity","TheBeyond"],"potions_floor_usage":[50,50,50],"damage_taken":[{"damage":10.0,"enemies":"Small Slimes","floor":1.0,"turns":3.0},{"damage":19.0,"enemies":"2 Louse","floor":5.0,"turns":3.0},{"damage":42.0,"enemies":"Gremlin Nob","floor":6.0,"turns":5.0},{"damage":37.0,"enemies":"3 Sentries","floor":7.0,"turns":5.0},{"damage":27.0,"enemies":"Lagavulin","floor":8.0,"turns":6.0},{"damage":24.0,"enemies":"3 Sentries","floor":10.0,"turns":4.0},{"damage":26.0,"enemies":"Gremlin Nob","floor":11.0,"turns":5.0},{"damage":30.0,"enemies":"Lagavulin","floor":14.0,"turns":6.0},{"damage":77.0,"enemies":"Hexaghost","floor":16.0,"turns":10.0},{"damage":40.0,"enemies":"Shell Parasite","floor":18.0,"turns":5.0},{"damage":78.0,"enemies":"Slavers","floor":23.0,"turns":4.0},{"damage":29.0,"enemies":"Book of Stabbing","floor":25.0,"turns":4.0},{"damage":18.0,"enemies":"Slavers","floor":27.0,"turns":3.0},{"damage":25.0,"enemies":"Spheric Guardian","floor":28.0,"turns":4.0},{"damage":62.0,"enemies":"Gremlin Leader","floor":29.0,"turns":6.0},{"damage":35.0,"enemies":"Slavers","floor":31.0,"turns":2.0},{"damage":38.0,"enemies":"Collector","floor":33.0,"turns":6.0},{"damage":6.0,"enemies":"3 Shapes","floor":35.0,"turns":2.0},{"damage":69.0,"enemies":"Nemesis","floor":40.0,"turns":5.0},{"damage":9.0,"enemies":"Giant Head","floor":41.0,"turns":5.0},{"damage":46.0,"enemies":"Nemesis","floor":42.0,"turns":3.0},{"damage":23,"enemies":"Giant Head","floor":44,"turns":5},{"damage":8,"enemies":"Nemesis","floor":46,"turns":4},{"damage":7,"enemies":"Giant Head","floor":47,"turns":5},{"damage":30,"enemies":"Nemesis","floor":48,"turns":3},{"damage":34,"enemies":"Time Eater","floor":50,"turns":4}],"seed_played":"-4987089180356684297","potions_obtained":[{"floor":1.0,"key":"Explosive Potion"},{"floor":6.0,"key":"DuplicationPotion"},{"floor":10.0,"key":"PowerPotion"},{"floor":14.0,"key":"LiquidMemories"},{"floor":18.0,"key":"Regen Potion"},{"floor":48,"key":"DuplicationPotion"}],"is_trial":true,"path_per_floor":["M","?","?","$","M","E","E","E","T","E","E","$","R","E","R","B",null,"M","?","$","$","?","E","R","E","T","E","M","E","T","E","R","B",null,"M","$","?","$","?","E","E","E","T","E","?","E","E","E","R","B",null],"character_chosen":"DOCTOR_CLASS","items_purchased":["ats:Healing Strengthening","ats:Revitalization","ats:Composite Medical Shells","Membership Card","ats:Song Of Battle","Finesse"],"campfire_rested":0,"item_purchase_floors":[4,4,20,21,21,36],"current_hp_per_floor":[72,72,54,54,60,79,79,79,79,79,79,79,79,79,79,79,79,76,76,76,76,76,44,44,76,76,79,79,103,103,86,86,103,103,103,103,103,103,103,101,103,87,87,103,103,103,103,103,103,103],"gold":385,"neow_bonus":"","is_daily":false,"chose_seed":false,"campfire_upgraded":5,"win_rate":0.0,"timestamp":1611499523,"path_taken":["M","?","?","?","?","E","?","E","T","E","E","$","R","E","R","BOSS","M","?","$","$","?","E","R","E","T","E","?","?","?","?","R","BOSS","M","$","?","$","?","E","?","E","T","E","?","?","?","E","R","BOSS"],"items_purchased_type":["Card","Card","Card","Relic","Card","Card"],"build_version":"2020-12-22","purchased_purges":5,"victory":true,"max_hp_per_floor":[72,72,72,72,72,79,79,79,79,79,79,79,79,79,79,79,79,79,79,79,79,79,79,79,89,89,89,89,103,103,103,103,103,103,103,103,103,103,103,103,103,103,103,103,103,103,103,103,103,103],"card_choices":[{"not_picked":["ats:Poison Spread","ats:Chain Hook"],"picked":"ats:Shell Defense","floor":1.0},{"not_picked":["ats:Thermite Blade","ats:Assault Order"],"picked":"ats:Absolute Focus","floor":5.0},{"not_picked":["ats:Ambush","ats:Volcano"],"picked":"ats:Calcification","floor":6.0},{"not_picked":["ats:Rat Pack","ats:Durian"],"picked":"ats:Roar Of Ursus","floor":7.0},{"not_picked":["ats:Ambush","ats:Soul Rend"],"picked":"ats:Nebulous Foxfire","floor":8.0},{"not_picked":["ats:Durian","ats:Echo Reverb"],"picked":"ats:Dogmatic Field","floor":10.0},{"not_picked":["ats:Volcano","ats:Rat Pack","ats:Roar Of Ursus"],"picked":"SKIP","floor":11.0},{"not_picked":["ats:Ambush","ats:Calcification"],"picked":"ats:Rat Pack","floor":14.0},{"not_picked":["ats:Disruption Kick","ats:Durian"],"picked":"ats:Shadow Assault","floor":16.0},{"not_picked":["ats:Neurotoxin","ats:Curse Doll+1","ats:Mental Burst+1"],"picked":"SKIP","floor":18.0},{"not_picked":["ats:Soul Rend","ats:Volcano"],"picked":"ats:Wolf Pack","floor":23.0},{"not_picked":["ats:Nebulous Foxfire","ats:Volcano","ats:Disruption Kick"],"picked":"SKIP","floor":25.0},{"not_picked":["ats:Dogmatic Field","ats:Wolf Pack","ats:True Silver Slash"],"picked":"SKIP","floor":27.0},{"not_picked":["ats:Explosion Area Strengthen","ats:Cat Scratch+1"],"picked":"ats:Healing Drone","floor":28.0},{"not_picked":["ats:Dogmatic Field","ats:Disruption Kick","ats:Durian"],"picked":"SKIP","floor":29.0},{"not_picked":["ats:Calcification","ats:Soul Rend","ats:Echo Reverb"],"picked":"SKIP","floor":31.0},{"not_picked":["ats:Very Hot Blade","ats:Composite Medical Shells+1"],"picked":"ats:Absolute Focus+1","floor":35.0},{"not_picked":["Mind Blast","Magnetism"],"picked":"Finesse","floor":37.0},{"not_picked":["ats:Volcano","ats:Nebulous Foxfire","ats:Durian"],"picked":"SKIP","floor":40.0},{"not_picked":["ats:Ambush+1","ats:Durian","ats:Nebulous Foxfire"],"picked":"SKIP","floor":41.0},{"not_picked":["ats:Dogmatic Field+1","ats:Echo Reverb"],"picked":"ats:Soul Rend+1","floor":42.0},{"not_picked":["ats:Volcano","ats:True Silver Slash","ats:Calcification"],"picked":"SKIP","floor":44},{"not_picked":["ats:Wolf Pack","ats:Nebulous Foxfire","ats:Ambush+1"],"picked":"SKIP","floor":46},{"not_picked":["ats:Wolf Pack","ats:Durian"],"picked":"ats:Shadow Assault","floor":47},{"not_picked":["ats:Durian","ats:Calcification"],"picked":"ats:Roar Of Ursus+1","floor":48}],"player_experience":85964,"relics_obtained":[{"floor":6.0,"key":"ats:Originium"},{"floor":6.0,"key":"Strawberry"},{"floor":7.0,"key":"ats:Originium"},{"floor":7.0,"key":"InkBottle"},{"floor":8.0,"key":"ats:Originium"},{"floor":8.0,"key":"Meat on the Bone"},{"floor":9.0,"key":"ats:Ability Aura"},{"floor":10.0,"key":"ats:Originium"},{"floor":10.0,"key":"Letter Opener"},{"floor":11.0,"key":"ats:Spiritual Recovery"},{"floor":14.0,"key":"ats:Berate"},{"floor":23.0,"key":"Mummified Hand"},{"floor":25.0,"key":"Pear"},{"floor":26.0,"key":"Shuriken"},{"floor":27.0,"key":"ats:Hidden Killer"},{"floor":29.0,"key":"Mango"},{"floor":30.0,"key":"Bottled Tornado"},{"floor":31.0,"key":"Blue Candle"},{"floor":40.0,"key":"Mercury Hourglass"},{"floor":41.0,"key":"Frozen Egg 2"},{"floor":42.0,"key":"ats:Military Tradition"},{"floor":43.0,"key":"Dream Catcher"},{"floor":44,"key":"StoneCalendar"},{"floor":46,"key":"Pocketwatch"},{"floor":47,"key":"ats:Rhine Circuitry"}],"event_choices":[{"damage_healed":0.0,"max_hp_gain":0.0,"max_hp_loss":0.0,"gold_gain":175.0,"event_name":"Liars Game","player_choice":"AGREE","floor":2.0,"gold_loss":0.0,"damage_taken":0.0,"cards_obtained":["Doubt"]},{"damage_healed":0.0,"max_hp_gain":0.0,"max_hp_loss":0.0,"gold_gain":0.0,"event_name":"Golden Idol","player_choice":"Take Damage","floor":3.0,"gold_loss":0.0,"damage_taken":18.0,"relics_obtained":["Golden Idol"]},{"damage_healed":0.0,"max_hp_gain":0.0,"max_hp_loss":0.0,"gold_gain":0.0,"event_name":"Addict","player_choice":"Stole Relic","floor":19.0,"gold_loss":0.0,"damage_taken":0.0,"relics_obtained":["Ornamental Fan"],"cards_obtained":["Shame"]},{"damage_healed":0.0,"max_hp_gain":0.0,"max_hp_loss":0.0,"gold_gain":0.0,"event_name":"The Library","player_choice":"Read","floor":22.0,"gold_loss":0.0,"damage_taken":0.0,"cards_obtained":["ats:Directed Diagnosis"]},{"damage_healed":0.0,"max_hp_gain":0.0,"max_hp_loss":0.0,"gold_gain":0.0,"event_name":"SensoryStone","player_choice":"Memory 1","floor":37.0,"gold_loss":0.0,"damage_taken":0.0},{"cards_removed":["ats:Roar Of Ursus"],"damage_healed":0.0,"max_hp_gain":0.0,"max_hp_loss":0.0,"gold_gain":0.0,"event_name":"Designer","player_choice":"Upgrade and Remove","floor":39.0,"gold_loss":90.0,"damage_taken":0.0,"cards_upgraded":["ats:Song Of Battle"]},{"damage_healed":0,"gold_gain":0,"player_choice":"Ignored","damage_taken":0,"max_hp_gain":0,"max_hp_loss":0,"event_name":"SecretPortal","floor":45,"gold_loss":0}],"is_beta":false,"boss_relics":[{"not_picked":["Velvet Choker","Fusion Hammer"],"picked":"Philosopher\u0027s Stone"},{"not_picked":["Black Star","Tiny House"],"picked":"Cursed Key"}],"items_purged_floors":[4,12,20,36,38],"is_endless":false,"potions_floor_spawned":[1,6,10,14,16,18,25,27,29,31,35,40,46,47,48],"ascension_level":0}}