{"host":"5dhwd44u3dydylwe","time":1611502413,"event":{"mods":["AchievementEnabler","BaseMod","BetterRewards","Dota2Spire","Hubris","Minty Spire (QoL Compilation)","Shop Mod","StSLib","Wandering Minibosses"],"gold_per_floor":[115,65,82,101,101,101,119,152,152,185,360,58,41,52,52,125,125,136,150,150,0,0,326,326,326,326,339,373,389,419,449,449,520,520,568,568,587,587,587,613,613,219,219,231,264,274,306,316,316,316,316,316,224,249,249],"floor_reached":56,"language":"ENG","playtime":3277,"items_purged":["Strike_R","Defend_R","Strike_R","Doubt","Bash"],"score":2710,"play_id":"d9baaad5-7656-48cc-9695-9b0087376ac1","local_time":"20210124233333","is_ascension_mode":true,"campfire_choices":[{"data":"Apotheosis","floor":6,"key":"SMITH"},{"data":"True Grit","floor":15,"key":"SMITH"},{"data":"Searing Blow+1","floor":32,"key":"SMITH"},{"data":"Searing Blow+2","floor":41,"key":"SMITH"},{"floor":49,"key":"RECALL"},{"data":"Searing Blow+3","floor":52,"key":"SMITH"}],"circlet_count":0,"master_deck":["AscendersBane","Strike_R","Strike_R","Defend_R","Apotheosis+1","Carnage","Shrug It Off+1","True Grit+1","Searing Blow+4","Whirlwind","Flame Barrier","Battle Trance","Reaper","Immolate","Uppercut","Shockwave","Feel No Pain","Searing Blow+4"],"relics":["hubris:PeanutButter","hubris:64BitClover","Dota2Spire:MagicBottle","Anchor","Matryoshka","Bag of Preparation","Meat on the Bone","Mercury Hourglass","War Paint","Happy Flower","Dota2Spire:ArmletOfMordiggian","Vajra","Sundial","Coffee Dripper","Membership Card","Old Coin","Nilry\u0027s Codex","MutagenicStrength","Bronze Scales","hubris:MedicalManual","Lantern","Red Mask","Dota2Spire:MantaStyle","Black Star","wanderingMiniBosses:ThiefScarf","Burning Blood","Toy Ornithopter","hubris:SlimyHat","hubris:FunFungus","hubris:IronBody","Dota2Spire:AssaultCuirass","Red Skull","Dream Catcher","Oddly Smooth Stone","Dota2Spire:BattleFury","DollysMirror","Nunchaku","Boot"],"acts_visited":["Exordium","TheCity","TheBeyond","TheEnding"],"potions_floor_usage":[35,55,55],"damage_taken":[{"damage":0,"enemies":"2 Louse","floor":1,"turns":2},{"damage":0,"enemies":"Small Slimes","floor":3,"turns":3},{"damage":0,"enemies":"Cultist","floor":4,"turns":5},{"damage":0,"enemies":"Large Slime","floor":7,"turns":3},{"damage":17,"enemies":"Gremlin Nob","floor":8,"turns":4},{"damage":0,"enemies":"Lagavulin","floor":10,"turns":6},{"damage":6,"enemies":"Looter","floor":13,"turns":7},{"damage":0,"enemies":"2 Fungi Beasts","floor":14,"turns":5},{"damage":0,"enemies":"Slime Boss","floor":16,"turns":4},{"damage":0,"enemies":"Chosen","floor":18,"turns":4},{"damage":0,"enemies":"3 Byrds","floor":19,"turns":5},{"damage":0,"enemies":"Gremlin Leader","floor":23,"turns":4},{"damage":0,"enemies":"3 Cultists","floor":27,"turns":2},{"damage":0,"enemies":"Book of Stabbing","floor":28,"turns":5},{"damage":0,"enemies":"Centurion and Healer","floor":29,"turns":8},{"damage":0,"enemies":"Masked Bandits","floor":30,"turns":5},{"damage":0,"enemies":"Slavers","floor":31,"turns":2},{"damage":43,"enemies":"Automaton","floor":33,"turns":9},{"damage":7,"enemies":"Orb Walker","floor":35,"turns":5},{"damage":0,"enemies":"3 Shapes","floor":37,"turns":2},{"damage":69,"enemies":"Giant Head","floor":40,"turns":9},{"damage":0,"enemies":"Jaw Worm Horde","floor":44,"turns":3},{"damage":2,"enemies":"Reptomancer","floor":45,"turns":6},{"damage":0,"enemies":"4 Shapes","floor":46,"turns":2},{"damage":15,"enemies":"Giant Head","floor":47,"turns":8},{"damage":0,"enemies":"Maw","floor":48,"turns":5},{"damage":0,"enemies":"hubris:GrandSnecko","floor":50,"turns":7},{"damage":13,"enemies":"Shield and Spear","floor":54,"turns":4},{"damage":32,"enemies":"The Heart","floor":55,"turns":7}],"seed_played":"5319830368819838738","potions_obtained":[{"floor":4,"key":"Explosive Potion"},{"floor":30,"key":"PowerPotion"},{"floor":35,"key":"AttackPotion"},{"floor":44,"key":"Weak Potion"},{"floor":46,"key":"SteroidPotion"},{"floor":48,"key":"Strength Potion"}],"is_trial":false,"path_per_floor":["M","?","M","M","?","R","M","E","T","E","?","$","M","M","R","B",null,"M","M","?","$","?","E","?","?","T","M","E","M","?","E","R","B",null,"M","?","M","?","?","E","R","$","T","M","E","M","E","M","R","B",null,"R","$","E","B",null],"character_chosen":"IRONCLAD","items_purchased":["Apotheosis","hubris:PeanutButter","hubris:64BitClover","Dota2Spire:MagicBottle","Anchor","Carnage","Matryoshka","BloodPotion","Bag of Preparation","Meat on the Bone","Shrug It Off","Vajra","Membership Card","hubris:IronBody","Uppercut","Dota2Spire:AssaultCuirass","Feel No Pain","DollysMirror"],"campfire_rested":0,"item_purchase_floors":[0,0,0,0,0,0,0,0,0,0,0,12,21,42,42,42,53,53],"current_hp_per_floor":[42,42,48,54,54,54,60,49,49,55,55,55,49,49,49,49,72,72,72,72,72,72,72,56,56,56,74,74,80,80,80,80,47,72,80,80,80,76,76,44,44,44,44,67,76,76,67,76,76,76,76,76,76,69,76],"gold":249,"neow_bonus":"","is_daily":false,"chose_seed":false,"campfire_upgraded":5,"win_rate":0.0,"timestamp":1611502413,"path_taken":["M","?","M","M","?","R","?","E","T","E","?","$","M","M","R","BOSS","M","M","?","$","?","E","?","?","T","M","E","M","?","E","R","BOSS","M","?","M","?","?","E","R","?","T","?","E","M","E","M","R","BOSS","R","$","E","BOSS"],"items_purchased_type":["Card","Relic","Relic","Relic","Relic","Card","Relic","Potion","Relic","Relic","Card","Relic","Relic","Relic","Card","Relic","Card","Relic"],"build_version":"2020-12-22","purchased_purges":5,"victory":true,"max_hp_per_floor":[80,80,80,80,80,80,80,80,80,80,80,80,80,80,80,80,80,80,80,80,80,80,80,80,80,80,80,80,80,80,80,80,80,80,80,80,80,76,76,76,76,76,76,76,76,76,76,76,76,76,76,76,76,76,76],"card_choices":[{"not_picked":["Clothesline","Power Through"],"picked":"True Grit","floor":1},{"not_picked":["Second Wind","Dual Wield"],"picked":"Searing Blow","floor":3},{"not_picked":["Shrug It Off","Thunderclap"],"picked":"Whirlwind","floor":4},{"not_picked":["Dark Embrace","Dual Wield"],"picked":"Flame Barrier","floor":7},{"not_picked":["Spot Weakness","Seeing Red","Body Slam"],"picked":"SKIP","floor":8},{"not_picked":["Bloodletting","Thunderclap"],"picked":"Battle Trance","floor":10},{"not_picked":["hubris:ReadiedAction","Dual Wield","Anger"],"picked":"SKIP","floor":13},{"not_picked":["Heavy Blade","Twin Strike","Sentinel"],"picked":"SKIP","floor":14},{"not_picked":["hubris:StunningStrike","Exhume"],"picked":"Reaper","floor":16},{"not_picked":["Perfected Strike+1","Headbutt","Pommel Strike"],"picked":"SKIP","floor":18},{"not_picked":["Reckless Charge+1","Shrug It Off","Flex"],"picked":"SKIP","floor":19},{"not_picked":["Warcry","Infernal Blade","Headbutt"],"picked":"SKIP","floor":23},{"not_picked":["Iron Wave","Sword Boomerang","Reckless Charge"],"picked":"SKIP","floor":27},{"not_picked":["Thunderclap","Iron Wave"],"picked":"Immolate","floor":28},{"not_picked":["Entrench","Burning Pact","Anger"],"picked":"SKIP","floor":29},{"not_picked":["Flame Barrier","Dark Embrace","Hemokinesis+1"],"picked":"SKIP","floor":31},{"not_picked":["Heavy Blade+1","Warcry","Anger"],"picked":"SKIP","floor":35},{"not_picked":["Iron Wave","Sever Soul","Second Wind+1"],"picked":"SKIP","floor":37},{"not_picked":["Sever Soul","True Grit","Metallicize"],"picked":"SKIP","floor":40},{"not_picked":["Heavy Blade+1","Twin Strike","Wild Strike"],"picked":"SKIP","floor":44},{"not_picked":["Uppercut+1","Headbutt+1","Combust"],"picked":"SKIP","floor":45},{"not_picked":["Uppercut","Flex"],"picked":"Shockwave","floor":46},{"not_picked":["Searing Blow","Thunderclap+1","Wild Strike"],"picked":"SKIP","floor":47},{"not_picked":["Clothesline+1","Power Through+1","Burning Pact"],"picked":"SKIP","floor":48},{"not_picked":["Twin Strike","Sentinel+1","Intimidate"],"picked":"SKIP","floor":54}],"player_experience":95298,"relics_obtained":[{"floor":8,"key":"Mercury Hourglass"},{"floor":9,"key":"War Paint"},{"floor":9,"key":"Happy Flower"},{"floor":10,"key":"Dota2Spire:ArmletOfMordiggian"},{"floor":16,"key":"Sundial"},{"floor":23,"key":"Old Coin"},{"floor":24,"key":"Nilry\u0027s Codex"},{"floor":26,"key":"Bronze Scales"},{"floor":26,"key":"hubris:MedicalManual"},{"floor":28,"key":"Lantern"},{"floor":30,"key":"Red Mask"},{"floor":31,"key":"Dota2Spire:MantaStyle"},{"floor":35,"key":"wanderingMiniBosses:ThiefScarf"},{"floor":35,"key":"Burning Blood"},{"floor":37,"key":"Toy Ornithopter"},{"floor":40,"key":"hubris:SlimyHat"},{"floor":40,"key":"hubris:FunFungus"},{"floor":45,"key":"Red Skull"},{"floor":45,"key":"Dream Catcher"},{"floor":47,"key":"Oddly Smooth Stone"},{"floor":47,"key":"Dota2Spire:BattleFury"},{"floor":54,"key":"Nunchaku"},{"floor":54,"key":"Boot"}],"event_choices":[{"cards_removed":["Strike_R"],"damage_healed":0,"gold_gain":0,"player_choice":"Card Removal","damage_taken":0,"max_hp_gain":0,"max_hp_loss":0,"event_name":"The Cleric","floor":2,"gold_loss":50},{"cards_removed":["Defend_R"],"damage_healed":0,"gold_gain":0,"player_choice":"Offered Basic","damage_taken":0,"max_hp_gain":0,"max_hp_loss":0,"event_name":"Bonfire Elementals","floor":5,"gold_loss":0},{"damage_healed":0,"gold_gain":175,"player_choice":"AGREE","damage_taken":0,"max_hp_gain":0,"max_hp_loss":0,"event_name":"Liars Game","floor":11,"gold_loss":0,"cards_obtained":["Doubt"]},{"damage_healed":0,"gold_gain":0,"player_choice":"Ignored","damage_taken":0,"max_hp_gain":0,"max_hp_loss":0,"event_name":"Ghosts","floor":22,"gold_loss":0},{"damage_healed":0,"gold_gain":0,"player_choice":"Obtained Book","damage_taken":16,"max_hp_gain":0,"max_hp_loss":0,"event_name":"Cursed Tome","floor":24,"gold_loss":0},{"damage_healed":0,"gold_gain":0,"player_choice":"Inject Mutagens","damage_taken":0,"relics_obtained":["MutagenicStrength"],"max_hp_gain":0,"max_hp_loss":0,"event_name":"Drug Dealer","floor":25,"gold_loss":0},{"damage_healed":0,"gold_gain":0,"player_choice":"Fought Bandits","damage_taken":0,"max_hp_gain":0,"max_hp_loss":0,"event_name":"Masked Bandits","floor":30,"gold_loss":0},{"cards_removed":["Defend_R"],"damage_healed":0,"gold_gain":0,"player_choice":"Removed Skill","damage_taken":0,"max_hp_gain":0,"max_hp_loss":0,"event_name":"Falling","floor":36,"gold_loss":0},{"damage_healed":0,"gold_gain":0,"player_choice":"Max HP","damage_taken":0,"max_hp_gain":0,"max_hp_loss":4,"event_name":"Winding Halls","floor":38,"gold_loss":0},{"damage_healed":0,"gold_gain":0,"player_choice":"Memory 1","damage_taken":0,"max_hp_gain":0,"max_hp_loss":0,"event_name":"SensoryStone","floor":39,"gold_loss":0}],"is_beta":false,"boss_relics":[{"not_picked":["Mark of Pain","hubris:Stopwatch"],"picked":"Coffee Dripper"},{"not_picked":["hubris:RunicObelisk","Runic Cube"],"picked":"Black Star"}],"items_purged_floors":[0,0,0,12,42],"is_endless":false,"potions_floor_spawned":[4,7,10,13,16,18,19,27,30,33,35,44,46,48],"ascension_level":13}}