{"host":"qsusua7l529r8z9k","time":1611477108,"event":{"mods":["BaseMod","Downfall","Minty Spire (QoL Compilation)","StSLib"],"gold_per_floor":[99,99,99,99,99,99,125,35,49,49,75,75,91,76,88,189,189,89,105,105,14,31,63,63,74,74,92,108,120,120,132,149,254,254,254,272,290,97,447,481,481,481,581,594,604,604,637,651,670,670],"floor_reached":51,"language":"ZHS","playtime":2820,"items_purged":["Slimebound:Strike_Slimebound","Slimebound:Strike_Slimebound","Slimebound:Tackle"],"score":868,"play_id":"71d101b1-99b6-448b-bbab-6cbb56b3ee21","local_time":"20210124163148","is_ascension_mode":true,"campfire_choices":[{"data":"Slimebound:Split","floor":1.0,"key":"SMITH"},{"data":"Slimebound:CorrosiveSpit","floor":6.0,"key":"SMITH"},{"data":"Slimebound:SplitSpecialist","floor":10.0,"key":"SMITH"},{"data":"Slimebound:SamplingLick","floor":12.0,"key":"SMITH"},{"data":"Slimebound:RainOfGoop","floor":18.0,"key":"SMITH"},{"data":"Slimebound:GoopSpray","floor":26.0,"key":"SMITH"},{"data":"Slimebound:DouseInSlime","floor":35.0,"key":"SMITH"},{"data":"Slimebound:Defend_Slimebound","floor":42.0,"key":"PURGE"},{"data":"Slimebound:RejuvenatingLick","floor":46.0,"key":"SMITH"}],"circlet_count":0,"master_deck":["Slimebound:Defend_Slimebound","Slimebound:Defend_Slimebound","Slimebound:Defend_Slimebound","Slimebound:Split+1","Slimebound:CorrosiveSpit+1","Slimebound:SplitSpecialist+1","Slimebound:LeechEnergy","Slimebound:RainOfGoop+1","Slimebound:ViciousTackle","Slimebound:SamplingLick+1","Slimebound:WasteNot","Slimebound:Equalize+1","Slimebound:ComboTackle+1","Slimebound:SlimeTap","Slimebound:PrepareCrush","Slimebound:Schlurp+1","Slimebound:GoopSpray+1","Slimebound:Nibble+1","Slimebound:FinishingTackle+1","Slimebound:Dissolve+1","Slimebound:Recycling","Slimebound:DisruptingSlam+1","Slimebound:DouseInSlime+1","Slimebound:AcidTongue","Slimebound:LeechingTouch+1","Slimebound:RejuvenatingLick+1","Slimebound:RainOfGoop+1","Slimebound:Gluttony+1","Slimebound:Schlurp+1"],"relics":["Slimebound:AbsorbEndCombatUpgraded","downfall:HeartsMalice","Regal Pillow","Molten Egg 2","downfall:HeartBlessingGreen","Enchiridion","Membership Card","FossilizedHelix","PreservedInsect","Kunai","Blood Vial","Coffee Dripper","Blue Candle","Old Coin","Peace Pipe","Question Card","Bird Faced Urn"],"acts_visited":["Exordium","TheCity","TheBeyond"],"potions_floor_usage":[50,50],"damage_taken":[{"damage":0.0,"enemies":"2 Louse","floor":2.0,"turns":1.0},{"damage":0.0,"enemies":"Cultist","floor":3.0,"turns":1.0},{"damage":0.0,"enemies":"Small Slimes","floor":4.0,"turns":1.0},{"damage":8.0,"enemies":"downfall:FleeingMerchant","floor":8.0,"turns":4.0},{"damage":17.0,"enemies":"Exordium Wildlife","floor":9.0,"turns":4.0},{"damage":0.0,"enemies":"Lagavulin","floor":11.0,"turns":5.0},{"damage":0.0,"enemies":"Red Slaver","floor":13.0,"turns":3.0},{"damage":8.0,"enemies":"downfall:FleeingMerchant","floor":14.0,"turns":4.0},{"damage":4.0,"enemies":"Exordium Thugs","floor":15.0,"turns":3.0},{"damage":32.0,"enemies":"SI_SHIV_ARCHETYPE","floor":16.0,"turns":8.0},{"damage":23.0,"enemies":"3 Byrds","floor":19.0,"turns":4.0},{"damage":15.0,"enemies":"downfall:FleeingMerchant","floor":21.0,"turns":4.0},{"damage":12.0,"enemies":"Centurion and Healer","floor":22.0,"turns":5.0},{"damage":3.0,"enemies":"Book of Stabbing","floor":23.0,"turns":3.0},{"damage":13.0,"enemies":"Sentry and Sphere","floor":25.0,"turns":5.0},{"damage":0.0,"enemies":"3 Cultists","floor":27.0,"turns":3.0},{"damage":12.0,"enemies":"Centurion and Healer","floor":28.0,"turns":4.0},{"damage":23.0,"enemies":"Chosen and Byrds","floor":29.0,"turns":5.0},{"damage":0.0,"enemies":"Snecko","floor":31.0,"turns":3.0},{"damage":19.0,"enemies":"Cultist and Chosen","floor":32.0,"turns":5.0},{"damage":33.0,"enemies":"WA_ARCHETYPE_CALM","floor":33.0,"turns":8.0},{"damage":8.0,"enemies":"3 Shapes","floor":36.0,"turns":3.0},{"damage":21.0,"enemies":"3 Darklings","floor":37.0,"turns":3.0},{"damage":10.0,"enemies":"2 Orb Walkers","floor":39.0,"turns":4.0},{"damage":27.0,"enemies":"Reptomancer","floor":40.0,"turns":4.0},{"damage":13.0,"enemies":"Jaw Worm Horde","floor":44.0,"turns":4.0},{"damage":3.0,"enemies":"Writhing Mass","floor":45.0,"turns":3.0},{"damage":0.0,"enemies":"Giant Head","floor":47.0,"turns":2.0},{"damage":7.0,"enemies":"Sphere and 2 Shapes","floor":48.0,"turns":4.0},{"damage":18.0,"enemies":"Jaw Worm Horde","floor":49.0,"turns":3.0},{"damage":61,"enemies":"IC_BLOCK_ARCHETYPE","floor":50,"turns":8}],"seed_played":"-6517052614126508858","potions_obtained":[{"floor":9.0,"key":"SpeedPotion"},{"floor":11.0,"key":"DuplicationPotion"},{"floor":13.0,"key":"Ancient Potion"},{"floor":19.0,"key":"Guardian:BlockOnCardUsePotion"},{"floor":33.0,"key":"GamblersBrew"}],"is_trial":false,"path_per_floor":["R","M","M","M","?","R","T","$","M","R","E","R","M","$","M","B",null,"R","M","?","$","M","E","T","M","R","M","M","M","?","M","M","B",null,"R","M","M","$","?","E","T","R","?","M","M","R","E","M","M","B",null],"character_chosen":"SLIMEBOUND","items_purchased":["Membership Card","FossilizedHelix","PreservedInsect","Blue Candle"],"campfire_rested":0,"item_purchase_floors":[21,21,21,38],"current_hp_per_floor":[65,65,65,65,65,65,65,61,50,50,52,52,56,59,59,35,65,65,60,44,53,56,56,56,57,57,65,59,50,50,55,47,40,65,65,63,59,59,65,56,56,56,56,58,65,65,65,61,64,32],"gold":670,"neow_bonus":"THREE_ENEMY_KILL","is_daily":false,"chose_seed":false,"campfire_upgraded":8,"win_rate":0.0,"timestamp":1611477108,"path_taken":["R","M","M","M","?","R","T","$","M","R","E","R","M","$","M","BOSS","R","M","?","$","M","E","T","M","R","M","M","M","?","M","M","BOSS","R","M","M","$","?","E","T","R","?","M","M","R","E","?","M","BOSS"],"items_purchased_type":["Relic","Relic","Relic","Relic"],"build_version":"2020-12-22","purchased_purges":3,"victory":true,"max_hp_per_floor":[65,65,65,65,65,65,65,65,65,65,65,65,65,65,65,65,65,65,65,65,65,65,65,65,65,65,65,65,65,65,65,65,65,65,65,65,65,65,65,65,65,65,65,65,65,65,65,65,65,65],"card_choices":[{"not_picked":["Slimebound:Prepare","Slimebound:SplitLeeching"],"picked":"Slimebound:SplitSpecialist","floor":2.0},{"not_picked":["Slimebound:SlimeBrawl","Slimebound:SplitLeeching"],"picked":"Slimebound:LeechEnergy","floor":3.0},{"not_picked":["Slimebound:GoopSpray","Slimebound:ItLooksTasty"],"picked":"Slimebound:RainOfGoop","floor":4.0},{"not_picked":["Slimebound:GoopTackle","Slimebound:PressTheAttack","Slimebound:SlimeSpikes"],"picked":"SKIP","floor":8.0},{"not_picked":["Slimebound:LivingWall","Slimebound:SplitLeeching"],"picked":"Slimebound:SamplingLick","floor":9.0},{"not_picked":["Slimebound:HauntingLick","Slimebound:OneTwoCombo+1"],"picked":"Slimebound:WasteNot","floor":11.0},{"not_picked":["Slimebound:RollThrough+1","Slimebound:Prepare"],"picked":"Slimebound:Equalize+1","floor":13.0},{"not_picked":["Slimebound:LeechingTouch+1","Slimebound:Teamwork"],"picked":"Slimebound:ComboTackle+1","floor":14.0},{"not_picked":["Slimebound:ProtectTheBoss","Slimebound:ComboTackle+1"],"picked":"Slimebound:SlimeTap","floor":15.0},{"not_picked":["Slimebound:WasteNot","Slimebound:CheckThePlaybook"],"picked":"Slimebound:PrepareCrush","floor":16.0},{"not_picked":["Slimebound:SlimeBrawl","Slimebound:SplitMire","Slimebound:PressTheAttack+1"],"picked":"SKIP","floor":19.0},{"not_picked":["Slimebound:Replication","Slimebound:SplitLeeching"],"picked":"Slimebound:Schlurp+1","floor":21.0},{"not_picked":["Slimebound:ItLooksTasty+1","Slimebound:SplitAcid+1"],"picked":"Slimebound:GoopSpray","floor":22.0},{"not_picked":["Slimebound:FormOfPuddle+1","Slimebound:ProtectTheBoss"],"picked":"Slimebound:Nibble+1","floor":23.0},{"not_picked":["Slimebound:LeechingTouch+1","Slimebound:ItLooksTasty+1"],"picked":"Slimebound:FinishingTackle+1","floor":25.0},{"not_picked":["Slimebound:SamplingLick+1","Slimebound:FormOfPuddle"],"picked":"Slimebound:Dissolve+1","floor":27.0},{"not_picked":["Slimebound:SlimeTap","Slimebound:AcidTongue"],"picked":"Slimebound:Recycling","floor":28.0},{"not_picked":["Slimebound:SplitAcid+1","Slimebound:ItLooksTasty+1","Slimebound:PressTheAttack+1"],"picked":"SKIP","floor":29.0},{"not_picked":["Slimebound:SlimeSpikes","Slimebound:SplitMire","Slimebound:SlimeBarrage+1"],"picked":"SKIP","floor":31.0},{"not_picked":["Slimebound:GoopSpray","Slimebound:ProtectTheBoss+1"],"picked":"Slimebound:DisruptingSlam+1","floor":32.0},{"not_picked":["Slimebound:PrepareCrush","Slimebound:FirmFortitude"],"picked":"Slimebound:DouseInSlime","floor":33.0},{"not_picked":["Slimebound:ComboTackle+1","Slimebound:BestDefense"],"picked":"Slimebound:AcidTongue","floor":36.0},{"not_picked":["Slimebound:LivingWall+1","Slimebound:SplitMire+1"],"picked":"Slimebound:LeechingTouch+1","floor":37.0},{"not_picked":["Slimebound:Prepare","Slimebound:Schlurp","Slimebound:FinishingTackle+1"],"picked":"SKIP","floor":40.0},{"not_picked":["Slimebound:SplitBruiser","Slimebound:SlimeBrawl+1","Slimebound:GoopSpray"],"picked":"Slimebound:RejuvenatingLick","floor":44.0},{"not_picked":["Slimebound:ForwardTackle+1","Slimebound:ComboTackle+1","Slimebound:RollThrough+1","Slimebound:SpikyOuterGoop+1"],"picked":"SKIP","floor":45.0},{"not_picked":["Slimebound:Repurpose+1","Slimebound:ComboTackle+1","Slimebound:LivingWall+1"],"picked":"Slimebound:RainOfGoop+1","floor":47.0},{"not_picked":["Slimebound:SlimeBrawl+1","Slimebound:ItLooksTasty+1","Slimebound:HauntingLick"],"picked":"Slimebound:Gluttony+1","floor":48.0},{"not_picked":["Slimebound:SplitBruiser","Slimebound:HauntingLick","Slimebound:LevelUp+1"],"picked":"Slimebound:Schlurp+1","floor":49.0}],"player_experience":516781,"relics_obtained":[{"floor":7.0,"key":"Regal Pillow"},{"floor":11.0,"key":"Molten Egg 2"},{"floor":20.0,"key":"Enchiridion"},{"floor":23.0,"key":"Kunai"},{"floor":24.0,"key":"Blood Vial"},{"floor":39.0,"key":"Old Coin"},{"floor":40.0,"key":"Peace Pipe"},{"floor":41.0,"key":"Question Card"},{"floor":47.0,"key":"Bird Faced Urn"}],"event_choices":[{"damage_healed":0.0,"max_hp_gain":0.0,"max_hp_loss":0.0,"gold_gain":0.0,"event_name":"Mysterious Sphere","player_choice":"Fight","floor":39.0,"gold_loss":0.0,"damage_taken":0.0}],"is_beta":false,"boss_relics":[{"not_picked":["Pandora\u0027s Box","Black Star"],"picked":"Slimebound:AbsorbEndCombatUpgraded"},{"not_picked":["Calling Bell","Busted Crown"],"picked":"Coffee Dripper"}],"items_purged_floors":[8,21,38],"is_endless":false,"potions_floor_spawned":[9,11,13,19,23,27,28,33,37,40,49],"ascension_level":1}}