{"host":"niv6bi8ufjzyofbf","time":1611484493,"event":{"mods":["ATMod(∞¢Ë™Mod)","Act Like it!","BaseMod","Colored Powertips","Conspire","Gensokyo","Hermit","Mad Scientist","Marisa£®ÏF”Í°°ƒß¿Ì…≥£©","Minty Spire (QoL Compilation)","Quick Restart","Rare Cards Sparkle","Reimu£®≤©¿ˆ¡È√Œ£©","Relic Filter Mod","Replay The Spire","Robot Space Explorer","Ryuuou¡˙Õı","Shop Mod","Spicy Shops","StSLib","SuperFastMode","The Cursed","The Servant 0.9.4","Youmu£®ªÍ∆«—˝√Œ£©","°æ“≈ŒÔø®≈∆°øREMEMod","≤–¡Ù÷ÆŒÔ"],"gold_per_floor":[118,118,23333,21651,21651,21679,21679,19690,19740,19740,18589,18618,18618,18618,18618,18721,18721,18733,18050,18065,17409,17478,17529,17529,17566,17566,16816,16816,16247,16302,16337,16337,16514,16514,16606,15983,16119,15421,15447,15447,15619,15619,15619,15619,15660,15695,15044,15082,15082,15132],"floor_reached":51,"language":"ZHS","playtime":1504,"items_purged":["RobotSpaceExplorer:Defend","Parasite","RobotSpaceExplorer:Defend","RobotSpaceExplorer:Defend","RobotSpaceExplorer:Strike","RobotSpaceExplorer:Strike","RobotSpaceExplorer:Scan","RobotSpaceExplorer:MiniLasers","RobotSpaceExplorer:Ammunition","Normality","Clumsy","Bandage Up+1"],"score":1114,"play_id":"b6285492-58f2-4da1-8309-ffa891288144","local_time":"20210124183453","is_ascension_mode":false,"campfire_choices":[{"data":"RobotSpaceExplorer:Arsenal","floor":7,"key":"SMITH"},{"data":"RobotSpaceExplorer:Defend","floor":10,"key":"PURGE"},{"data":"RobotSpaceExplorer:FranticSearch","floor":15,"key":"SMITH"},{"data":"RobotSpaceExplorer:Comet","floor":24,"key":"SMITH"},{"data":"Master of Strategy","floor":32,"key":"SMITH"},{"data":"Pot Of Greed","floor":40,"key":"SMITH"},{"data":"Pot Of Greed","floor":42,"key":"SMITH"},{"data":"Pot Of Greed","floor":44,"key":"SMITH"},{"floor":49,"key":"DIG"}],"circlet_count":0,"master_deck":["RobotSpaceExplorer:StarDust+1","RobotSpaceExplorer:LaserBurst+1","RobotSpaceExplorer:Accelerator+1","RobotSpaceExplorer:Arsenal+1","RobotSpaceExplorer:StarLightning+1","RobotSpaceExplorer:PowerCollector+1","RobotSpaceExplorer:ChargingLaser+1","REME_EyeOfCthun+1","RobotSpaceExplorer:LuckyStrike+1","RobotSpaceExplorer:MakeshiftVolley+1","RobotSpaceExplorer:TrailblazerForm+1","Master of Strategy+1","RobotSpaceExplorer:Asteroid+1","AT_EmpoweredMortalDraw+1","RobotSpaceExplorer:BigMissile+1","RobotSpaceExplorer:Calculate+1","RobotSpaceExplorer:Comet+1","RobotSpaceExplorer:Explosion+1","RobotSpaceExplorer:ScrapMissile+1","AT_EmpoweredMortalDraw+1","RobotSpaceExplorer:ScrapMissile+1","RobotSpaceExplorer:DoubleFind+1","RobotSpaceExplorer:StarLightning+1","RobotSpaceExplorer:DroneSwarm","Master of Strategy","RobotSpaceExplorer:Scanner+1","REME_Flogging","Pot Of Greed+1","Pot Of Greed+1","Pot Of Greed+1"],"relics":["RobotSpaceExplorer:RoboCore","REME_ComplimentaryCards","AT_ATBox","NeowsBlessing","Guide Book","conspire:TreasureMap","Potion Belt","Molten Egg 2","PlaceholderMod:DeVermisMysteriis","conspire:GiftBox","MerchantsRug","Divine Protection","Lee\u0027s Waffle","Medical Kit","Peace Pipe","Replay:Accelerometer","Blue Doll","Strawberry","Oddly Smooth Stone","Membership Card","Chameleon Ring","Durian","Thread and Needle","REME_CardOfGreed","Bottled Tornado","RobotSpaceExplorer:BottledGravity","Quantum Egg","AT_MortalBlade","conspire:Flyswatter","Mastiff:ReiMu","WingedGreaves","ClockworkSouvenir","Tiny Chest","PreservedInsect","AT_MibuBalloonWealth","MealTicket","Frozen Eye","Counterbalance","Gremlin Food","Happy Flower","RobotSpaceExplorer:FoglandsKnife","conspire:Boomerang","Anchor","Strange Spoon","DollysMirror","Mercury Hourglass","Nunchaku","REME_OnlineShoppingPlatform","Akabeko","AT_ChloranthyRing","OrangePellets","Kunai","conspire:SlowCooker","AT_LudenTempest","Iron Hammer","ReplayTheSpireMod:ShopPack","Bronze Scales","Blood Vial","HandDrill","Chemical X","PlaceholderMod:SoulofChaos","Centennial Puzzle","StoneCalendar","Grinning Jar","CatCart","Snack Pack","AT_ForceNature","PlaceholderMod:DaolothFragment","BargainBundle","TentaclePot:ReiMu","AT_BellDemon","REME_LimitBreaker","Lizard Tail","Bag of Preparation"],"acts_visited":["Exordium","TheCity","TheBeyond"],"potions_floor_usage":[16],"damage_taken":[{"damage":0,"enemies":"Small Slimes","floor":1,"turns":1},{"damage":0,"enemies":"Cultist","floor":3,"turns":1},{"damage":0,"enemies":"3 Sentries","floor":6,"turns":1},{"damage":0,"enemies":"Lagavulin","floor":12,"turns":2},{"damage":0,"enemies":"Fading Forest","floor":16,"turns":4},{"damage":0,"enemies":"3 Byrds","floor":18,"turns":1},{"damage":0,"enemies":"Chosen","floor":20,"turns":1},{"damage":0,"enemies":"Sentry and Sphere","floor":22,"turns":1},{"damage":0,"enemies":"Book of Stabbing","floor":23,"turns":1},{"damage":0,"enemies":"conspire:HollyBat","floor":25,"turns":1},{"damage":0,"enemies":"conspire:SneckoGhost","floor":30,"turns":1},{"damage":0,"enemies":"Snake Plant","floor":31,"turns":1},{"damage":0,"enemies":"Collector","floor":33,"turns":2},{"damage":0,"enemies":"3 Shapes","floor":35,"turns":1},{"damage":0,"enemies":"3 Darklings","floor":37,"turns":1},{"damage":0,"enemies":"Orin","floor":41,"turns":3},{"damage":0,"enemies":"Transient","floor":45,"turns":3},{"damage":0,"enemies":"Maw","floor":46,"turns":1},{"damage":0,"enemies":"Spire Growth","floor":48,"turns":1},{"damage":0,"enemies":"Donu and Deca","floor":50,"turns":1}],"seed_played":"4686680660499263451","potions_obtained":[{"floor":3,"key":"Elixir"}],"is_trial":false,"path_per_floor":["M","?","M","$","?","E","R","$","T","R","$","E","T","?","R","B",null,"M","$","M","$","M","E","R","M","T","$","?","$","E","M","R","B",null,"M","$","M","$","T","R","?","R","T","R","M","M","$","M","R","B",null],"character_chosen":"RobotSpaceExplorer","items_purchased":["RobotSpaceExplorer:Accelerator","Guide Book","conspire:TreasureMap","Potion Belt","Molten Egg 2","PlaceholderMod:DeVermisMysteriis","conspire:GiftBox","MerchantsRug","PlaceholderMod:PlaceholderPotion","PlaceholderMod:PlaceholderPotion","BlessingOfTheForge","RobotSpaceExplorer:StarLightning+1","Lee\u0027s Waffle","Medical Kit","Peace Pipe","Replay:Accelerometer","Blue Doll","Strawberry","BlessingOfTheForge","RobotSpaceExplorer:PowerCollector+1","RobotSpaceExplorer:ChargingLaser+1","REME_EyeOfCthun+1","RobotSpaceExplorer:LuckyStrike+1","PowerPotion","Membership Card","Chameleon Ring","Durian","Thread and Needle","REME_CardOfGreed","RobotSpaceExplorer:MakeshiftVolley+1","RobotSpaceExplorer:TrailblazerForm+1","Master of Strategy","Bottled Tornado","Fire Potion","Adrenaline Potion","conspire:Flyswatter","Mastiff:ReiMu","WingedGreaves","ClockworkSouvenir","Tiny Chest","RobotSpaceExplorer:BigMissile+1","RobotSpaceExplorer:Calculate+1","AttackPotion","PreservedInsect","AT_MibuBalloonWealth","MealTicket","Frozen Eye","AttackPotion","RobotSpaceExplorer:Comet","Bandage Up+1","Happy Flower","RobotSpaceExplorer:FoglandsKnife","conspire:Boomerang","Anchor","Strange Spoon","DollysMirror","Mercury Hourglass","Nunchaku","REME_OnlineShoppingPlatform","Akabeko","AT_ChloranthyRing","OrangePellets","RobotSpaceExplorer:DoubleFind+1","RobotSpaceExplorer:StarLightning+1","AT_LudenTempest","Iron Hammer","ReplayTheSpireMod:ShopPack","Bronze Scales","Blood Vial","HandDrill","Chemical X","PlaceholderMod:SoulofChaos","Centennial Puzzle","StoneCalendar","RobotSpaceExplorer:Scanner+1","REME_Flogging","AT_ForceNature","PlaceholderMod:DaolothFragment","BargainBundle","TentaclePot:ReiMu","AT_BellDemon","REME_LimitBreaker"],"campfire_rested":0,"item_purchase_floors":[4,4,4,4,4,4,4,4,4,4,4,4,8,8,8,8,8,8,8,8,8,8,8,8,11,11,11,11,11,11,11,11,11,11,11,19,19,19,19,19,19,19,19,21,21,21,21,21,21,21,27,27,27,27,27,27,29,29,29,29,29,29,29,29,36,36,36,36,36,36,38,38,38,38,38,38,47,47,47,47,47,47],"current_hp_per_floor":[75,75,75,72,72,72,72,86,86,86,91,91,91,91,91,91,91,91,91,91,91,91,91,91,91,91,91,91,91,91,91,91,91,91,91,91,91,91,94,94,97,97,97,97,97,97,97,97,97,97],"gold":15132,"neow_bonus":"THREE_ENEMY_KILL","is_daily":false,"chose_seed":false,"campfire_upgraded":7,"win_rate":0.0,"timestamp":1611484493,"path_taken":["M","?","?","$","?","E","R","$","T","R","$","E","?","?","R","BOSS","M","$","?","$","M","E","R","M","T","$","?","?","E","M","R","BOSS","M","$","M","$","?","R","?","R","T","R","M","M","$","M","R","BOSS"],"items_purchased_type":["Card","Relic","Relic","Relic","Relic","Relic","Relic","Relic","Potion","Potion","Potion","Card","Relic","Relic","Relic","Relic","Relic","Relic","Potion","Card","Card","Card","Card","Potion","Relic","Relic","Relic","Relic","Relic","Card","Card","Card","Relic","Potion","Potion","Relic","Relic","Relic","Relic","Relic","Card","Card","Potion","Relic","Relic","Relic","Relic","Potion","Card","Card","Relic","Relic","Relic","Relic","Relic","Relic","Relic","Relic","Relic","Relic","Relic","Relic","Card","Card","Relic","Relic","Relic","Relic","Relic","Relic","Relic","Relic","Relic","Relic","Card","Card","Relic","Relic","Relic","Relic","Relic","Relic"],"build_version":"2020-12-22","purchased_purges":12,"victory":true,"max_hp_per_floor":[75,75,75,72,72,72,72,86,86,86,91,91,91,91,91,91,91,91,91,91,91,91,91,91,91,91,91,91,91,91,91,91,91,91,91,91,91,91,94,94,97,97,97,97,97,97,97,97,97,97],"card_choices":[{"not_picked":["RobotSpaceExplorer:ShockKick","RobotSpaceExplorer:Ammunition"],"picked":"RobotSpaceExplorer:StarDust","floor":1},{"not_picked":["RobotSpaceExplorer:SlimeMissile","RobotSpaceExplorer:Reload"],"picked":"RobotSpaceExplorer:LaserBurst","floor":3},{"not_picked":["RobotSpaceExplorer:Comet","RobotSpaceExplorer:BlastShield"],"picked":"RobotSpaceExplorer:Arsenal","floor":4},{"not_picked":["RobotSpaceExplorer:ShovelStrike+1","RobotSpaceExplorer:FranticSearch","RobotSpaceExplorer:FrostMissile+1"],"picked":"SKIP","floor":6},{"not_picked":["RobotSpaceExplorer:ShockKick+1","RobotSpaceExplorer:GearShield"],"picked":"RobotSpaceExplorer:FranticSearch","floor":12},{"not_picked":["RobotSpaceExplorer:Exploration","RobotSpaceExplorer:ChargingLaser+1"],"picked":"RobotSpaceExplorer:Asteroid+1","floor":16},{"not_picked":["RobotSpaceExplorer:ShockKick+1","RobotSpaceExplorer:GlueShot"],"picked":"RobotSpaceExplorer:Ammunition","floor":18},{"not_picked":["RobotSpaceExplorer:Reload","RobotSpaceExplorer:BigMissile+1","RobotSpaceExplorer:SurgingStrike+1"],"picked":"SKIP","floor":20},{"not_picked":["RobotSpaceExplorer:IronShell","RobotSpaceExplorer:SurgingShield","RobotSpaceExplorer:ScrapMissile+1"],"picked":"SKIP","floor":22},{"not_picked":["RobotSpaceExplorer:MiniDrones+1","RobotSpaceExplorer:FrostMissile+1"],"picked":"RobotSpaceExplorer:Explosion+1","floor":23},{"not_picked":["RobotSpaceExplorer:SwiftStep","RobotSpaceExplorer:MetalStrike+1"],"picked":"RobotSpaceExplorer:ScrapMissile+1","floor":25},{"not_picked":["RobotSpaceExplorer:ImprovisedAttack+1","RobotSpaceExplorer:Jetpack","RobotSpaceExplorer:Ammunition"],"picked":"SKIP","floor":30},{"not_picked":["RobotSpaceExplorer:Ammunition","RobotSpaceExplorer:FreezingShield","RobotSpaceExplorer:TrailblazerForm"],"picked":"SKIP","floor":31},{"not_picked":["RobotSpaceExplorer:ShockMissile+1","RobotSpaceExplorer:Wormhole"],"picked":"RobotSpaceExplorer:DroneSwarm","floor":33},{"not_picked":["RobotSpaceExplorer:Smokescreen","RobotSpaceExplorer:StunGrenade+1","RobotSpaceExplorer:FranticSearch"],"picked":"SKIP","floor":35},{"not_picked":["Mayhem","REME_EyeOfCthun"],"picked":"Master of Strategy","floor":36},{"not_picked":["RobotSpaceExplorer:SurgingShield+1","RobotSpaceExplorer:FreezingShield","RobotSpaceExplorer:FranticSearch+1"],"picked":"SKIP","floor":37},{"not_picked":["RobotSpaceExplorer:Wormhole","RobotSpaceExplorer:Blitz+1","RobotSpaceExplorer:Ammunition+1"],"picked":"SKIP","floor":45},{"not_picked":["RobotSpaceExplorer:Electroshield+1","RobotSpaceExplorer:Blitz+1","RobotSpaceExplorer:GlueShot"],"picked":"SKIP","floor":46},{"not_picked":["RobotSpaceExplorer:PowerGlove","RobotSpaceExplorer:GlueShot+1","RobotSpaceExplorer:TurboDodge+1"],"picked":"SKIP","floor":48}],"player_experience":580975,"relics_obtained":[{"floor":6,"key":"Divine Protection"},{"floor":9,"key":"Oddly Smooth Stone"},{"floor":12,"key":"RobotSpaceExplorer:BottledGravity"},{"floor":13,"key":"Quantum Egg"},{"floor":23,"key":"Counterbalance"},{"floor":26,"key":"Gremlin Food"},{"floor":30,"key":"Kunai"},{"floor":39,"key":"Grinning Jar"},{"floor":41,"key":"CatCart"},{"floor":43,"key":"Snack Pack"},{"floor":48,"key":"Lizard Tail"},{"floor":49,"key":"Bag of Preparation"}],"event_choices":[{"damage_healed":0,"gold_gain":0,"player_choice":"Forge","damage_taken":0,"max_hp_gain":0,"max_hp_loss":0,"event_name":"Accursed Blacksmith","floor":2,"gold_loss":0,"cards_upgraded":["RobotSpaceExplorer:StarDust"]},{"cards_removed":["RobotSpaceExplorer:Strike"],"damage_healed":0,"gold_gain":0,"player_choice":"Offered Basic","damage_taken":0,"max_hp_gain":0,"max_hp_loss":0,"event_name":"Bonfire Elementals","floor":14,"gold_loss":0},{"damage_healed":0,"gold_gain":0,"cards_transformed":["RobotSpaceExplorer:FranticSearch"],"player_choice":"Transformed","damage_taken":0,"max_hp_gain":0,"max_hp_loss":0,"event_name":"Transmorgrifier","floor":28,"gold_loss":0,"cards_obtained":["RobotSpaceExplorer:ScrapMissile"]},{"damage_healed":0,"gold_gain":0,"player_choice":"Fight","damage_taken":0,"max_hp_gain":0,"max_hp_loss":0,"event_name":"OrinTheCat","floor":41,"gold_loss":0}],"is_beta":false,"boss_relics":[{"not_picked":["Busted Crown","RobotSpaceExplorer:Reprocessor"],"picked":"AT_MortalBlade"},{"not_picked":["Honey Jar","Snecko Heart"],"picked":"conspire:SlowCooker"}],"items_purged_floors":[4,4,8,11,19,21,21,27,27,36,38,47],"is_endless":false,"potions_floor_spawned":[3,12,16,20,22,30,31,37,45],"ascension_level":0}}