{"host":"refsn2q8at3dn95k","time":1611510292,"event":{"mods":["BaseMod","Hubris","Infinite Spire","Minty Spire (QoL Compilation)","Replay The Spire","StSLib","The Jungle"],"gold_per_floor":[19,19,19,19,36,36,46,81,108,126,126,51,69,32,32,32,32],"floor_reached":16,"language":"ENG","playtime":2741,"items_purged":["Defend_R"],"score":107,"play_id":"7e981666-b542-42d7-830d-43e6c39e24bd","local_time":"20210124114452","is_ascension_mode":true,"campfire_choices":[{"data":"Bash","floor":6,"key":"SMITH"},{"data":"Cleave","floor":15,"key":"SMITH"}],"circlet_count":0,"master_deck":["Strike_R+1","Strike_R","Strike_R","Strike_R","Strike_R+1","Defend_R","Defend_R","Defend_R","Bash+1","Cleave+1","hubris:NaturalOne"],"relics":["Burning Blood","Peace Pipe","Whetstone","hubris:Icosahedron","King of Hearts","Pen Nib"],"acts_visited":["Exordium"],"potions_floor_usage":[8,8,14],"damage_taken":[{"damage":1,"enemies":"Cultist","floor":1,"turns":4},{"damage":6,"enemies":"2 Louse","floor":5,"turns":3},{"damage":8,"enemies":"Jaw Worm","floor":7,"turns":3},{"damage":30,"enemies":"Lagavulin","floor":8,"turns":5},{"damage":22,"enemies":"Blue Slaver","floor":10,"turns":3},{"damage":16,"enemies":"Large Slime","floor":13,"turns":5},{"damage":6,"enemies":"3 Louse","floor":14,"turns":2},{"damage":58,"enemies":"The Guardian","floor":16,"turns":8}],"seed_played":"4104902737796844471","potions_obtained":[{"floor":1,"key":"Weak Potion"},{"floor":7,"key":"SkillPotion"},{"floor":10,"key":"SteroidPotion"},{"floor":13,"key":"Ancient Potion"}],"is_trial":false,"path_per_floor":["M","T","?","?","M","R","M","E","T","M","?","$","M","M","R","B"],"character_chosen":"IRONCLAD","items_purchased":[],"campfire_rested":0,"item_purchase_floors":[],"current_hp_per_floor":[80,80,80,85,85,85,83,59,59,43,68,68,58,58,58,0,0],"gold":32,"neow_bonus":"ONE_RARE_RELIC","is_daily":false,"chose_seed":false,"campfire_upgraded":2,"win_rate":0.0,"timestamp":1611510292,"path_taken":["M","?","?","?","M","R","M","E","T","M","?","?","M","M","R","BOSS"],"items_purchased_type":[],"build_version":"2020-12-22","purchased_purges":1,"victory":false,"max_hp_per_floor":[80,80,80,85,85,85,85,85,85,85,85,85,85,85,85,85,85],"card_choices":[{"not_picked":["Pommel Strike","Body Slam","hubris:ReadiedAction"],"picked":"SKIP","floor":1},{"not_picked":["Shrug It Off","Headbutt","Replay:Undeath\u0027s Touch"],"picked":"SKIP","floor":5},{"not_picked":["Armaments","Dark Embrace","Battle Trance"],"picked":"SKIP","floor":7},{"not_picked":["Corruption","ReplayTheSpireMod:Corrosion Curse","ReplayReversal"],"picked":"SKIP","floor":8},{"not_picked":["Run Through","Armaments"],"picked":"Cleave","floor":10},{"not_picked":["Perfected Strike","Body Slam","ReplayTheSpireMod:Stacked"],"picked":"SKIP","floor":13},{"not_picked":["Sever Soul","Iron Wave","Sword Boomerang"],"picked":"SKIP","floor":14}],"player_experience":1700097,"relics_obtained":[{"floor":2,"key":"Whetstone"},{"floor":8,"key":"King of Hearts"},{"floor":9,"key":"Pen Nib"}],"event_choices":[{"damage_healed":0,"gold_gain":0,"player_choice":"Donut","damage_taken":0,"max_hp_gain":5,"max_hp_loss":0,"event_name":"Big Fish","floor":4,"gold_loss":0}],"is_beta":false,"boss_relics":[],"items_purged_floors":[12],"is_endless":false,"potions_floor_spawned":[1,7,10,13],"killed_by":"The Guardian","ascension_level":1}}