{"host":"nsxzlb359hv0da5z","time":1611458915,"event":{"mods":["BaseMod","Bestiary","Colored Map","Minty Spire (QoL Compilation)","Permanent Neow","Relic Stats","Slay the Relics Exporter","ojb\u0027s Info Mod"],"gold_per_floor":[119,134,209,10,23,23,56,56,56,88,102,135,135,146,146,223,223,240,240,240,250,175,205,16,30,30,59,59,94,94,108,108,187,187,204,223,74,94,94,94,126,52,52,86,86,112,112,125,125,125,125,125,38,67,67],"floor_reached":56,"language":"ENG","playtime":5695,"items_purged":[],"score":2069,"play_id":"adeff468-9112-461f-9ab6-873ea269e57f","local_time":"20210123192835","is_ascension_mode":true,"campfire_choices":[{"data":"Hologram","floor":6.0,"key":"SMITH"},{"data":"Doom and Gloom","floor":8.0,"key":"SMITH"},{"data":"Coolheaded","floor":13.0,"key":"SMITH"},{"data":"Coolheaded","floor":15.0,"key":"SMITH"},{"data":"Defragment","floor":30,"key":"SMITH"},{"data":"Go for the Eyes","floor":32,"key":"SMITH"},{"floor":40,"key":"DIG"},{"floor":45,"key":"DIG"},{"floor":47,"key":"RECALL"},{"data":"Buffer","floor":49,"key":"SMITH"},{"floor":52,"key":"DIG"}],"circlet_count":0,"master_deck":["AscendersBane","Defend_B","Defend_B","Defend_B+1","Zap","Dualcast+1","Melter","Hologram+1","Cold Snap","Ball Lightning","Doom and Gloom+1","Coolheaded+1","Coolheaded+1","Undo","Chaos","Electrodynamics","Compile Driver","Bite","Bite","Bite","Bite","Bite","Leap","Glacier","Go for the Eyes+1","Skim","Defragment+1","Ball Lightning","Loop","Biased Cognition","Stack+1","Consume","Defragment","Creative AI","Buffer+1","Panacea"],"relics":["Velvet Choker","Happy Flower","Mercury Hourglass","PreservedInsect","Kunai","War Paint","Inserter","Vajra","Turnip","ClockworkSouvenir","Pear","Omamori","Shovel","Runic Pyramid","Frozen Eye","Thread and Needle","Bird Faced Urn","Bronze Scales","Calipers","Strawberry","Cables","Centennial Puzzle"],"acts_visited":["Exordium","TheCity","TheBeyond","TheEnding"],"potions_floor_usage":[23,27,33,41,48,54],"damage_taken":[{"damage":1.0,"enemies":"Small Slimes","floor":1.0,"turns":4.0},{"damage":0.0,"enemies":"2 Louse","floor":2.0,"turns":2.0},{"damage":5.0,"enemies":"Jaw Worm","floor":5.0,"turns":5.0},{"damage":3.0,"enemies":"Gremlin Nob","floor":7.0,"turns":3.0},{"damage":5.0,"enemies":"3 Sentries","floor":10.0,"turns":2.0},{"damage":4.0,"enemies":"Lots of Slimes","floor":11.0,"turns":3.0},{"damage":4.0,"enemies":"Lagavulin","floor":12.0,"turns":5.0},{"damage":3.0,"enemies":"3 Louse","floor":14.0,"turns":2.0},{"damage":8.0,"enemies":"The Guardian","floor":16.0,"turns":9.0},{"damage":22,"enemies":"2 Thieves","floor":18,"turns":2},{"damage":7,"enemies":"Chosen","floor":21,"turns":3},{"damage":8,"enemies":"Slavers","floor":23,"turns":3},{"damage":15,"enemies":"Snake Plant","floor":25,"turns":4},{"damage":5,"enemies":"Book of Stabbing","floor":27,"turns":5},{"damage":21,"enemies":"Slavers","floor":29,"turns":6},{"damage":8,"enemies":"Sentry and Sphere","floor":31,"turns":4},{"damage":17,"enemies":"Collector","floor":33,"turns":8},{"damage":32,"enemies":"3 Darklings","floor":35,"turns":7},{"damage":0,"enemies":"3 Shapes","floor":36,"turns":4},{"damage":7,"enemies":"Spire Growth","floor":38,"turns":7},{"damage":10,"enemies":"Reptomancer","floor":41,"turns":6},{"damage":0,"enemies":"Giant Head","floor":44,"turns":8},{"damage":22,"enemies":"Nemesis","floor":46,"turns":9},{"damage":8,"enemies":"Transient","floor":48,"turns":5},{"damage":36,"enemies":"Donu and Deca","floor":50,"turns":10},{"damage":64,"enemies":"Shield and Spear","floor":54,"turns":9},{"damage":3,"enemies":"The Heart","floor":55,"turns":10}],"seed_played":"-7356001805440018190","potions_obtained":[{"floor":1.0,"key":"Strength Potion"},{"floor":2.0,"key":"ColorlessPotion"},{"floor":7.0,"key":"EssenceOfSteel"},{"floor":10.0,"key":"Dexterity Potion"},{"floor":18,"key":"Fire Potion"},{"floor":21,"key":"Swift Potion"},{"floor":29,"key":"SteroidPotion"},{"floor":31,"key":"Dexterity Potion"},{"floor":38,"key":"FearPotion"},{"floor":41,"key":"SteroidPotion"}],"is_trial":false,"path_per_floor":["M","M","?","$","M","R","E","R","T","E","M","E","R","M","R","B",null,"M","?","?","M","?","E","$","M","T","E","?","E","R","M","R","B",null,"M","M","$","M","?","R","E","$","T","E","R","E","R","M","R","B",null,"R","$","E","B",null],"character_chosen":"DEFECT","items_purchased":["Happy Flower","Cold Snap","Glacier","ClockworkSouvenir","Frozen Eye","Defragment","Panacea"],"campfire_rested":0,"item_purchase_floors":[4,4,24,24,37,42,53],"current_hp_per_floor":[63,63,52,52,47,47,44,44,44,39,35,31,31,28,28,20,58,36,36,36,35,35,37,37,32,42,39,39,32,32,30,30,25,51,31,41,41,46,46,46,48,48,48,59,59,66,66,64,64,46,61,61,61,25,60],"gold":67,"neow_bonus":"BOSS_RELIC","is_daily":false,"chose_seed":false,"campfire_upgraded":7,"win_rate":0.0,"timestamp":1611458915,"path_taken":["M","M","?","$","M","R","E","R","T","E","M","E","R","M","R","BOSS","M","?","?","M","?","E","$","M","T","E","?","E","R","M","R","BOSS","M","M","$","M","?","R","E","?","T","E","R","E","R","?","R","BOSS","R","$","E","BOSS"],"items_purchased_type":["Relic","Card","Card","Relic","Relic","Card","Card"],"build_version":"2020-12-22","purchased_purges":0,"victory":true,"max_hp_per_floor":[71,71,71,71,71,71,71,71,71,71,71,71,71,71,71,71,71,71,49,49,49,49,49,49,49,59,59,59,59,59,59,59,59,59,59,59,59,59,59,59,59,59,59,59,59,66,66,66,66,66,66,66,66,66,66],"relic_stats":{"Inserter":[55],"Happy Flower":[46],"counters":[27,141],"PreservedInsect":506,"War Paint":["Defend_B","Dualcast"],"Mercury Hourglass":[524],"Cables":[17,11,6,0,0],"Centennial Puzzle":[3],"Shovel":3,"Bird Faced Urn":[72],"Bronze Scales":[223],"Turnip":[12],"Kunai":[32],"obtain_stats":[{"Inserter":17,"Pear":26,"Calipers":45,"Happy Flower":4,"Velvet Choker":0,"Vajra":20,"Thread and Needle":40,"PreservedInsect":9,"Omamori":27,"War Paint":12,"Mercury Hourglass":7,"ClockworkSouvenir":24,"Cables":52,"Frozen Eye":37,"Centennial Puzzle":54,"Shovel":29,"Bird Faced Urn":41,"Bronze Scales":44,"Strawberry":46,"Turnip":23,"Kunai":10,"Cracked Core":0,"Runic Pyramid":34},{"Inserter":9,"Pear":13,"Calipers":22,"Happy Flower":2,"Velvet Choker":0,"Vajra":10,"Thread and Needle":20,"PreservedInsect":4,"Omamori":14,"War Paint":7,"Mercury Hourglass":4,"ClockworkSouvenir":12,"Cables":25,"Frozen Eye":19,"Centennial Puzzle":26,"Shovel":15,"Bird Faced Urn":21,"Bronze Scales":22,"Strawberry":23,"Turnip":12,"Kunai":5,"Cracked Core":0,"Runic Pyramid":17},{"Inserter":32,"Pear":44,"Calipers":99,"Happy Flower":6,"Velvet Choker":0,"Vajra":34,"Thread and Needle":85,"PreservedInsect":14,"Omamori":49,"War Paint":22,"Mercury Hourglass":14,"ClockworkSouvenir":40,"Cables":123,"Frozen Eye":78,"Centennial Puzzle":131,"Shovel":55,"Bird Faced Urn":91,"Bronze Scales":99,"Strawberry":108,"Turnip":40,"Kunai":15,"Cracked Core":0,"Runic Pyramid":67}]},"card_choices":[{"not_picked":["Blizzard","Self Repair"],"picked":"Melter","floor":1.0},{"not_picked":["Gash","Conserve Battery"],"picked":"Hologram","floor":2.0},{"not_picked":["Aggregate","Turbo"],"picked":"Ball Lightning","floor":5.0},{"not_picked":["BootSequence","Compile Driver"],"picked":"Doom and Gloom","floor":7.0},{"not_picked":["Lockon","Leap"],"picked":"Coolheaded","floor":10.0},{"not_picked":["Go for the Eyes","Streamline"],"picked":"Coolheaded","floor":11.0},{"not_picked":["Fission","Redo"],"picked":"Undo","floor":12.0},{"not_picked":["White Noise","Hologram"],"picked":"Chaos","floor":14.0},{"not_picked":["Reboot","Hyperbeam"],"picked":"Electrodynamics","floor":16.0},{"not_picked":["Chaos","Cold Snap"],"picked":"Compile Driver","floor":18},{"not_picked":["Turbo","Fusion","Coolheaded"],"picked":"SKIP","floor":21},{"not_picked":["Turbo","Fusion","Coolheaded"],"picked":"SKIP","floor":21},{"not_picked":["FTL","Compile Driver"],"picked":"Leap","floor":23},{"not_picked":["Aggregate","Sweeping Beam"],"picked":"Go for the Eyes","floor":25},{"not_picked":["Rebound","Machine Learning"],"picked":"Skim","floor":27},{"not_picked":["Gash","Conserve Battery"],"picked":"Ball Lightning","floor":29},{"not_picked":["Steam","Melter"],"picked":"Loop","floor":31},{"not_picked":["Hyperbeam","Seek"],"picked":"Biased Cognition","floor":33},{"not_picked":["Rip and Tear","Cold Snap+1"],"picked":"Stack+1","floor":35},{"not_picked":["Steam","Barrage","Rebound"],"picked":"SKIP","floor":36},{"not_picked":["Barrage+1","Leap"],"picked":"Consume","floor":38},{"not_picked":["Gash","Capacitor","Electrodynamics"],"picked":"SKIP","floor":41},{"not_picked":["Streamline","Conserve Battery"],"picked":"Creative AI","floor":44},{"not_picked":["Ball Lightning","Conserve Battery","Doom and Gloom"],"picked":"SKIP","floor":46},{"not_picked":["Go for the Eyes","Coolheaded"],"picked":"Buffer","floor":48},{"not_picked":["Rebound+1","Electrodynamics","All For One"],"picked":"SKIP","floor":54}],"player_experience":2011424,"relics_obtained":[{"floor":7.0,"key":"Mercury Hourglass"},{"floor":9.0,"key":"PreservedInsect"},{"floor":10.0,"key":"Kunai"},{"floor":12.0,"key":"War Paint"},{"floor":23,"key":"Turnip"},{"floor":26,"key":"Pear"},{"floor":27,"key":"Omamori"},{"floor":29,"key":"Shovel"},{"floor":40,"key":"Thread and Needle"},{"floor":41,"key":"Bird Faced Urn"},{"floor":44,"key":"Bronze Scales"},{"floor":45,"key":"Calipers"},{"floor":46,"key":"Strawberry"},{"floor":52,"key":"Cables"},{"floor":54,"key":"Centennial Puzzle"}],"event_choices":[{"damage_healed":0.0,"max_hp_gain":0.0,"max_hp_loss":0.0,"gold_gain":75.0,"event_name":"World of Goop","player_choice":"Gather Gold","floor":3.0,"gold_loss":0.0,"damage_taken":11.0},{"damage_healed":0,"gold_gain":0,"player_choice":"Became a vampire","damage_taken":0,"max_hp_gain":0,"max_hp_loss":22,"event_name":"Vampires","floor":19,"gold_loss":0,"cards_obtained":["Bite","Bite","Bite","Bite","Bite"]},{"damage_healed":0,"gold_gain":0,"player_choice":"Opened","damage_taken":0,"relics_obtained":["Vajra"],"max_hp_gain":0,"max_hp_loss":0,"event_name":"The Mausoleum","floor":20,"gold_loss":0,"cards_obtained":["Writhe"]},{"cards_removed":["Writhe"],"damage_healed":0,"gold_gain":0,"player_choice":"Gave Gold","damage_taken":0,"max_hp_gain":0,"max_hp_loss":0,"event_name":"Beggar","floor":22,"gold_loss":75},{"damage_healed":0,"gold_gain":0,"player_choice":"Read","damage_taken":0,"max_hp_gain":0,"max_hp_loss":0,"event_name":"The Library","floor":28,"gold_loss":0,"cards_obtained":["Defragment"]},{"cards_removed":["Defend_B"],"damage_healed":0,"gold_gain":0,"player_choice":"Removed Skill","damage_taken":0,"max_hp_gain":0,"max_hp_loss":0,"event_name":"Falling","floor":39,"gold_loss":0}],"is_beta":false,"boss_relics":[{"not_picked":["Coffee Dripper","SacredBark"],"picked":"Inserter"},{"not_picked":["Calling Bell","SlaversCollar"],"picked":"Runic Pyramid"}],"items_purged_floors":[],"is_endless":false,"potions_floor_spawned":[1,2,7,10,14,16,18,21,29,31,38,41],"ascension_level":15}}