{"host":"x730sfaw5rd1mxd8","time":1611452945,"event":{"mods":["BaseMod","BetterRewards","Colored Map","Colored Powertips","Highlight Path","Minty Spire (QoL Compilation)","Relic Sorter","Relic Stats","Replay The Spire","StSLib"],"gold_per_floor":[119,119,132,132,150,190,217,235,310,343,343,377,377,392,392,513,513,528,318,298,298,321,361,361,392,415,439,474,489,508,539,539,665,665,679,679,699,759,333,371,371,404,404,404,429,449,449,484,484,484,484,484,2,47,47],"floor_reached":56,"language":"ENG","playtime":3827,"items_purged":["Defend_P","Strike_P","Strike_P+1"],"score":1894,"play_id":"bdc64a6f-84fe-4f86-99bf-e0ab0dbe3485","local_time":"20210123204905","is_ascension_mode":true,"campfire_choices":[{"data":"Halt","floor":11.0,"key":"SMITH"},{"data":"Eruption","floor":13.0,"key":"SMITH"},{"data":"Halt","floor":15.0,"key":"SMITH"},{"data":"Vigilance","floor":24.0,"key":"SMITH"},{"floor":32.0,"key":"RECALL"},{"data":"Meditate","floor":47,"key":"SMITH"},{"data":"FlurryOfBlows","floor":49,"key":"SMITH"},{"floor":52,"key":"REST"}],"circlet_count":0,"master_deck":["Strike_P+1","Strike_P+1","Defend_P+1","Defend_P+1","Defend_P+1","Eruption+1","Vigilance+1","Halt+1","Protect+1","CutThroughFate+1","Nirvana+1","Indignation+1","FlyingSleeves+1","ClearTheMind+1","JustLucky+1","FlurryOfBlows+1","Halt+1","LessonLearned+1","Wallop+1","Adaptation+1","Ragnarok+1","Consecrate+1","DevaForm+1","FlurryOfBlows+1","Crescendo+1","DeusExMachina+1","Meditate+1","TalkToTheHand+1","JustLucky+1"],"relics":["PureWater","Replay:Accelerometer","Singing Bowl","Golden Egg","Sling","Bag of Preparation","Golden Idol","Tiny Chest","Vajra","Meat on the Bone","Replay:Wax Seal","Ring of Chaos","Blue Doll","Anchor","War Paint","Snack Pack","Omamori","Busted Crown","Pet Ghost","Pondfish Scales","Shuriken","Replay:Rubber Ducky","CloakClasp","CeramicFish","Iron Hammer","Nunchaku","TheAbacus","ReplayTheSpireMod:Ninjato"],"acts_visited":["Exordium","TheCity","TheBeyond","TheEnding"],"potions_floor_usage":[50,54,55],"damage_taken":[{"damage":0.0,"enemies":"Small Slimes","floor":1.0,"turns":2.0},{"damage":0.0,"enemies":"2 Louse","floor":3.0,"turns":1.0},{"damage":0.0,"enemies":"Jaw Worm","floor":5.0,"turns":2.0},{"damage":1.0,"enemies":"Replay:BlueRogue","floor":6.0,"turns":3.0},{"damage":0.0,"enemies":"Exordium Thugs","floor":8.0,"turns":3.0},{"damage":0.0,"enemies":"Gremlin Nob","floor":10.0,"turns":2.0},{"damage":6.0,"enemies":"3 Sentries","floor":12.0,"turns":4.0},{"damage":0.0,"enemies":"2 Fungi Beasts","floor":14.0,"turns":2.0},{"damage":0.0,"enemies":"Slime Boss","floor":16.0,"turns":3.0},{"damage":0.0,"enemies":"3 Byrds","floor":18.0,"turns":4.0},{"damage":11.0,"enemies":"2 Thieves","floor":22.0,"turns":3.0},{"damage":19.0,"enemies":"Gremlin Leader","floor":23.0,"turns":4.0},{"damage":25.0,"enemies":"Slavers","floor":25.0,"turns":4.0},{"damage":7.0,"enemies":"Snake Plant","floor":27.0,"turns":8.0},{"damage":0.0,"enemies":"Replay:Snechameleon","floor":28.0,"turns":2.0},{"damage":0.0,"enemies":"Sentry and Sphere","floor":29.0,"turns":3.0},{"damage":0.0,"enemies":"Shelled Parasite and Fungi","floor":30.0,"turns":5.0},{"damage":1.0,"enemies":"Slavers","floor":31.0,"turns":2.0},{"damage":45.0,"enemies":"Collector","floor":33.0,"turns":10.0},{"damage":0.0,"enemies":"3 Shapes","floor":35.0,"turns":3.0},{"damage":0.0,"enemies":"Orb Walker","floor":37.0,"turns":2.0},{"damage":0.0,"enemies":"2 Orb Walkers","floor":38.0,"turns":2.0},{"damage":7.0,"enemies":"Giant Head","floor":40.0,"turns":7.0},{"damage":16.0,"enemies":"R_Hoarder","floor":42.0,"turns":4.0},{"damage":0,"enemies":"Sphere and 2 Shapes","floor":46,"turns":5},{"damage":0,"enemies":"Nemesis","floor":48,"turns":3},{"damage":19,"enemies":"Awakened One","floor":50,"turns":8},{"damage":1,"enemies":"Shield and Spear","floor":54,"turns":4},{"damage":57,"enemies":"The Heart","floor":55,"turns":7}],"seed_played":"6929184252925277315","potions_obtained":[{"floor":1.0,"key":"SkillPotion"},{"floor":5.0,"key":"SteroidPotion"},{"floor":8.0,"key":"Languid Potion"},{"floor":16.0,"key":"Adrenaline Potion"},{"floor":20.0,"key":"FairyPotion"},{"floor":22.0,"key":"SteroidPotion"},{"floor":27.0,"key":"Elixir"},{"floor":29.0,"key":"Death Potion"},{"floor":30.0,"key":"Weak Potion"},{"floor":46,"key":"Swift Potion"},{"floor":48,"key":"StancePotion"},{"floor":54,"key":"Energy Potion"}],"is_trial":false,"path_per_floor":["M","?","M","?","M","E","T","M","T","E","R","E","R","M","R","B",null,"M","$","?","$","M","E","R","E","T","M","E","M","M","E","R","B",null,"M","T","M","?","$","E","?","E","T","?","T","M","R","E","R","B",null,"R","$","E","B",null],"character_chosen":"WATCHER","items_purchased":["Halt","Singing Bowl","Protect","CutThroughFate","Nirvana","Golden Egg","Sling","Bag of Preparation","Indignation","FlyingSleeves","Ragnarok","TalkToTheHand","Shuriken","Nunchaku","TheAbacus","Adrenaline Potion"],"campfire_rested":1,"item_purchase_floors":[0,0,0,0,0,0,0,0,0,0,19,39,39,53,53,53],"current_hp_per_floor":[72,72,72,54,54,53,53,55,55,55,55,51,51,51,51,53,78,78,78,78,78,67,50,50,37,37,44,46,52,54,59,59,34,86,88,88,88,90,90,86,86,78,78,74,74,78,78,84,84,79,104,104,104,103,61],"gold":47,"neow_bonus":"","is_daily":false,"chose_seed":false,"campfire_upgraded":6,"win_rate":0.0,"timestamp":1611452945,"path_taken":["M","?","M","?","M","E","?","M","T","E","R","E","R","?","R","BOSS","M","$","?","$","M","E","R","E","T","M","E","M","M","E","R","BOSS","M","?","M","?","$","E","?","E","T","?","?","?","R","E","R","BOSS","R","$","E","BOSS"],"items_purchased_type":["Card","Relic","Card","Card","Card","Relic","Relic","Relic","Card","Card","Card","Card","Relic","Relic","Relic","Potion"],"build_version":"2020-12-22","purchased_purges":3,"victory":true,"max_hp_per_floor":[72,72,72,72,72,72,72,74,74,74,74,76,76,76,76,78,78,78,78,78,78,78,80,80,80,80,82,84,84,84,86,86,86,86,88,88,88,90,90,92,92,94,94,100,100,102,102,104,104,104,104,104,104,104,104],"relic_stats":{"Singing Bowl":32,"counters":[213,845],"Golden Idol":231,"CeramicFish":189,"Bag of Preparation":[78],"CloakClasp":[117],"War Paint":["Defend_P","Protect"],"Nunchaku":[36],"Busted Crown":22,"TheAbacus":[12],"Shuriken":[58],"Tiny Chest":2,"obtain_stats":[{"Golden Egg":0,"Replay:Accelerometer":40,"Vampiric Spirits":0,"Whetstone":55,"Boot":55,"Sling":55,"Blood Vial":20,"Replay:Bronze Core":17,"MealTicket":27,"Fusion Hammer":36,"Replay:Wax Seal":12,"Electric Blood":17,"Replay:Bottled Steam":43,"Pear":46,"Blue Candle":30,"Tingsha":0,"Paper Crane":8,"Cables":54,"SlaversCollar":17,"Snecko Scales":34,"Bird Faced Urn":12,"Mark of Pain":0,"StrikeDummy":6,"Regal Pillow":0,"Lantern":40,"Singing Bowl":10,"Magic Flower":11,"Painkiller Herb":19,"Blue Doll":23,"Bag of Preparation":55,"Replay:Multitool":44,"Cursed Key":34,"Burning Blood":0,"Pet Ghost":23,"Replay:Rubber Ducky":55,"Matryoshka":0,"InkBottle":27,"The Specimen":25,"Golden Idol":11,"Basket Of Snakes":39,"Thread and Needle":47,"The Courier":14,"PreservedInsect":22,"Geode":40,"Omamori":31,"Frozen Egg 2":0,"MawBank":31,"GoldenEye":54,"Busted Crown":17,"Ornamental Fan":55,"Turnip":46,"Art of War":40,"Bottled Lightning":53,"ReplayTheSpireMod:Ring of Challenge":38,"Ice Cream":14,"Gremlin Horn":9,"Nilry\u0027s Codex":23,"CeramicFish":8,"Vajra":28,"Sozu":0,"Centennial Puzzle":9,"Strawberry":28,"Prayer Wheel":0,"Iron Hammer":27,"Byrd Skull":11,"Happy Flower":55,"Astrolabe":34,"Oddly Smooth Stone":26,"Ring of Chaos":47,"War Paint":23,"OrangePellets":0,"Bottled Flame":15,"Replay:Baseball":0,"Shuriken":43,"Bronze Scales":12,"Simple Rune":55,"Pocketwatch":0,"Meat on the Bone":38,"Darkstone Periapt":5,"ReplayFunnel":55,"Mango":6,"Snake Skull":29,"Incense Burner":45,"Juzu Bracelet":48,"CloakClasp":43,"Dream Catcher":43,"Nunchaku":24,"Replay:Bandana":10,"TheAbacus":53,"Pantograph":23,"Gambling Chip":24,"Tiny Chest":6,"Replay:Drink Me":17,"Red Skull":6,"Gremlin Food":44,"ReplayTheSpireMod:Ninjato":6,"Replay:Towering Pillar of Hats":10,"Quantum Egg":46,"Guide Book":0,"Replay:WaspNest":0,"Orichalcum":56,"Medical Kit":42,"Mercury Hourglass":0,"Peace Pipe":39,"Anchor":11,"CaptainsWheel":43,"Pondfish Scales":55,"DataDisk":0,"Snack Pack":8,"Membership Card":0,"PureWater":0,"FossilizedHelix":48},{"Golden Egg":184,"Replay:Accelerometer":207,"Vampiric Spirits":61,"Whetstone":91,"Boot":91,"Sling":91,"Blood Vial":26,"Replay:Bronze Core":134,"MealTicket":58,"Fusion Hammer":80,"Replay:Wax Seal":191,"Electric Blood":51,"Replay:Bottled Steam":119,"Pear":122,"Blue Candle":30,"Tingsha":93,"Paper Crane":66,"Cables":153,"SlaversCollar":24,"Snecko Scales":115,"Bird Faced Urn":22,"Mark of Pain":0,"StrikeDummy":98,"Regal Pillow":93,"Lantern":176,"Singing Bowl":21,"Magic Flower":49,"Painkiller Herb":72,"Blue Doll":196,"Bag of Preparation":91,"Replay:Multitool":120,"Cursed Key":31,"Burning Blood":0,"Pet Ghost":56,"Replay:Rubber Ducky":91,"Matryoshka":61,"InkBottle":141,"The Specimen":76,"Golden Idol":5,"Basket Of Snakes":82,"Thread and Needle":180,"The Courier":7,"PreservedInsect":11,"Geode":146,"Omamori":202,"Frozen Egg 2":14,"MawBank":79,"GoldenEye":183,"Busted Crown":8,"Ornamental Fan":91,"Turnip":38,"Art of War":36,"Bottled Lightning":182,"ReplayTheSpireMod:Ring of Challenge":81,"Ice Cream":23,"Gremlin Horn":20,"Nilry\u0027s Codex":75,"CeramicFish":157,"Vajra":77,"Sozu":154,"Centennial Puzzle":5,"Strawberry":13,"Prayer Wheel":93,"Iron Hammer":167,"Byrd Skull":66,"Happy Flower":91,"Astrolabe":172,"Oddly Smooth Stone":57,"Ring of Chaos":122,"War Paint":139,"OrangePellets":93,"Bottled Flame":70,"Replay:Baseball":93,"Shuriken":177,"Bronze Scales":6,"Simple Rune":91,"Pocketwatch":41,"Meat on the Bone":117,"Darkstone Periapt":18,"ReplayFunnel":91,"Mango":19,"Snake Skull":78,"Incense Burner":87,"Juzu Bracelet":181,"CloakClasp":208,"Dream Catcher":37,"Nunchaku":75,"Replay:Bandana":100,"TheAbacus":211,"Pantograph":12,"Gambling Chip":27,"Tiny Chest":188,"Replay:Drink Me":161,"Red Skull":47,"Gremlin Food":87,"ReplayTheSpireMod:Ninjato":156,"Replay:Towering Pillar of Hats":66,"Quantum Egg":87,"Guide Book":93,"Replay:WaspNest":61,"Orichalcum":92,"Medical Kit":119,"Mercury Hourglass":61,"Peace Pipe":146,"Anchor":66,"CaptainsWheel":86,"Pondfish Scales":91,"DataDisk":126,"Snack Pack":48,"Membership Card":61,"PureWater":0,"FossilizedHelix":151},{"Golden Egg":733,"Replay:Accelerometer":814,"Vampiric Spirits":244,"Whetstone":364,"Boot":364,"Sling":364,"Blood Vial":107,"Replay:Bronze Core":537,"MealTicket":230,"Fusion Hammer":315,"Replay:Wax Seal":750,"Electric Blood":208,"Replay:Bottled Steam":471,"Pear":484,"Blue Candle":123,"Tingsha":376,"Paper Crane":257,"Cables":637,"SlaversCollar":100,"Snecko Scales":459,"Bird Faced Urn":86,"Mark of Pain":0,"StrikeDummy":392,"Regal Pillow":376,"Lantern":706,"Singing Bowl":82,"Magic Flower":200,"Painkiller Herb":279,"Blue Doll":766,"Bag of Preparation":364,"Replay:Multitool":475,"Cursed Key":130,"Burning Blood":0,"Pet Ghost":224,"Replay:Rubber Ducky":364,"Matryoshka":244,"InkBottle":568,"The Specimen":292,"Golden Idol":17,"Basket Of Snakes":325,"Thread and Needle":718,"The Courier":25,"PreservedInsect":40,"Geode":594,"Omamori":790,"Frozen Egg 2":51,"MawBank":304,"GoldenEye":727,"Busted Crown":30,"Ornamental Fan":364,"Turnip":156,"Art of War":146,"Bottled Lightning":724,"ReplayTheSpireMod:Ring of Challenge":318,"Ice Cream":93,"Gremlin Horn":78,"Nilry\u0027s Codex":288,"CeramicFish":657,"Vajra":296,"Sozu":646,"Centennial Puzzle":17,"Strawberry":48,"Prayer Wheel":376,"Iron Hammer":681,"Byrd Skull":257,"Happy Flower":364,"Astrolabe":695,"Oddly Smooth Stone":226,"Ring of Chaos":484,"War Paint":559,"OrangePellets":376,"Bottled Flame":268,"Replay:Baseball":376,"Shuriken":710,"Bronze Scales":20,"Simple Rune":364,"Pocketwatch":170,"Meat on the Bone":463,"Darkstone Periapt":65,"ReplayFunnel":364,"Mango":73,"Snake Skull":300,"Incense Burner":344,"Juzu Bracelet":721,"CloakClasp":818,"Dream Catcher":151,"Nunchaku":288,"Replay:Bandana":399,"TheAbacus":834,"Pantograph":44,"Gambling Chip":111,"Tiny Chest":741,"Replay:Drink Me":667,"Red Skull":189,"Gremlin Food":344,"ReplayTheSpireMod:Ninjato":655,"Replay:Towering Pillar of Hats":257,"Quantum Egg":344,"Guide Book":376,"Replay:WaspNest":244,"Orichalcum":369,"Medical Kit":471,"Mercury Hourglass":244,"Peace Pipe":594,"Anchor":257,"CaptainsWheel":341,"Pondfish Scales":364,"DataDisk":505,"Snack Pack":196,"Membership Card":244,"PureWater":0,"FossilizedHelix":621}],"Meat on the Bone":36},"card_choices":[{"not_picked":["LikeWater","EmptyFist"],"picked":"ClearTheMind","floor":1.0},{"not_picked":["ConjureBlade","EmptyBody"],"picked":"JustLucky","floor":3.0},{"not_picked":["Crescendo","Replay:BluntJabs"],"picked":"FlurryOfBlows","floor":5.0},{"not_picked":["ThirdEye","Vengeance"],"picked":"Halt","floor":6.0},{"not_picked":["SashWhip","FlyingSleeves","PathToVictory"],"picked":"Singing Bowl","floor":8.0},{"not_picked":["CrushJoints","JustLucky"],"picked":"LessonLearned","floor":10.0},{"not_picked":["Replay:Anticipation","EmptyBody","SashWhip"],"picked":"Singing Bowl","floor":12.0},{"not_picked":["ClearTheMind","PathToVictory"],"picked":"Wallop","floor":14.0},{"not_picked":["MasterReality","SpiritShield","Judgement"],"picked":"Singing Bowl","floor":16.0},{"not_picked":["PathToVictory","FlurryOfBlows"],"picked":"Adaptation","floor":18.0},{"not_picked":["FollowUp","FlyingSleeves"],"picked":"Consecrate+1","floor":22.0},{"not_picked":["EmptyMind","WreathOfFlame","Judgement"],"picked":"Singing Bowl","floor":23.0},{"not_picked":["Replay:AtTheReady","Replay:Battleflow"],"picked":"DevaForm","floor":25.0},{"not_picked":["Evaluate","PathToVictory","EmptyFist"],"picked":"Singing Bowl","floor":27.0},{"not_picked":["BowlingBash","Weave+1","EmptyFist+1"],"picked":"Singing Bowl","floor":28.0},{"not_picked":["Worship","Evaluate+1"],"picked":"FlurryOfBlows","floor":29.0},{"not_picked":["ClearTheMind","FlurryOfBlows+1"],"picked":"Crescendo+1","floor":30.0},{"not_picked":["Replay:BluntJabs","Consecrate","SandsOfTime"],"picked":"Singing Bowl","floor":31.0},{"not_picked":["SpiritShield","Replay:AllIn"],"picked":"DeusExMachina","floor":33.0},{"not_picked":["Replay:Anticipation+1"],"picked":"Singing Bowl","floor":35.0},{"not_picked":[],"picked":"Meditate","floor":37.0},{"not_picked":["FollowUp"],"picked":"Singing Bowl","floor":38.0},{"not_picked":["Study"],"picked":"Singing Bowl","floor":40.0},{"not_picked":["Replay:AtTheReady+1"],"picked":"Singing Bowl","floor":42.0},{"not_picked":["ReplayTheSpireMod:Private Reserves"],"picked":"Singing Bowl","floor":44},{"not_picked":["ReplayUltimateDefense"],"picked":"Singing Bowl","floor":44},{"not_picked":["Bandage Up"],"picked":"Singing Bowl","floor":44},{"not_picked":["Consecrate+1"],"picked":"Singing Bowl","floor":46},{"not_picked":["InnerPeace"],"picked":"Singing Bowl","floor":48},{"not_picked":[],"picked":"JustLucky+1","floor":54}],"player_experience":4001674,"relics_obtained":[{"floor":6.0,"key":"Tiny Chest"},{"floor":7.0,"key":"Vajra"},{"floor":10.0,"key":"Meat on the Bone"},{"floor":12.0,"key":"Replay:Wax Seal"},{"floor":23.0,"key":"Blue Doll"},{"floor":25.0,"key":"Anchor"},{"floor":26.0,"key":"War Paint"},{"floor":28.0,"key":"Snack Pack"},{"floor":31.0,"key":"Omamori"},{"floor":36.0,"key":"Pet Ghost"},{"floor":38.0,"key":"Pondfish Scales"},{"floor":40.0,"key":"Replay:Accelerometer"},{"floor":42.0,"key":"Replay:Rubber Ducky"},{"floor":43.0,"key":"CloakClasp"},{"floor":45,"key":"CeramicFish"},{"floor":48,"key":"Iron Hammer"},{"floor":54,"key":"ReplayTheSpireMod:Ninjato"}],"event_choices":[{"damage_healed":0.0,"max_hp_gain":0.0,"max_hp_loss":0.0,"gold_gain":0.0,"event_name":"Liars Game","player_choice":"Ignored","floor":2.0,"gold_loss":0.0,"damage_taken":0.0},{"damage_healed":0.0,"max_hp_gain":0.0,"max_hp_loss":0.0,"gold_gain":0.0,"event_name":"Golden Idol","player_choice":"Take Damage","floor":4.0,"gold_loss":0.0,"damage_taken":18.0,"relics_obtained":["Golden Idol"]},{"damage_healed":0.0,"max_hp_gain":0.0,"max_hp_loss":0.0,"gold_gain":0.0,"event_name":"The Woman in Blue","player_choice":"Bought 1 Potion","floor":20.0,"gold_loss":0.0,"damage_taken":0.0},{"damage_healed":0.0,"max_hp_gain":0.0,"max_hp_loss":0.0,"gold_gain":0.0,"event_name":"Mysterious Sphere","player_choice":"Fight","floor":38.0,"gold_loss":0.0,"damage_taken":0.0},{"damage_healed":0.0,"max_hp_gain":0.0,"max_hp_loss":0.0,"gold_gain":0.0,"event_name":"Tomb of Lord Red Mask","player_choice":"Ignored","floor":41.0,"gold_loss":0.0,"damage_taken":0.0},{"damage_healed":0,"gold_gain":0,"player_choice":"Memory 3","damage_taken":10,"max_hp_gain":0,"max_hp_loss":0,"event_name":"SensoryStone","floor":44,"gold_loss":0}],"is_beta":false,"boss_relics":[{"not_picked":["Snecko Heart","Astrolabe"],"picked":"Ring of Chaos"},{"not_picked":["SacredBark","Runic Dome"],"picked":"Busted Crown"}],"items_purged_floors":[19,39,53],"is_endless":false,"potions_floor_spawned":[1,5,8,16,22,27,29,30,46,48,54],"ascension_level":2}}