{"host":"qrt7o4dq2qslzw13","time":1611512574,"event":{"mods":["AchievementEnabler","BaseMod","Colored Map","Colored Powertips","Minty Spire (QoL Compilation)","Quick Restart","StSLib","SuperFastMode"],"gold_per_floor":[111,186,186,197,40,66,78,100,112,124,149,161,173,196,208,325,337,362,374,386,410,28,44,44,44,67,67,67,27,59,70,70,170,170,185,196,243,7,7,7,7,7,34,34,49,60,95,0,0,0,0],"floor_reached":50,"language":"ENG","playtime":1303,"items_purged":[],"score":563,"play_id":"a8235e79-bb5a-4018-a8fc-5ad8b63955cd","local_time":"20210124132254","is_ascension_mode":false,"campfire_choices":[{"data":"Trip","floor":7.0,"key":"SMITH"},{"floor":10.0,"key":"REST"},{"data":"Pray","floor":13.0,"key":"SMITH"},{"data":"SignatureMove","floor":15.0,"key":"SMITH"},{"floor":24.0,"key":"REST"},{"floor":28.0,"key":"REST"},{"floor":32.0,"key":"REST"},{"floor":40.0,"key":"REST"},{"floor":44.0,"key":"REST"},{"floor":49.0,"key":"REST"}],"circlet_count":0,"master_deck":["Strike_P","Strike_P","Strike_P","Strike_P","Defend_P","Defend_P","Defend_P","Defend_P","Eruption","Vigilance","Swivel","Trip+1","Wallop","Omniscience","Pray+1","SignatureMove+1","EmptyMind","DeusExMachina","CrushJoints+1","Halt","SandsOfTime","Crescendo","BattleHymn","Meditate","EmptyBody","EmptyBody+1","Devotion","TalkToTheHand+1","WindmillStrike","Vault","Enlightenment","Injury","ClearTheMind","WheelKick+1","Sanctity+1"],"relics":["PureWater","NeowsBlessing","HornCleat","MawBank","Nunchaku","Cursed Key","MutagenicStrength","Du-Vu Doll","Vajra","Nilry\u0027s Codex","Letter Opener","SacredBark","Lizard Tail","CeramicFish","Red Mask"],"acts_visited":["Exordium","TheCity","TheBeyond"],"potions_floor_usage":[50],"damage_taken":[{"damage":0.0,"enemies":"Small Slimes","floor":1.0,"turns":1.0},{"damage":0.0,"enemies":"Jaw Worm","floor":4.0,"turns":1.0},{"damage":0.0,"enemies":"3 Sentries","floor":6.0,"turns":2.0},{"damage":0.0,"enemies":"2 Louse","floor":8.0,"turns":2.0},{"damage":0.0,"enemies":"2 Fungi Beasts","floor":11.0,"turns":4.0},{"damage":0.0,"enemies":"Exordium Thugs","floor":14.0,"turns":3.0},{"damage":12.0,"enemies":"The Guardian","floor":16.0,"turns":8.0},{"damage":2.0,"enemies":"Shell Parasite","floor":18.0,"turns":2.0},{"damage":3.0,"enemies":"2 Thieves","floor":21.0,"turns":3.0},{"damage":22.0,"enemies":"Snake Plant","floor":23.0,"turns":4.0},{"damage":0.0,"enemies":"Sentry and Sphere","floor":25.0,"turns":1.0},{"damage":28.0,"enemies":"Slavers","floor":30.0,"turns":4.0},{"damage":12.0,"enemies":"Centurion and Healer","floor":31.0,"turns":4.0},{"damage":45.0,"enemies":"Automaton","floor":33.0,"turns":8.0},{"damage":3.0,"enemies":"Orb Walker","floor":35.0,"turns":4.0},{"damage":17.0,"enemies":"3 Shapes","floor":36.0,"turns":4.0},{"damage":49.0,"enemies":"2 Orb Walkers","floor":37.0,"turns":5.0},{"damage":1.0,"enemies":"Maw","floor":45.0,"turns":6.0},{"damage":9.0,"enemies":"Sphere and 2 Shapes","floor":46.0,"turns":6.0},{"damage":26.0,"enemies":"Nemesis","floor":47.0,"turns":6.0},{"damage":44,"enemies":"Awakened One","floor":50,"turns":9}],"seed_played":"7064394917595138984","potions_obtained":[{"floor":6.0,"key":"SmokeBomb"},{"floor":11.0,"key":"LiquidBronze"},{"floor":16.0,"key":"LiquidBronze"},{"floor":35.0,"key":"Swift Potion"},{"floor":46.0,"key":"Regen Potion"},{"floor":47.0,"key":"BottledMiracle"}],"is_trial":false,"path_per_floor":["M","?","?","M","$","E","R","M","T","R","M","?","R","M","R","B",null,"M","?","?","M","$","M","R","M","T","?","R","$","E","M","R","B",null,"M","M","?","$","?","R","$","?","T","R","M","M","E","?","R","B"],"character_chosen":"WATCHER","items_purchased":["Trip","Wallop","Du-Vu Doll","SandsOfTime","Crescendo","Meditate","Vault","Enlightenment"],"campfire_rested":7,"item_purchase_floors":[5,5,22,22,22,29,38,38],"current_hp_per_floor":[72,61,28,28,28,28,28,28,28,49,49,72,72,72,72,60,72,70,70,70,67,67,45,66,66,66,50,71,71,43,31,52,7,72,69,52,3,3,3,24,24,24,24,45,44,35,19,19,40,36,36],"gold":0,"neow_bonus":"THREE_ENEMY_KILL","is_daily":false,"chose_seed":false,"campfire_upgraded":3,"win_rate":0.0,"timestamp":1611512574,"path_taken":["M","?","?","M","$","E","R","M","T","R","M","?","R","M","R","BOSS","M","?","?","?","$","M","R","M","T","?","R","$","E","M","R","BOSS","M","M","?","$","?","R","?","?","T","R","?","M","E","?","R","BOSS"],"items_purchased_type":["Card","Card","Relic","Card","Card","Card","Card","Card"],"build_version":"2020-12-22","purchased_purges":0,"victory":false,"max_hp_per_floor":[72,72,72,72,72,72,72,72,72,72,72,72,72,72,72,72,72,72,72,72,72,72,72,72,72,72,72,72,72,72,72,72,72,72,72,72,72,72,72,72,72,72,72,72,72,72,72,72,72,72,72],"card_choices":[{"not_picked":["Crescendo","Evaluate"],"picked":"Swivel","floor":1.0},{"not_picked":["Indignation","TalkToTheHand"],"picked":"MentalFortress","floor":4.0},{"not_picked":["Consecrate","PathToVictory"],"picked":"Omniscience","floor":6.0},{"not_picked":["SashWhip","CarveReality"],"picked":"Pray","floor":8.0},{"not_picked":["PathToVictory","FollowUp"],"picked":"SignatureMove","floor":11.0},{"not_picked":["Tantrum","PathToVictory"],"picked":"EmptyMind","floor":14.0},{"not_picked":["Vault","ConjureBlade"],"picked":"DeusExMachina","floor":16.0},{"not_picked":["CarveReality","SignatureMove"],"picked":"CrushJoints+1","floor":18.0},{"not_picked":["Weave+1","SignatureMove+1"],"picked":"Halt","floor":21.0},{"not_picked":["Consecrate","FollowUp"],"picked":"BattleHymn","floor":23.0},{"not_picked":["Weave","CutThroughFate"],"picked":"EmptyBody","floor":30.0},{"not_picked":["PathToVictory","FlurryOfBlows"],"picked":"EmptyBody+1","floor":31.0},{"not_picked":["Omniscience","LessonLearned"],"picked":"Devotion","floor":33.0},{"not_picked":["EmptyMind","Consecrate+1","EmptyBody"],"picked":"SKIP","floor":35.0},{"not_picked":["JustLucky","PathToVictory+1"],"picked":"TalkToTheHand+1","floor":36.0},{"not_picked":["Consecrate","SashWhip+1"],"picked":"WindmillStrike","floor":37.0},{"not_picked":["Adaptation","BattleHymn"],"picked":"ClearTheMind","floor":45.0},{"not_picked":["Protect","ThirdEye+1"],"picked":"WheelKick+1","floor":46.0},{"not_picked":["FlyingSleeves+1","PathToVictory"],"picked":"Sanctity+1","floor":47.0}],"player_experience":586248,"relics_obtained":[{"floor":6.0,"key":"MawBank"},{"floor":9.0,"key":"Nunchaku"},{"floor":26.0,"key":"Vajra"},{"floor":27.0,"key":"Nilry\u0027s Codex"},{"floor":30.0,"key":"Letter Opener"},{"floor":37.0,"key":"Lizard Tail"},{"floor":47.0,"key":"CeramicFish"}],"event_choices":[{"damage_healed":0.0,"max_hp_gain":0.0,"max_hp_loss":0.0,"gold_gain":75.0,"event_name":"World of Goop","player_choice":"Gather Gold","floor":2.0,"gold_loss":0.0,"damage_taken":11.0},{"damage_healed":0.0,"max_hp_gain":0.0,"max_hp_loss":0.0,"gold_gain":0.0,"event_name":"Scrap Ooze","player_choice":"Success","floor":3.0,"gold_loss":0.0,"damage_taken":33.0,"relics_obtained":["HornCleat"]},{"damage_healed":24.0,"max_hp_gain":0.0,"max_hp_loss":0.0,"gold_gain":0.0,"event_name":"Big Fish","player_choice":"Banana","floor":12.0,"gold_loss":0.0,"damage_taken":0.0},{"damage_healed":0.0,"max_hp_gain":0.0,"max_hp_loss":0.0,"gold_gain":0.0,"event_name":"Beggar","player_choice":"Ignored","floor":19.0,"gold_loss":0.0,"damage_taken":0.0},{"damage_healed":0.0,"max_hp_gain":0.0,"max_hp_loss":0.0,"gold_gain":0.0,"event_name":"Drug Dealer","player_choice":"Inject Mutagens","floor":20.0,"gold_loss":0.0,"damage_taken":0.0,"relics_obtained":["MutagenicStrength"]},{"damage_healed":0.0,"max_hp_gain":0.0,"max_hp_loss":0.0,"gold_gain":0.0,"event_name":"Cursed Tome","player_choice":"Obtained Book","floor":27.0,"gold_loss":0.0,"damage_taken":16.0},{"damage_healed":0.0,"max_hp_gain":0.0,"max_hp_loss":0.0,"gold_gain":0.0,"event_name":"Mysterious Sphere","player_choice":"Fight","floor":37.0,"gold_loss":0.0,"damage_taken":0.0},{"cards_removed":["MentalFortress"],"damage_healed":0.0,"max_hp_gain":0.0,"max_hp_loss":0.0,"gold_gain":0.0,"event_name":"Falling","player_choice":"Removed Power","floor":39.0,"gold_loss":0.0,"damage_taken":0.0},{"cards_removed":["Pain"],"damage_healed":0.0,"max_hp_gain":0.0,"max_hp_loss":0.0,"gold_gain":0.0,"event_name":"Purifier","player_choice":"Purged","floor":42.0,"gold_loss":0.0,"damage_taken":0.0},{"damage_healed":0.0,"max_hp_gain":0.0,"max_hp_loss":0.0,"gold_gain":0.0,"event_name":"Tomb of Lord Red Mask","player_choice":"Paid","floor":48.0,"gold_loss":95.0,"damage_taken":0.0,"relics_obtained":["Red Mask"]}],"is_beta":false,"boss_relics":[{"not_picked":["Philosopher\u0027s Stone","SlaversCollar"],"picked":"Cursed Key"},{"not_picked":["Velvet Choker","Runic Pyramid"],"picked":"SacredBark"}],"items_purged_floors":[],"is_endless":false,"potions_floor_spawned":[6,11,16,18,25,35,46,47],"killed_by":"Awakened One","ascension_level":0}}