{"host":"kywtqy4o43fs5yna","time":1611485603,"event":{"mods":["AchievementEnabler","Act Like it!","BaseMod","Better Note","BetterRewards","Colored Map","Minty Spire (QoL Compilation)","Quick Restart","Rare Cards Sparkle","StSLib","SuperFastMode"],"gold_per_floor":[118,138,38,58,58,58,88,88,88,106,106,106,123,139,139,241,241,252,127,127,137,152,152,152,169,196,46,46,65,83,83,83,185,185,198,211,211,224,243,261,261,86,138,158,158,158,158],"floor_reached":46,"language":"RUS","playtime":1403,"items_purged":["Vigilance","Eruption","Strike_P","Strike_P","WreathOfFlame"],"score":426,"play_id":"263fc2de-2127-4ab4-b51e-7dd08e6b8eb9","local_time":"20210124205323","is_ascension_mode":false,"campfire_choices":[{"data":"PathToVictory","floor":6,"key":"SMITH"},{"data":"PathToVictory","floor":8,"key":"SMITH"},{"data":"Defend_P","floor":11,"key":"SMITH"},{"data":"Defend_P","floor":15,"key":"SMITH"},{"data":"PathToVictory","floor":23,"key":"SMITH"},{"floor":32,"key":"REST"}],"circlet_count":0,"master_deck":["Defend_P","Defend_P+1","Defend_P+1","PathToVictory+1","PathToVictory+1","PathToVictory+1","MasterReality","Doubt"],"relics":["PureWater"],"acts_visited":["Exordium","TheCity","TheBeyond"],"potions_floor_usage":[7,22,25,33,36,36,36,36],"damage_taken":[{"damage":0,"enemies":"Cultist","floor":1,"turns":2},{"damage":0,"enemies":"2 Louse","floor":2,"turns":2},{"damage":1,"enemies":"Jaw Worm","floor":4,"turns":4},{"damage":8,"enemies":"Lagavulin","floor":7,"turns":3},{"damage":3,"enemies":"Red Slaver","floor":10,"turns":2},{"damage":0,"enemies":"Looter","floor":13,"turns":3},{"damage":0,"enemies":"2 Fungi Beasts","floor":14,"turns":3},{"damage":11,"enemies":"The Guardian","floor":16,"turns":6},{"damage":0,"enemies":"Shell Parasite","floor":18,"turns":3},{"damage":11,"enemies":"Spheric Guardian","floor":21,"turns":4},{"damage":24,"enemies":"Centurion and Healer","floor":22,"turns":4},{"damage":9,"enemies":"3 Cultists","floor":25,"turns":5},{"damage":2,"enemies":"Cultist and Chosen","floor":29,"turns":3},{"damage":3,"enemies":"Centurion and Healer","floor":30,"turns":4},{"damage":18,"enemies":"Automaton","floor":33,"turns":4},{"damage":4,"enemies":"3 Shapes","floor":35,"turns":3},{"damage":7,"enemies":"Orb Walker","floor":36,"turns":3},{"damage":36,"enemies":"4 Shapes","floor":38,"turns":10},{"damage":0,"enemies":"Maw","floor":39,"turns":3},{"damage":3,"enemies":"Transient","floor":40,"turns":5},{"damage":39,"enemies":"Spire Growth","floor":44,"turns":4},{"damage":52,"enemies":"Reptomancer","floor":46,"turns":2}],"seed_played":"-2311087018575599897","potions_obtained":[{"floor":2,"key":"Swift Potion"},{"floor":4,"key":"SteroidPotion"},{"floor":18,"key":"Swift Potion"},{"floor":22,"key":"Regen Potion"},{"floor":25,"key":"ColorlessPotion"},{"floor":35,"key":"EntropicBrew"}],"is_trial":false,"path_per_floor":["M","M","$","M","?","R","E","R","T","M","R","?","M","M","R","B",null,"M","$","?","M","M","R","?","M","T","$","?","M","M","T","R","B",null,"M","M","?","M","M","M","?","$","T","M","?","E"],"character_chosen":"WATCHER","items_purchased":["PathToVictory"],"campfire_rested":1,"item_purchase_floors":[0],"current_hp_per_floor":[51,51,51,50,50,50,42,42,42,39,39,39,39,39,39,28,72,72,72,65,54,30,30,30,30,30,30,30,28,25,25,46,28,72,68,65,65,29,29,26,72,72,72,33,33,0,0],"gold":158,"neow_bonus":"","is_daily":false,"chose_seed":false,"campfire_upgraded":5,"win_rate":0.0,"timestamp":1611485603,"path_taken":["M","?","$","M","?","R","E","R","T","M","R","?","M","M","R","BOSS","M","?","?","M","?","R","?","M","T","$","?","M","M","?","R","BOSS","M","M","?","M","?","M","?","$","T","M","?","E"],"items_purchased_type":["Card"],"build_version":"2020-12-22","purchased_purges":5,"victory":false,"max_hp_per_floor":[72,72,72,72,72,72,72,72,72,72,72,72,72,72,72,72,72,72,72,72,72,72,72,72,72,72,72,72,72,72,72,72,72,72,72,72,72,72,72,72,72,72,72,72,68,68,68],"card_choices":[{"not_picked":["Adaptation","Conclude","FollowUp"],"picked":"SKIP","floor":1},{"not_picked":["FollowUp","FlurryOfBlows"],"picked":"PathToVictory","floor":2},{"not_picked":["FlyingSleeves","Tantrum","Prostrate"],"picked":"SKIP","floor":4},{"not_picked":["EmptyFist","FollowUp","Sanctity"],"picked":"SKIP","floor":7},{"not_picked":["Protect","FlyingSleeves","BowlingBash"],"picked":"SKIP","floor":10},{"not_picked":["EmptyMind","InnerPeace","Crescendo"],"picked":"SKIP","floor":13},{"not_picked":["ClearTheMind","FollowUp","Prostrate"],"picked":"SKIP","floor":14},{"not_picked":["Consecrate","Nirvana","WaveOfTheHand"],"picked":"SKIP","floor":18},{"not_picked":["EmptyMind+1","FlyingSleeves"],"picked":"PathToVictory","floor":21},{"not_picked":["ClearTheMind","Evaluate","JustLucky"],"picked":"SKIP","floor":22},{"not_picked":["EmptyFist+1","Prostrate","BowlingBash"],"picked":"SKIP","floor":25},{"not_picked":["JustLucky","FlurryOfBlows+1","Crescendo"],"picked":"SKIP","floor":29},{"not_picked":["WreathOfFlame","PathToVictory","ForeignInfluence"],"picked":"SKIP","floor":30},{"not_picked":["Sanctity","Swivel+1","FollowUp+1"],"picked":"SKIP","floor":35},{"not_picked":["Prostrate+1","BowlingBash+1","TalkToTheHand+1"],"picked":"SKIP","floor":36},{"not_picked":["EmptyMind+1","Prostrate","Vengeance"],"picked":"SKIP","floor":38},{"not_picked":["EmptyMind","Fasting2","ReachHeaven+1"],"picked":"SKIP","floor":39},{"not_picked":["FollowUp+1","Worship","Adaptation"],"picked":"SKIP","floor":40},{"not_picked":["ThirdEye","Collect","Pray"],"picked":"SKIP","floor":44}],"player_experience":185998,"relics_obtained":[],"event_choices":[{"cards_removed":["Strike_P"],"damage_healed":0,"gold_gain":0,"player_choice":"Forget","damage_taken":0,"max_hp_gain":0,"max_hp_loss":0,"event_name":"Living Wall","floor":5,"gold_loss":0},{"damage_healed":0,"gold_gain":0,"player_choice":"0 cards matched","damage_taken":0,"max_hp_gain":0,"max_hp_loss":0,"event_name":"Match and Keep!","floor":12,"gold_loss":0,"cards_obtained":[]},{"damage_healed":0,"gold_gain":0,"player_choice":"Damaged","damage_taken":7,"max_hp_gain":0,"max_hp_loss":0,"event_name":"Wheel of Change","floor":20,"gold_loss":0},{"cards_removed":["Strike_P"],"damage_healed":0,"gold_gain":0,"player_choice":"Give","damage_taken":0,"max_hp_gain":0,"max_hp_loss":0,"event_name":"betterNote:BetterNote","floor":24,"gold_loss":0,"cards_obtained":["Strike_R"]},{"damage_healed":0,"gold_gain":0,"cards_transformed":["Defend_P","Strike_P"],"player_choice":"Became Test Subject","damage_taken":0,"max_hp_gain":0,"max_hp_loss":0,"event_name":"Drug Dealer","floor":28,"gold_loss":0,"cards_obtained":["MasterReality","WreathOfFlame"]},{"damage_healed":0,"gold_gain":0,"player_choice":"0 cards matched","damage_taken":0,"max_hp_gain":0,"max_hp_loss":0,"event_name":"Match and Keep!","floor":37,"gold_loss":0,"cards_obtained":[]},{"damage_healed":46,"gold_gain":0,"player_choice":"Heal","damage_taken":0,"max_hp_gain":0,"max_hp_loss":0,"event_name":"MindBloom","floor":41,"gold_loss":0,"cards_obtained":["Doubt"]},{"damage_healed":0,"gold_gain":0,"player_choice":"Max HP","damage_taken":0,"max_hp_gain":0,"max_hp_loss":4,"event_name":"Winding Halls","floor":45,"gold_loss":0}],"is_beta":false,"boss_relics":[{"not_picked":["Snecko Eye","Philosopher\u0027s Stone","Astrolabe"]},{"not_picked":["Calling Bell","Runic Pyramid","Runic Dome"]}],"items_purged_floors":[0,3,19,27,42],"is_endless":false,"potions_floor_spawned":[2,4,7,18,22,25,35],"killed_by":"Reptomancer","ascension_level":0}}