{"host":"uv5ws9rdk87e8i5k","time":1611470625,"event":{"mods":["AchievementEnabler","BaseMod","Colored Map","Minty Spire (QoL Compilation)","StSLib","SuperFastMode"],"gold_per_floor":[111,128,141,161,161,12,40,40,121,121,154,154,171,205,205,301,301,318,334,347,360,190,190,190,190,214,214,214],"floor_reached":27,"language":"ENG","playtime":806,"items_purged":["Regret","Strike_G"],"score":389,"play_id":"8b7df2b8-fd85-48aa-898d-66fffec374c7","local_time":"20210124004345","is_ascension_mode":true,"campfire_choices":[{"data":"Bouncing Flask","floor":8.0,"key":"SMITH"},{"data":"After Image","floor":10.0,"key":"SMITH"},{"data":"Tools of the Trade","floor":15.0,"key":"SMITH"},{"data":"Venomology","floor":23,"key":"SMITH"}],"circlet_count":0,"master_deck":["Strike_G","Strike_G","Strike_G","Defend_G","Defend_G","Defend_G","Defend_G","Defend_G","Survivor","Neutralize","Blur","Deadly Poison","Outmaneuver","Bouncing Flask+1","After Image+1","Blur","Tools of the Trade+1","Bane","Burst","Venomology+1","Noxious Fumes","Crippling Poison"],"relics":["Runic Pyramid","Pocketwatch","Toy Ornithopter","White Beast Statue","Ornamental Fan","Blood Vial","Empty Cage","MealTicket"],"acts_visited":["Exordium","TheCity"],"potions_floor_usage":[20,21,24,27],"damage_taken":[{"damage":0.0,"enemies":"Small Slimes","floor":1.0,"turns":4.0},{"damage":0.0,"enemies":"2 Louse","floor":2.0,"turns":4.0},{"damage":5.0,"enemies":"Cultist","floor":3.0,"turns":4.0},{"damage":3.0,"enemies":"Blue Slaver","floor":4.0,"turns":5.0},{"damage":21.0,"enemies":"Gremlin Nob","floor":7.0,"turns":5.0},{"damage":0.0,"enemies":"Lagavulin","floor":11.0,"turns":8.0},{"damage":5.0,"enemies":"Looter","floor":13.0,"turns":4.0},{"damage":13.0,"enemies":"3 Sentries","floor":14.0,"turns":10.0},{"damage":24.0,"enemies":"The Guardian","floor":16.0,"turns":11.0},{"damage":0.0,"enemies":"Chosen","floor":18.0,"turns":5.0},{"damage":0.0,"enemies":"Spheric Guardian","floor":19.0,"turns":4.0},{"damage":17,"enemies":"Snecko","floor":20,"turns":6},{"damage":14,"enemies":"Snake Plant","floor":21,"turns":6},{"damage":0,"enemies":"Slavers","floor":24,"turns":1},{"damage":25,"enemies":"Gremlin Leader","floor":27,"turns":4}],"seed_played":"8353838847009409940","potions_obtained":[{"floor":1.0,"key":"Block Potion"},{"floor":3.0,"key":"FairyPotion"},{"floor":7.0,"key":"Regen Potion"},{"floor":11.0,"key":"DuplicationPotion"},{"floor":14.0,"key":"DistilledChaos"},{"floor":16.0,"key":"Ancient Potion"},{"floor":18.0,"key":"SteroidPotion"},{"floor":19.0,"key":"Energy Potion"},{"floor":20,"key":"Explosive Potion"}],"is_trial":false,"path_per_floor":["M","M","M","M","?","$","E","R","T","R","E","?","M","E","R","B",null,"M","M","M","M","$","R","E","?","T","E"],"character_chosen":"THE_SILENT","items_purchased":["Bouncing Flask","Crippling Poison"],"campfire_rested":0,"item_purchase_floors":[6,22],"current_hp_per_floor":[63,63,58,55,55,55,34,34,34,34,34,34,29,41,41,19,57,64,66,53,46,46,46,53,40,40,22,22],"gold":214,"neow_bonus":"BOSS_RELIC","is_daily":false,"chose_seed":false,"campfire_upgraded":4,"win_rate":0.0,"timestamp":1611470625,"path_taken":["M","M","M","M","?","$","E","R","T","R","E","?","M","E","R","BOSS","M","M","M","M","$","R","E","?","T","E"],"items_purchased_type":["Card","Card"],"build_version":"2020-12-22","purchased_purges":2,"victory":false,"max_hp_per_floor":[70,70,70,70,70,70,70,70,70,70,70,70,70,70,70,70,70,70,70,70,70,70,70,70,75,75,75,75],"card_choices":[{"not_picked":["Sucker Punch","Escape Plan"],"picked":"Blur","floor":1.0},{"not_picked":["Reflex","Backflip"],"picked":"Deadly Poison","floor":2.0},{"not_picked":["Expertise","Accuracy"],"picked":"Outmaneuver","floor":3.0},{"not_picked":["Choke","Bane"],"picked":"Slice","floor":4.0},{"not_picked":["Dagger Throw","Cloak And Dagger"],"picked":"After Image","floor":7.0},{"not_picked":["Sucker Punch","Leg Sweep"],"picked":"Blur","floor":11.0},{"not_picked":["Bane","Outmaneuver"],"picked":"Tools of the Trade","floor":13.0},{"not_picked":["Grand Finale","Tactician"],"picked":"Bane","floor":14.0},{"not_picked":["Corpse Explosion","Wraith Form v2"],"picked":"Burst","floor":16.0},{"not_picked":["Dagger Spray","Blade Dance","Backflip"],"picked":"SKIP","floor":18.0},{"not_picked":["Cloak And Dagger","Dagger Throw","Well Laid Plans+1"],"picked":"SKIP","floor":19.0},{"not_picked":["Caltrops","Escape Plan"],"picked":"Venomology","floor":20},{"not_picked":["Well Laid Plans+1","Deflect"],"picked":"Noxious Fumes","floor":21}],"player_experience":224629,"relics_obtained":[{"floor":7.0,"key":"Toy Ornithopter"},{"floor":9.0,"key":"White Beast Statue"},{"floor":11.0,"key":"Ornamental Fan"},{"floor":14.0,"key":"Blood Vial"},{"floor":26,"key":"MealTicket"}],"event_choices":[{"damage_healed":0.0,"max_hp_gain":0.0,"max_hp_loss":0.0,"gold_gain":0.0,"event_name":"Big Fish","player_choice":"Box","floor":5.0,"gold_loss":0.0,"damage_taken":0.0,"relics_obtained":["Pocketwatch"],"cards_obtained":["Regret"]},{"damage_healed":0.0,"max_hp_gain":0.0,"max_hp_loss":0.0,"gold_gain":0.0,"cards_transformed":["Slice"],"event_name":"Transmorgrifier","player_choice":"Transformed","floor":12.0,"gold_loss":0.0,"damage_taken":0.0,"cards_obtained":["Phantasmal Killer"]},{"damage_healed":0,"gold_gain":0,"player_choice":"Shed Blood","damage_taken":18,"max_hp_gain":5,"max_hp_loss":0,"event_name":"Forgotten Altar","floor":25,"gold_loss":0}],"is_beta":false,"boss_relics":[{"not_picked":["HoveringKite","Snecko Eye"],"picked":"Empty Cage"}],"items_purged_floors":[6,22],"is_endless":false,"potions_floor_spawned":[1,3,7,11,13,14,16,18,19,20,21,24],"killed_by":"Gremlin Leader","ascension_level":8}}