{"host":"d5i1qeb9dejicw1z","time":1611456688,"event":{"mods":["AchievementEnabler","BaseMod","Better Note","BetterRewards","Gold Saver","Hermit","Infinite Spire","Minty Spire (QoL Compilation)","StSLib"],"gold_per_floor":[478,493,167,97,109,109,144,158,182,182,182],"floor_reached":10,"language":"ENG","playtime":331,"items_purged":["Strike_B"],"score":129,"play_id":"dd401128-ed60-400e-8e9c-850e1320809a","local_time":"20210123185128","is_ascension_mode":true,"campfire_choices":[{"floor":6,"key":"REST"}],"circlet_count":0,"master_deck":["AscendersBane","Strike_B","Strike_B","Strike_B","Defend_B","Defend_B","Defend_B","Defend_B","Zap+1","Dualcast","Streamline","Beam Cell","Go for the Eyes","Cold Snap","Scrape"],"relics":["Cracked Core","Oddly Smooth Stone","Dream Catcher","infinitespire:Beetle Shell","infinitespire:Freezer"],"acts_visited":["Exordium"],"potions_floor_usage":[],"damage_taken":[{"damage":17,"enemies":"infinitespire:Voidling","floor":1,"turns":4},{"damage":12,"enemies":"Jaw Worm","floor":2,"turns":4},{"damage":0,"enemies":"Cultist","floor":5,"turns":3},{"damage":32,"enemies":"3 Sentries","floor":7,"turns":8},{"damage":1,"enemies":"Blue Slaver","floor":8,"turns":2},{"damage":24,"enemies":"Gremlin Nob","floor":10,"turns":3}],"seed_played":"-6578119139446217541","potions_obtained":[{"floor":5,"key":"Dexterity Potion"}],"is_trial":false,"path_per_floor":["M","M","$","?","M","R","E","M","T","E"],"character_chosen":"DEFECT","items_purchased":["Oddly Smooth Stone","Beam Cell","Go for the Eyes"],"campfire_rested":1,"item_purchase_floors":[3,3,3],"current_hp_per_floor":[47,35,35,35,35,56,24,23,23,0,0],"gold":182,"neow_bonus":"UPGRADE_CARD","is_daily":false,"chose_seed":false,"campfire_upgraded":0,"win_rate":0.0,"timestamp":1611456688,"path_taken":["M","?","$","?","M","R","E","?","T","E"],"items_purchased_type":["Relic","Card","Card"],"build_version":"2020-12-22","purchased_purges":1,"victory":false,"max_hp_per_floor":[71,71,71,71,71,71,71,71,71,71,71],"card_choices":[{"not_picked":["Barrage","Conserve Battery"],"picked":"Streamline","floor":1},{"not_picked":["Hologram","Aggregate","Barrage"],"picked":"SKIP","floor":2},{"not_picked":["Recycle","Amplify","Barrage"],"picked":"SKIP","floor":5},{"not_picked":["Compile Driver","Beam Cell"],"picked":"Cold Snap","floor":6},{"not_picked":["Streamline","Fusion"],"picked":"Scrape","floor":7},{"not_picked":["Cold Snap","Rebound","Reinforced Body"],"picked":"SKIP","floor":8}],"player_experience":1192450,"relics_obtained":[{"floor":7,"key":"infinitespire:Beetle Shell"},{"floor":9,"key":"infinitespire:Freezer"}],"event_choices":[{"damage_healed":0,"gold_gain":0,"player_choice":"Paid Gold","damage_taken":0,"relics_obtained":["Dream Catcher"],"max_hp_gain":0,"max_hp_loss":0,"event_name":"WeMeetAgain","floor":4,"gold_loss":70}],"is_beta":false,"boss_relics":[],"items_purged_floors":[3],"is_endless":false,"potions_floor_spawned":[5],"killed_by":"Gremlin Nob","ascension_level":18}}