{"host":"Jinnai","time":1611520031,"event":{"mods":["BaseMod","Bestiary","Block Reminder","Colored Map","Colored Powertips","Highlight Path","Minty Spire (QoL Compilation)","Quick Restart","Relic Stats","StSLib"],"gold_per_floor":[111,36,52,52,52,82,7,7,7,7,33,33,43,0,0,73,73,83,83,94,94,108,108,143,143,190,230,258,283,295,327,339,351,351],"floor_reached":33,"language":"ENG","playtime":1137,"items_purged":["Strike_G"],"score":718,"play_id":"502239bb-12a2-4462-9b6b-cf82afef0ff6","local_time":"20210124152711","is_ascension_mode":true,"campfire_choices":[{"data":"Dagger Spray","floor":8,"key":"SMITH"},{"data":"Corpse Explosion","floor":12,"key":"SMITH"},{"floor":15,"key":"REST"},{"data":"Burst","floor":23,"key":"SMITH"},{"floor":30,"key":"REST"},{"floor":32,"key":"REST"}],"circlet_count":0,"master_deck":["AscendersBane","Strike_G","Strike_G","Strike_G","Strike_G","Defend_G","Defend_G","Defend_G","Defend_G","Survivor","Neutralize+1","Bane+1","Dagger Spray+1","Quick Slash","Corpse Explosion+1","Sucker Punch","Burst+1","Deadly Poison+1","Noxious Fumes","Acrobatics","Backflip","Crippling Poison"],"relics":["Ring of the Snake","NeowsBlessing","Letter Opener","Thread and Needle","Unceasing Top","Runic Pyramid","Matryoshka","Anchor","Regal Pillow","MawBank","Centennial Puzzle"],"acts_visited":["Exordium","TheCity"],"potions_floor_usage":[16,22,24,24,28,33,33],"damage_taken":[{"damage":0,"enemies":"Small Slimes","floor":1,"turns":1},{"damage":0,"enemies":"2 Louse","floor":3,"turns":1},{"damage":0,"enemies":"3 Sentries","floor":6,"turns":1},{"damage":17,"enemies":"Gremlin Nob","floor":11,"turns":4},{"damage":0,"enemies":"Jaw Worm","floor":13,"turns":3},{"damage":15,"enemies":"The Guardian","floor":16,"turns":9},{"damage":6,"enemies":"3 Byrds","floor":18,"turns":2},{"damage":10,"enemies":"2 Thieves","floor":20,"turns":3},{"damage":11,"enemies":"Cultist and Chosen","floor":22,"turns":3},{"damage":3,"enemies":"Slavers","floor":24,"turns":3},{"damage":0,"enemies":"Gremlin Leader","floor":27,"turns":6},{"damage":4,"enemies":"Snake Plant","floor":28,"turns":4},{"damage":9,"enemies":"Centurion and Healer","floor":29,"turns":5},{"damage":11,"enemies":"Chosen and Byrds","floor":31,"turns":7},{"damage":76,"enemies":"Collector","floor":33,"turns":7}],"seed_played":"3271534719366132981","potions_obtained":[{"floor":1,"key":"LiquidMemories"},{"floor":13,"key":"DistilledChaos"},{"floor":19,"key":"BlessingOfTheForge"},{"floor":22,"key":"SkillPotion"},{"floor":24,"key":"Fire Potion"},{"floor":28,"key":"CultistPotion"},{"floor":29,"key":"Dexterity Potion"}],"is_trial":false,"path_per_floor":["M","?","M","?","?","E","$","R","T","?","E","R","M","?","R","B",null,"M","?","M","T","M","R","E","?","T","E","M","M","R","M","R","B"],"character_chosen":"THE_SILENT","items_purchased":[],"campfire_rested":3,"item_purchase_floors":[],"current_hp_per_floor":[59,59,59,39,44,44,44,44,44,44,27,27,27,27,48,33,62,56,56,46,46,35,35,32,26,26,26,22,13,49,38,71,0,0],"gold":351,"neow_bonus":"THREE_ENEMY_KILL","is_daily":false,"chose_seed":false,"campfire_upgraded":3,"win_rate":0.0,"timestamp":1611520031,"path_taken":["M","?","M","?","?","E","$","R","T","?","E","R","M","?","R","BOSS","M","?","?","?","?","R","E","?","T","E","?","M","R","M","R","BOSS"],"items_purchased_type":[],"build_version":"2020-12-18","purchased_purges":1,"victory":false,"max_hp_per_floor":[66,66,66,66,71,71,71,71,71,71,71,71,71,71,71,71,71,71,71,71,71,71,71,71,71,71,71,71,71,71,71,71,71,71],"relic_stats":{"Regal Pillow":27,"Centennial Puzzle":[10],"counters":[15,59],"Letter Opener":[80],"MawBank":84,"obtain_stats":[{"Anchor":24,"Regal Pillow":26,"Centennial Puzzle":27,"Matryoshka":21,"NeowsBlessing":0,"Thread and Needle":9,"Letter Opener":6,"MawBank":26,"Unceasing Top":11,"Ring of the Snake":0,"Runic Pyramid":17},{"Anchor":10,"Regal Pillow":10,"Centennial Puzzle":11,"Matryoshka":8,"NeowsBlessing":0,"Thread and Needle":3,"Letter Opener":3,"MawBank":10,"Unceasing Top":4,"Ring of the Snake":0,"Runic Pyramid":6},{"Anchor":30,"Regal Pillow":30,"Centennial Puzzle":36,"Matryoshka":24,"NeowsBlessing":0,"Thread and Needle":3,"Letter Opener":3,"MawBank":30,"Unceasing Top":7,"Ring of the Snake":0,"Runic Pyramid":19}],"Unceasing Top":[1],"Ring of the Snake":[30]},"card_choices":[{"not_picked":["Caltrops","PiercingWail"],"picked":"Bane","floor":1},{"not_picked":["Leg Sweep","Dodge and Roll"],"picked":"Dagger Spray","floor":3},{"not_picked":["Riddle With Holes","Accuracy"],"picked":"Quick Slash","floor":6},{"not_picked":["Deflect","Endless Agony"],"picked":"Corpse Explosion","floor":11},{"not_picked":["Underhanded Strike","Expertise"],"picked":"Sucker Punch","floor":13},{"not_picked":["Grand Finale","Corpse Explosion"],"picked":"Burst","floor":16},{"not_picked":["Poisoned Stab","Quick Slash"],"picked":"Deadly Poison+1","floor":18},{"not_picked":["Backstab","Underhanded Strike","Masterful Stab"],"picked":"SKIP","floor":20},{"not_picked":["Bane","Blade Dance","Poisoned Stab"],"picked":"SKIP","floor":22},{"not_picked":["Heel Hook","Night Terror"],"picked":"Noxious Fumes","floor":24},{"not_picked":["Sucker Punch","Caltrops"],"picked":"Acrobatics","floor":27},{"not_picked":["PiercingWail","Poisoned Stab"],"picked":"Backflip","floor":28},{"not_picked":["Dagger Throw","Accuracy+1","Acrobatics"],"picked":"SKIP","floor":29},{"not_picked":["Blade Dance","Backflip"],"picked":"Crippling Poison","floor":31}],"player_experience":1557751,"relics_obtained":[{"floor":6,"key":"Letter Opener"},{"floor":9,"key":"Thread and Needle"},{"floor":11,"key":"Unceasing Top"},{"floor":21,"key":"Matryoshka"},{"floor":24,"key":"Anchor"},{"floor":26,"key":"Regal Pillow"},{"floor":26,"key":"MawBank"},{"floor":27,"key":"Centennial Puzzle"}],"event_choices":[{"cards_removed":["Defend_G"],"damage_healed":0,"gold_gain":0,"player_choice":"Card Removal","damage_taken":0,"max_hp_gain":0,"max_hp_loss":0,"event_name":"The Cleric","floor":2,"gold_loss":75},{"damage_healed":0,"gold_gain":0,"player_choice":"Entered Light","damage_taken":20,"max_hp_gain":0,"max_hp_loss":0,"event_name":"Shining Light","floor":4,"gold_loss":0,"cards_upgraded":["Bane","Neutralize"]},{"damage_healed":0,"gold_gain":0,"player_choice":"Donut","damage_taken":0,"max_hp_gain":5,"max_hp_loss":0,"event_name":"Big Fish","floor":5,"gold_loss":0},{"damage_healed":0,"gold_gain":0,"player_choice":"Fled","damage_taken":0,"max_hp_gain":0,"max_hp_loss":0,"event_name":"Scrap Ooze","floor":10,"gold_loss":0},{"damage_healed":0,"gold_gain":0,"player_choice":"Left Gold","damage_taken":0,"max_hp_gain":0,"max_hp_loss":0,"event_name":"World of Goop","floor":14,"gold_loss":43},{"damage_healed":0,"gold_gain":0,"player_choice":"Got Potions","damage_taken":0,"max_hp_gain":0,"max_hp_loss":0,"event_name":"Lab","floor":19,"gold_loss":0},{"damage_healed":0,"gold_gain":0,"player_choice":"","damage_taken":6,"max_hp_gain":0,"max_hp_loss":0,"event_name":"Knowing Skull","floor":25,"potions_obtained":[],"gold_loss":0,"cards_obtained":[]}],"is_beta":true,"boss_relics":[{"not_picked":["Ring of the Serpent","Black Star"],"picked":"Runic Pyramid"}],"items_purged_floors":[7],"is_endless":false,"potions_floor_spawned":[1,13,22,24,28,29],"killed_by":"Collector","ascension_level":19}}