{"host":"1vzdexsn8vtq5lt7","time":1611504457,"event":{"mods":["Act Like it!","BaseMod","Colored Map","Colored Powertips","Conspire","Easy Mod","Energized Spire","Minty Spire (QoL Compilation)","Quick Restart","Relic Filter Mod","Relic Stats","Replay The Spire","StSLib","SuperFastMode","TestMod","The Marked","[IsaacMod]以撒尖塔","【功能Mod】Neow奖励","【功能Mod】混沌之环修复补丁","【功能Mod】精心准备","【遗物卡牌】REMEMod","没有小屋子和绿帽子啦"],"gold_per_floor":[109,124,124,135,150,150,150,150],"floor_reached":7,"language":"ZHS","playtime":273,"items_purged":[],"score":82,"play_id":"7283abc4-9d0b-4eb8-8597-432f277731cd","local_time":"20210125000737","is_ascension_mode":true,"campfire_choices":[{"data":"theMarked:OneWithTheBlade","floor":6,"key":"SMITH"}],"circlet_count":0,"master_deck":["EasyMod:card_1","AscendersBane","theMarked:Strike","theMarked:Strike","theMarked:Strike","theMarked:Strike","theMarked:Strike","theMarked:Defend","theMarked:Defend","theMarked:Defend","theMarked:Defend","theMarked:SoldierOfQuellstein","theMarked:OneWithTheBlade+1","testmod-ConditionedReflex+1"],"relics":["HushsDoor","REME_ComplimentaryCards","GuppysPaw","testmod-TimeTraveler","Black Star","testmod-EnergyCheck"],"acts_visited":["Exordium"],"potions_floor_usage":[5],"damage_taken":[{"damage":4,"enemies":"Jaw Worm","floor":1,"turns":4},{"damage":1,"enemies":"Cultist","floor":2,"turns":4},{"damage":4,"enemies":"Small Slimes","floor":4,"turns":3},{"damage":0,"enemies":"Exordium Wildlife","floor":5,"turns":1},{"damage":36,"enemies":"Gremlin Nob","floor":7,"turns":4}],"seed_played":"-3687757215546912986","potions_obtained":[{"floor":2,"key":"SpeedPotion"},{"floor":5,"key":"REME_GoldPotion"}],"is_trial":false,"path_per_floor":["M","M","?","M","M","R","E"],"character_chosen":"THE_DEFAULT","items_purchased":[],"campfire_rested":0,"item_purchase_floors":[],"current_hp_per_floor":[55,54,54,50,50,50,16,16],"gold":150,"neow_bonus":"BOSS_RELIC","is_daily":false,"chose_seed":false,"campfire_upgraded":1,"win_rate":0.0,"timestamp":1611504457,"path_taken":["M","M","?","M","M","R","E"],"items_purchased_type":[],"build_version":"2020-12-22","purchased_purges":0,"victory":false,"max_hp_per_floor":[66,66,66,66,66,66,66,66],"relic_stats":{"counters":[5,16],"Black Star":0,"obtain_stats":[{"KeepersGift":0,"theMarked:ArtifactOfAir":0,"testmod-TestBox":0,"testmod-TimeTraveler":0,"GuppysPaw":0,"Black Star":0,"HushsDoor":0,"testmod-EnergyCheck":0,"REME_ComplimentaryCards":0},{"KeepersGift":0,"theMarked:ArtifactOfAir":0,"testmod-TestBox":0,"testmod-TimeTraveler":0,"GuppysPaw":0,"Black Star":0,"HushsDoor":0,"testmod-EnergyCheck":0,"REME_ComplimentaryCards":0},{"KeepersGift":0,"theMarked:ArtifactOfAir":0,"testmod-TestBox":0,"testmod-TimeTraveler":0,"GuppysPaw":0,"Black Star":0,"HushsDoor":0,"testmod-EnergyCheck":0,"REME_ComplimentaryCards":0}]},"card_choices":[{"not_picked":[],"picked":"Bomb","floor":0},{"not_picked":["theMarked:Improvise","theMarked:TakeCover","theMarked:ContemptForTheProud"],"picked":"SKIP","floor":1},{"not_picked":["theMarked:Panic","theMarked:TwofoldDefense"],"picked":"theMarked:OneWithTheBlade","floor":2},{"not_picked":["theMarked:WardOff","theMarked:ResourceFulStrike","theMarked:ElectricStrings"],"picked":"SKIP","floor":4},{"not_picked":["theMarked:TakeCover","theMarked:Electrify","theMarked:Overthink"],"picked":"SKIP","floor":5}],"player_experience":215295,"relics_obtained":[],"event_choices":[],"is_beta":false,"boss_relics":[],"items_purged_floors":[],"is_endless":false,"potions_floor_spawned":[2,5],"killed_by":"Gremlin Nob","ascension_level":18}}