{"host":"d61fcf2p3sjwe6yo","time":1611520383,"event":{"mods":["AchievementEnabler","BaseMod","Colored Map","Downfall","Minty Spire (QoL Compilation)","StSLib","SuperFastMode"],"gold_per_floor":[99,109,151,178,192,217,217,229,260,272,172,202,221,256,280,280,280,280],"floor_reached":16,"language":"ENG","playtime":1023,"items_purged":[],"score":239,"play_id":"7f8decf6-7d35-417c-b15e-2bd59b6081ba","local_time":"20210124233303","is_ascension_mode":true,"campfire_choices":[{"floor":1,"key":"RECALL"},{"floor":11,"key":"REST"}],"circlet_count":0,"master_deck":["AscendersBane","sneckomod:Strike","sneckomod:Strike","sneckomod:Strike","sneckomod:Defend","sneckomod:Defend","sneckomod:Defend","sneckomod:TailWhip","sneckomod:SnekBite","sneckomod:Unknown","sneckomod:Unknown","sneckomod:Transmogrify","sneckomod:UnknownCommonSkill","sneckomod:UnknownCommonAttack","sneckomod:Unknown2Cost","sneckomod:UnknownBlock","sneckomod:UnknownBlock","sneckomod:Unknown1Cost","sneckomod:UnknownBlock","sneckomod:Unknown0Cost","sneckomod:UnknownRarePower+1","sneckomod:UnknownExhaust","sneckomod:UnknownBlock"],"relics":["sneckomod:SneckoSoul","Guardian:PocketSentry","Incense Burner","Frozen Egg 2","Akabeko","downfall:HeartBlessingRed","Du-Vu Doll","CeramicFish"],"acts_visited":["Exordium"],"potions_floor_usage":[6,9,16,16],"damage_taken":[{"damage":5,"enemies":"Cultist","floor":2,"turns":4},{"damage":17,"enemies":"Small Slimes","floor":3,"turns":4},{"damage":7,"enemies":"2 Louse","floor":5,"turns":5},{"damage":27,"enemies":"3 Sentries","floor":6,"turns":7},{"damage":2,"enemies":"2 Fungi Beasts","floor":8,"turns":5},{"damage":7,"enemies":"Lagavulin","floor":9,"turns":7},{"damage":8,"enemies":"Exordium Thugs","floor":10,"turns":5},{"damage":3,"enemies":"3 Sentries","floor":12,"turns":7},{"damage":3,"enemies":"Red Slaver","floor":13,"turns":2},{"damage":1,"enemies":"Lagavulin","floor":14,"turns":5},{"damage":0,"enemies":"Exordium Wildlife","floor":15,"turns":3},{"damage":34,"enemies":"SI_SHIV_ARCHETYPE","floor":16,"turns":13}],"seed_played":"-1484660834272220274","potions_obtained":[{"floor":2,"key":"AttackPotion"},{"floor":8,"key":"LiquidMemories"},{"floor":9,"key":"hexamod:SoulburnPotion"},{"floor":12,"key":"Swift Potion"}],"is_trial":false,"path_per_floor":["R","M","M","T","M","E","T","M","E","M","R","E","M","E","M","B"],"character_chosen":"THE_SNECKO","items_purchased":[],"campfire_rested":1,"item_purchase_floors":[],"current_hp_per_floor":[81,76,59,59,52,25,25,23,16,8,35,32,29,28,28,1,1,1],"gold":280,"neow_bonus":"ONE_RANDOM_RARE_CARD","is_daily":false,"chose_seed":false,"campfire_upgraded":0,"win_rate":0.0,"timestamp":1611520383,"path_taken":["R","M","M","?","M","E","T","?","E","M","R","E","M","E","M","BOSS"],"items_purchased_type":[],"build_version":"2020-12-22","purchased_purges":0,"victory":false,"max_hp_per_floor":[90,90,90,90,90,90,90,90,90,90,90,90,90,90,90,90,90,90],"card_choices":[{"not_picked":["sneckomod:IronFang","sneckomod:UnknownCommonAttack"],"picked":"sneckomod:UnknownCommonSkill","floor":2},{"not_picked":["sneckomod:UnknownCommonSkill","sneckomod:SnakeSap"],"picked":"sneckomod:UnknownCommonAttack","floor":3},{"not_picked":["sneckomod:DiceCrush","sneckomod:UnknownCommonAttack"],"picked":"sneckomod:Unknown2Cost","floor":5},{"not_picked":["sneckomod:SerpentMind","sneckomod:UnknownBoss"],"picked":"sneckomod:UnknownBlock","floor":6},{"not_picked":["sneckomod:UnknownDraw","sneckomod:ImprovisedAttack"],"picked":"sneckomod:UnknownBlock","floor":8},{"not_picked":["sneckomod:CheapStock+1","sneckomod:SoulRoll"],"picked":"sneckomod:Unknown1Cost","floor":9},{"not_picked":["sneckomod:DiceCrush","sneckomod:Nope"],"picked":"sneckomod:UnknownBlock","floor":10},{"not_picked":["sneckomod:SoulDraw","sneckomod:IronFang"],"picked":"sneckomod:Unknown0Cost","floor":12},{"not_picked":["sneckomod:SoulDraw","sneckomod:DiceBlock"],"picked":"sneckomod:UnknownRarePower+1","floor":13},{"not_picked":["sneckomod:TrashToTreasure","sneckomod:IronFang"],"picked":"sneckomod:UnknownExhaust","floor":14},{"not_picked":["sneckomod:Nope","sneckomod:DiceBlock"],"picked":"sneckomod:UnknownBlock","floor":15}],"player_experience":695751,"relics_obtained":[{"floor":4,"key":"Regal Pillow"},{"floor":5,"key":"Guardian:PocketSentry"},{"floor":6,"key":"Incense Burner"},{"floor":7,"key":"Frozen Egg 2"},{"floor":9,"key":"Akabeko"},{"floor":12,"key":"Du-Vu Doll"},{"floor":14,"key":"CeramicFish"}],"event_choices":[],"is_beta":false,"boss_relics":[],"items_purged_floors":[],"is_endless":false,"potions_floor_spawned":[2,8,9,12,14],"killed_by":"SI_SHIV_ARCHETYPE","ascension_level":12}}