{"host":"uv5ws9rdk87e8i5k","time":1611532589,"event":{"mods":["AchievementEnabler","BaseMod","Colored Map","Minty Spire (QoL Compilation)","StSLib","SuperFastMode","The Necromancer"],"gold_per_floor":[118,135,135,150,150,176,176,187,187,205,205,237,252,277,277,277,277],"floor_reached":16,"language":"ENG","playtime":501,"items_purged":[],"score":128,"play_id":"11a49b49-216c-40d4-8632-1f257fa0ccd9","local_time":"20210124175629","is_ascension_mode":true,"campfire_choices":[{"data":"Spectral_Walk","floor":7,"key":"SMITH"},{"data":"Bone_Shift","floor":15,"key":"SMITH"}],"circlet_count":0,"master_deck":["Strike_W","Strike_W","Strike_W","Defend_W","Defend_W","Defend_W","Defend_W","Negative_Energy_Arrows","Bone_Wall","Spectral_Walk+1","Whirlwind_of_Bones","Bone_Armor","Thousand_Bone_Knives","Summon_Lich+1","Spectral_Walk","Bone_Shift+1","Bone_Armor"],"relics":["Vampire_Amulet","Centennial Puzzle","InkBottle","Darkstone Periapt","Ornamental Fan","Torii","Mercury Hourglass"],"acts_visited":["Exordium"],"potions_floor_usage":[6,14,16,16],"damage_taken":[{"damage":0,"enemies":"Small Slimes","floor":1,"turns":3},{"damage":0,"enemies":"Cultist","floor":2,"turns":5},{"damage":2,"enemies":"2 Louse","floor":4,"turns":3},{"damage":4,"enemies":"3 Sentries","floor":6,"turns":6},{"damage":2,"enemies":"Large Slime","floor":8,"turns":8},{"damage":2,"enemies":"Looter","floor":10,"turns":4},{"damage":22,"enemies":"Lagavulin","floor":12,"turns":9},{"damage":7,"enemies":"3 Louse","floor":13,"turns":2},{"damage":10,"enemies":"3 Sentries","floor":14,"turns":3},{"damage":12,"enemies":"Hexaghost","floor":16,"turns":9}],"seed_played":"-6636489025129508850","potions_obtained":[{"floor":1,"key":"Fruit Juice"},{"floor":4,"key":"PowerPotion"},{"floor":10,"key":"PowerPotion"},{"floor":13,"key":"Ancient Potion"},{"floor":14,"key":"SneckoOil"}],"is_trial":false,"path_per_floor":["M","M","?","M","?","E","R","M","T","M","?","E","M","E","R","B"],"character_chosen":"NECROMANCER","items_purchased":[],"campfire_rested":0,"item_purchase_floors":[],"current_hp_per_floor":[75,75,75,75,68,70,70,72,72,72,72,52,51,47,47,35,35],"gold":277,"neow_bonus":"RANDOM_COMMON_RELIC","is_daily":false,"chose_seed":false,"campfire_upgraded":2,"win_rate":0.0,"timestamp":1611532589,"path_taken":["M","M","?","?","?","E","R","M","T","M","?","E","M","E","R","BOSS"],"items_purchased_type":[],"build_version":"2020-12-22","purchased_purges":0,"victory":false,"max_hp_per_floor":[75,75,75,75,75,75,75,75,75,75,75,75,75,75,75,75,75],"card_choices":[{"not_picked":["Siphon_Strength","Chill_Blood"],"picked":"Spectral_Walk","floor":1},{"not_picked":["Chill_Blood","Deaths_Shadow"],"picked":"Whirlwind_of_Bones","floor":2},{"not_picked":["Bones_to_Steel","Stop_Heart"],"picked":"Bone_Armor","floor":4},{"not_picked":["Acid_Javelin","Bone_Spikes"],"picked":"Thousand_Bone_Knives","floor":6},{"not_picked":["Shackles_Of_Pain","Shade_Step"],"picked":"Summon_Lich","floor":8},{"not_picked":["Shackles_Of_Pain","Negative_Energy_Bomb"],"picked":"Spectral_Walk","floor":10},{"not_picked":["Shackles_Of_Pain","Uncharnel"],"picked":"Bone_Shift","floor":12},{"not_picked":["Blood_Is_Power","Necromantic_Selection"],"picked":"Bone_Armor","floor":13},{"not_picked":["Death_March_Dance","Scare","Bone_Bullets"],"picked":"SKIP","floor":14}],"player_experience":243833,"relics_obtained":[{"floor":6,"key":"Darkstone Periapt"},{"floor":9,"key":"Ornamental Fan"},{"floor":12,"key":"Torii"},{"floor":14,"key":"Mercury Hourglass"}],"event_choices":[{"cards_removed":["Strike_W"],"damage_healed":0,"gold_gain":0,"player_choice":"Offered Basic","damage_taken":0,"max_hp_gain":0,"max_hp_loss":0,"event_name":"Bonfire Elementals","floor":3,"gold_loss":0},{"damage_healed":0,"gold_gain":0,"player_choice":"Success","damage_taken":7,"relics_obtained":["InkBottle"],"max_hp_gain":0,"max_hp_loss":0,"event_name":"Scrap Ooze","floor":5,"gold_loss":0},{"damage_healed":0,"gold_gain":0,"player_choice":"Grow","damage_taken":0,"max_hp_gain":0,"max_hp_loss":0,"event_name":"Living Wall","floor":11,"gold_loss":0,"cards_upgraded":["Summon_Lich"]}],"is_beta":false,"boss_relics":[],"items_purged_floors":[],"is_endless":false,"potions_floor_spawned":[1,4,10,13,14],"killed_by":"Hexaghost","ascension_level":1}}