{"host":"ws4mzzemcqsz5e2k","time":1611476532,"event":{"mods":["Act Like it!","BaseMod","Colored Powertips","Downfall","Minty Spire (QoL Compilation)","Quick Restart","StSLib","没有小屋子和绿帽子啦"],"gold_per_floor":[99,109,109,999999,999775,999808,999878,999889,999889,999889,999889],"floor_reached":9,"language":"ZHS","playtime":279,"items_purged":["bronze:Strike"],"score":122,"play_id":"54c66303-325e-478b-881e-01456b0126c7","local_time":"20210124162212","daily_mods":["Heirloom","downfall:Lament","Elite Swarm","Uncertain Future"],"is_ascension_mode":true,"campfire_choices":[{"floor":1,"key":"RECALL"}],"circlet_count":0,"master_deck":["AscendersBane","bronze:Strike","bronze:Strike","bronze:Strike","bronze:Defend","bronze:Defend","bronze:Defend","bronze:Defend","bronze:Replicate","bronze:Goto","bronze:Flail","bronze:BuggyMess","bronze:Hardcode"],"relics":["bronze:BronzeCore","NeowsBlessing","champ:DeflectingBracers","downfall:ShatteredFragment","Potion Belt","White Beast Statue","Toy Ornithopter"],"acts_visited":["Exordium"],"potions_floor_usage":[],"damage_taken":[{"damage":0,"enemies":"Jaw Worm","floor":2,"turns":1},{"damage":0,"enemies":"Small Slimes","floor":4,"turns":1},{"damage":0,"enemies":"downfall:FleeingMerchant","floor":5,"turns":1},{"damage":25,"enemies":"3 Sentries","floor":6,"turns":6},{"damage":0,"enemies":"2 Louse","floor":8,"turns":2},{"damage":0,"enemies":"Lagavulin","floor":9,"turns":1}],"seed_played":"-3620132012739477030","potions_obtained":[{"floor":2,"key":"Energy Potion"},{"floor":4,"key":"AttackPotion"},{"floor":6,"key":"ColorlessPotion"},{"floor":8,"key":"Dexterity Potion"}],"is_trial":true,"path_per_floor":["R","M","?","M","$","E","T","M","E"],"character_chosen":"THE_AUTOMATON","items_purchased":["Potion Belt","White Beast Statue"],"campfire_rested":0,"item_purchase_floors":[5,5],"current_hp_per_floor":[57,57,36,36,36,11,11,11,11,11,11],"gold":999889,"neow_bonus":"","is_daily":false,"chose_seed":false,"campfire_upgraded":0,"win_rate":0.0,"timestamp":1611476532,"path_taken":["R","M","?","M","$","E","T","M","E"],"items_purchased_type":["Relic","Relic"],"build_version":"2020-12-22","purchased_purges":1,"victory":false,"max_hp_per_floor":[63,63,63,63,63,63,63,63,63,63,63],"card_choices":[{"not_picked":["bronze:DarkDash","bronze:CutThrough"],"picked":"bronze:Flail","floor":2},{"not_picked":["bronze:Separator","bronze:WhirlingStrike"],"picked":"bronze:BuggyMess","floor":4},{"not_picked":["bronze:Constructor","bronze:HyperBeam"],"picked":"bronze:Hardcode","floor":5},{"not_picked":["bronze:Virus","bronze:TinkerersToolbox","bronze:ShipIt"],"picked":"SKIP","floor":6},{"not_picked":["bronze:Invalidate","bronze:ItsAFeature","bronze:WhirlingStrike"],"picked":"SKIP","floor":8}],"player_experience":1667345,"relics_obtained":[{"floor":6,"key":"Toy Ornithopter"}],"event_choices":[],"is_beta":false,"boss_relics":[],"items_purged_floors":[5],"is_endless":true,"potions_floor_spawned":[2,4,6,8],"killed_by":"Lagavulin","ascension_level":20}}