{"host":"tcdxiwht2vajk3tk","time":1611513421,"event":{"mods":["AchievementEnabler","BaseMod","Beaked The Cultist","Colored Powertips","Conspire","Defuse TimeMaze Blight","Downfall","Halation","Hermit","Hubris","Infinite Spire","Lobotomy","LobotomyExtend","Minty Spire (QoL Compilation)","Replay The Spire","Shop Mod","StSLib","The Cursed","The Disciple","vexMod"],"gold_per_floor":[99,110,125,38,55,40,40,54,87,101,101,101,130,149,166,263,263,263,274,325,325,443,443,467,467,479,512,512,412,412,462,489,601,613,625,662,703,41,41,86,110,119,140,168,213,248,248,302,330,450,450,459,485,257,278,387,505,505,528,556,580,228,258,258,301,330,449,449,449,477,352,276,298,337,387,70,99,121,165,165,193,212,259,367,385,385,235,244,169,169,169,169],"floor_reached":90,"language":"ENG","playtime":11726,"items_purged":["Pride","Normality","bronze:Verify","Wraith Form v2","sneckomod:SerpentMind"],"score":2164,"play_id":"1f34fba9-2b6c-45d9-9835-f0946835882b","local_time":"20210124133700","daily_mods":["Heirloom","Lethality"],"is_ascension_mode":false,"campfire_choices":[{"floor":1.0,"key":"DIG"},{"floor":11.0,"key":"REST"},{"floor":23.0,"key":"REST"},{"floor":25.0,"key":"REST"},{"data":"beaked:AwakenedForm","floor":29.0,"key":"SMITH"},{"floor":35.0,"key":"DIG"},{"floor":42.0,"key":"REST"},{"floor":47.0,"key":"REST"},{"data":"Echo Form","floor":64.0,"key":"SMITH"},{"floor":69.0,"key":"DIG"},{"data":"ReplayTheSpireMod:Faulty Equipment","floor":80.0,"key":"SMITH"},{"data":"hermit:Reprieve","floor":86,"key":"SMITH"}],"circlet_count":0,"master_deck":["Demon Form+1","Echo Form+1","DevaForm+1","OracleForm","Guardian:ConstructionForm","Slimebound:DuplicatedForm","beaked:AwakenedForm+1","champ:GladiatorForm","champ:Strike","champ:Strike","champ:Strike+1","champ:Strike+1","champ:Defend","champ:Defend","champ:Defend","champ:Defend+1","champ:Execute","champ:Taunt+1","champ:DefensiveShout","champ:IronFortress","champ:CrookedStrike","champ:DefensiveStyle","champ:MurderStrike","champ:VampiricStrike","champ:Shatter","champ:StanceDance+1","champ:MurderStrike","champ:TornadoPunch","champ:ShieldWall","champ:Encircle","champ:HoldFirm+1","champ:IronFortress+1","champ:PerfectedStrike","champ:ShieldWall+1","champ:Duel","champ:PerfectedStrike","champ:TornadoPunch","champ:CrookedStrike+1","ReplayTheSpireMod:IOU","CommonCold","ReplayTheSpireMod:Compounding Headache","champ:EnchantShield","champ:EnGarde","SwitchConfidence","champ:ShieldWall+1","champ:BerserkersShout+1","Sadistic Nature","Enlightenment","Midas Touch","champ:FocusedBerserking","champ:IgnorePain","Sickly","champ:FaceSlap","champ:SwordSigil","champ:PreciseThrust+1","champ:Parry","Overencumbered","champ:HeartStrike+1","hubris:Lust","champ:AdrenalArmor+1","Injury","Doubt","champ:IronFortress+1","champ:PreciseThrust+1","hubris:Despair","champ:IgnorePain","champ:Backstep","champ:BerserkersShout+1","champ:PreemptiveStrike","TheCursedMod:Dregs","Looming Evil","champ:PerfectedStrike","champ:Duel","champ:Encircle","champ:Backstep","downfall:Aged","champ:SetATrap","champ:HoldFirm","champ:BerserkersShout","Delirium","champ:EnchantSword","infinitespire:Execution","champ:Lariat","champ:BringItOn+1","TheCursedMod:Dregs","TheCursedMod:Dregs","champ:IronFortress+1","hubris:Gluttony","champ:CrookedStrike+1","Tempo","TheCursedMod:RavingStaff","downfall:Aged","CherryBlossom+1","hermit:Reprieve+1","sneckomod:UnknownStrength","downfall:Icky","SwitchConfidence","LockedLightning+1","beaked:SentriesPulse","TheCursedMod:Dregs","hexamod:FirstSeal"],"relics":["champ:ChampionCrownUpgraded","Ring of Chaos","replay:Trail_Library","champ:DeflectingBracers","Gremlin Food","LetterFromLob","ReplayTheSpireMod:Lightbulb","bronze:BronzeIdol","Akabeko","Smiling Mask","hubris:Icosahedron","Strawberry","Regal Pillow","Ice Cream","Slimebound:StickyStick","downfall:HeartBlessingGreen","SacredBark","Blue Doll","ReplayTheSpireMod:Ring of Exchange","Ring of Greed","Membership Card","vexMod:BigBerry","CeramicFish","MerchantsRug","vexMod:InvisibilityCloak","Guardian:GemstoneGun","hubris:SlimyHat","Darkstone Periapt","hubris:ScarierMask","vexMod:Spyglass","infinitespire:Broken Mirror","CloakClasp","Mercury Hourglass","Frozen Egg 2","vexMod:PaidLearning","FossilizedHelix","hubris:TerracottaHorce","ReplayTheSpireMod:Shallot","Toy Ornithopter","champ:Barbells","vexMod:PlasmaPancake","Blood Vial","PrismaticShard","infinitespire:EvilPickle","halation:Thesaurus","conspire:RoyalGoblet"],"acts_visited":["Exordium","TheCity","TheBeyond","Exordium","TheCity","TheBeyond"],"potions_floor_usage":[84],"damage_taken":[{"damage":16.0,"enemies":"Cultist","floor":2.0,"turns":4.0},{"damage":24.0,"enemies":"Jaw Worm","floor":3.0,"turns":5.0},{"damage":5.0,"enemies":"downfall:FleeingMerchant","floor":4.0,"turns":4.0},{"damage":8.0,"enemies":"Small Slimes","floor":5.0,"turns":5.0},{"damage":18.0,"enemies":"downfall:FleeingMerchant","floor":6.0,"turns":4.0},{"damage":2.0,"enemies":"Blue Slaver","floor":8.0,"turns":4.0},{"damage":9.0,"enemies":"Gremlin Nob","floor":9.0,"turns":3.0},{"damage":10.0,"enemies":"Large Slime","floor":10.0,"turns":3.0},{"damage":33.0,"enemies":"Lagavulin","floor":13.0,"turns":6.0},{"damage":14.0,"enemies":"Red Slaver","floor":14.0,"turns":3.0},{"damage":5.0,"enemies":"2 Fungi Beasts","floor":15.0,"turns":2.0},{"damage":1.0,"enemies":"DF_ARCHETYPE_STREAMLINE","floor":16.0,"turns":8.0},{"damage":27.0,"enemies":"conspire:FuzzyDice","floor":19.0,"turns":9.0},{"damage":33.0,"enemies":"Spheric Guardian","floor":22.0,"turns":5.0},{"damage":15.0,"enemies":"conspire:HollyBat","floor":26.0,"turns":5.0},{"damage":56.0,"enemies":"Nightmare","floor":27.0,"turns":6.0},{"damage":12.0,"enemies":"Cultist and Chosen","floor":32.0,"turns":5.0},{"damage":78.0,"enemies":"SI_MIRROR_ARCHETYPE","floor":33.0,"turns":7.0},{"damage":14.0,"enemies":"Orb Walker","floor":36.0,"turns":3.0},{"damage":65.0,"enemies":"3 Darklings","floor":37.0,"turns":6.0},{"damage":19.0,"enemies":"downfall:FleeingMerchant","floor":38.0,"turns":4.0},{"damage":69.0,"enemies":"Reptomancer","floor":40.0,"turns":7.0},{"damage":35.0,"enemies":"Jaw Worm Horde","floor":43.0,"turns":6.0},{"damage":36.0,"enemies":"Transient","floor":44.0,"turns":5.0},{"damage":20.0,"enemies":"Nemesis","floor":45.0,"turns":7.0},{"damage":20.0,"enemies":"Maw","floor":46.0,"turns":7.0},{"damage":10.0,"enemies":"downfall:FleeingMerchant","floor":48.0,"turns":4.0},{"damage":45.0,"enemies":"Writhing Mass","floor":49.0,"turns":5.0},{"damage":123.0,"enemies":"WA_ARCHETYPE_DIVINITY","floor":50.0,"turns":7.0},{"damage":15.0,"enemies":"conspire:RoseBush","floor":53.0,"turns":2.0},{"damage":7.0,"enemies":"Jaw Worm","floor":55.0,"turns":2.0},{"damage":16.0,"enemies":"Jaw Worm","floor":57.0,"turns":3.0},{"damage":0.0,"enemies":"Cultist","floor":59.0,"turns":2.0},{"damage":5.0,"enemies":"2 Fungi Beasts","floor":60.0,"turns":1.0},{"damage":15.0,"enemies":"Blue Slaver","floor":61.0,"turns":2.0},{"damage":10.0,"enemies":"Gremlin Gang","floor":63.0,"turns":2.0},{"damage":0.0,"enemies":"Replay:BlueRogue","floor":65.0,"turns":3.0},{"damage":6.0,"enemies":"Large Slime","floor":66.0,"turns":3.0},{"damage":22.0,"enemies":"Fading Forest","floor":67.0,"turns":8.0},{"damage":5.0,"enemies":"conspire:FuzzyDice","floor":70.0,"turns":2.0},{"damage":30.0,"enemies":"Shelled Parasite and Fungi","floor":73.0,"turns":2.0},{"damage":0.0,"enemies":"3 Cultists","floor":74.0,"turns":2.0},{"damage":27.0,"enemies":"Book of Stabbing","floor":75.0,"turns":4.0},{"damage":33.0,"enemies":"conspire:HollyBat","floor":77.0,"turns":9.0},{"damage":10.0,"enemies":"Centurion and Healer","floor":78.0,"turns":2.0},{"damage":103.0,"enemies":"Nightmare","floor":79.0,"turns":5.0},{"damage":5.0,"enemies":"Shelled Parasite and Fungi","floor":81.0,"turns":3.0},{"damage":15.0,"enemies":"Snecko","floor":82.0,"turns":2.0},{"damage":0,"enemies":"Centurion and Healer","floor":83,"turns":3},{"damage":87,"enemies":"Pondfish","floor":84,"turns":7}],"seed_played":"7720536505366941602","potions_obtained":[{"floor":5.0,"key":"Explosive Potion"},{"floor":8.0,"key":"SteroidPotion"},{"floor":9.0,"key":"champ:OpenerPotion"},{"floor":13.0,"key":"FearPotion"},{"floor":15.0,"key":"bronze:BurnAndBuffPotion"},{"floor":16.0,"key":"SkillPotion"},{"floor":27.0,"key":"sneckomod:MuddlingPotion"},{"floor":33.0,"key":"Adrenaline Potion"},{"floor":37.0,"key":"Weak Potion"},{"floor":38.0,"key":"Guardian:BlockOnCardUsePotion"},{"floor":40.0,"key":"Weak Potion"},{"floor":49.0,"key":"champ:TechniquePotion"},{"floor":50.0,"key":"BlessingOfTheForge"},{"floor":59.0,"key":"Toxic Potion"},{"floor":60.0,"key":"Explosive Potion"},{"floor":61.0,"key":"ColorlessPotion"},{"floor":63.0,"key":"Regen Potion"},{"floor":66.0,"key":"Adrenaline Potion"},{"floor":70.0,"key":"PowerPotion"},{"floor":73.0,"key":"Guardian:BlockOnCardUsePotion"},{"floor":81.0,"key":"AttackPotion"},{"floor":83,"key":"Energy Potion"}],"is_trial":true,"path_per_floor":["R","M","M","$","M","$","T","M","E","M","R","?","E","M","M","B",null,"R","M","T","?","M","R","T","R","M","NM","?","R","AVR","?","M","B",null,"R","M","M","$","?","E","T","R","M","M","E","M","R","$","M","B",null,"R","M","$","M","?","?","T","M","M","M","$","M","R","E","M","B",null,"R","M","$","$","M","M","E","$","M","M","NM","R","M","M","M","B",null,"R","?","?","$","?"],"character_chosen":"THE_CHAMP","items_purchased":["champ:DefensiveStyle","MerchantsRug","vexMod:InvisibilityCloak","ReplayTheSpireMod:ShopPack","Tiny House","champ:IgnorePain","Darkstone Periapt","halation:BottledHappiness","Whetstone","vexMod:Spyglass","infinitespire:Broken Mirror","Frozen Egg 2","vexMod:PaidLearning","FossilizedHelix","Toy Ornithopter","champ:Barbells","vexMod:PlasmaPancake","Blood Vial","PrismaticShard","halation:Thesaurus"],"campfire_rested":5,"item_purchase_floors":[4,38,38,38,38,38,48,48,48,54,54,62,62,62,71,72,76,76,76,89],"current_hp_per_floor":[90,74,60,55,47,29,29,27,18,18,45,38,15,11,6,5,90,90,63,70,70,37,66,66,97,97,81,81,81,81,81,69,31,127,127,123,78,74,74,13,13,67,37,37,37,47,101,101,66,34,138,138,138,138,138,144,144,144,144,144,150,150,156,156,156,155,162,162,162,162,162,162,162,174,177,183,186,186,189,189,192,192,204,176,203,203,220,220,220,0,0,0],"gold":169,"neow_bonus":"","is_daily":false,"chose_seed":false,"campfire_upgraded":4,"win_rate":0.0,"timestamp":1611513420,"path_taken":["R","M","M","?","?","$","T","M","E","M","R","?","E","M","M","BOSS","R","M","?","?","M","R","T","R","M","NM","?","R","AVR","?","M","BOSS","R","M","M","$","?","E","T","R","M","M","E","M","R","$","M","BOSS","R","M","$","M","?","?","T","M","M","M","$","M","R","E","M","BOSS","R","M","?","?","M","M","E","$","?","M","NM","R","M","?","M","BOSS","R","?","?","?","?"],"items_purchased_type":["Card","Relic","Relic","Relic","Relic","Card","Relic","Relic","Relic","Relic","Relic","Relic","Relic","Relic","Relic","Relic","Relic","Relic","Relic","Relic"],"build_version":"2020-12-22","purchased_purges":5,"victory":false,"max_hp_per_floor":[90,90,90,90,90,90,90,90,90,90,90,90,90,90,90,90,90,90,90,97,97,97,97,97,97,97,97,97,97,97,97,97,97,127,127,127,127,132,132,132,132,132,132,132,132,132,132,132,132,138,138,138,138,138,138,144,150,150,150,150,150,150,156,156,156,156,162,162,162,162,162,162,162,174,180,186,186,186,192,192,192,192,204,204,210,210,220,220,220,220,220,220],"card_choices":[{"not_picked":["champ:DeathBlow","champ:CrownThrow"],"picked":"champ:DefensiveShout","floor":2.0},{"not_picked":["champ:BringItOn","champ:CrownThrow"],"picked":"champ:IronFortress","floor":3.0},{"not_picked":["champ:EnGarde","champ:ShieldSigil"],"picked":"champ:CrookedStrike","floor":4.0},{"not_picked":["champ:StanceDance","champ:Backstep"],"picked":"champ:MurderStrike","floor":5.0},{"not_picked":["champ:CalledShot","champ:StanceDance"],"picked":"champ:VampiricStrike","floor":6.0},{"not_picked":["champ:Haymaker","champ:BerserkersShout"],"picked":"champ:Shatter","floor":8.0},{"not_picked":["champ:BringItOn","champ:Encircle"],"picked":"champ:StanceDance","floor":9.0},{"not_picked":["champ:RapidStrikes","champ:Backstep"],"picked":"champ:MurderStrike","floor":10.0},{"not_picked":["champ:RageSigil","champ:SkillfulDodge"],"picked":"champ:TornadoPunch","floor":13.0},{"not_picked":["champ:Haymaker","champ:Endure"],"picked":"champ:ShieldWall","floor":14.0},{"not_picked":["champ:GutPunch","champ:RapidStrikes"],"picked":"champ:Encircle","floor":15.0},{"not_picked":["champ:EnchantSword","champ:VampiricStrike"],"picked":"champ:HoldFirm","floor":16.0},{"not_picked":["champ:BladeFlurry","champ:DefensiveShout+1"],"picked":"champ:IronFortress","floor":19.0},{"not_picked":["champ:EndlessRage","champ:BladeFlurry+1"],"picked":"champ:ShieldWall+1","floor":22.0},{"not_picked":["champ:FancyFootwork+1","champ:RageSigil"],"picked":"champ:PerfectedStrike","floor":26.0},{"not_picked":["champ:CrookedStrike","champ:EnGarde"],"picked":"champ:TornadoPunch","floor":27.0},{"not_picked":["champ:GladiatorStyle","champ:TornadoPunch"],"picked":"champ:CrookedStrike","floor":32.0},{"not_picked":["champ:Devastate","champ:StrikeOfGenius"],"picked":"champ:EnchantShield","floor":33.0},{"not_picked":["champ:CrownThrow","champ:BladeFlurry+1"],"picked":"champ:EnGarde","floor":36.0},{"not_picked":["champ:StanceDance","champ:DeathBlow"],"picked":"champ:ShieldWall","floor":37.0},{"not_picked":["champ:Haymaker+1","champ:RapidStrikes+1"],"picked":"champ:BerserkersShout+1","floor":38.0},{"not_picked":["hubris:EnhanceAbility","The Bomb"],"picked":"Sadistic Nature","floor":38.0},{"not_picked":["hubris:Insight","hubris:Ssssneak"],"picked":"Enlightenment","floor":38.0},{"not_picked":["Replay:Bootleg Shield Generator","Replay:Sssssssssstrike"],"picked":"Midas Touch","floor":38.0},{"not_picked":["champ:BerserkersShout+1","champ:GutPunch+1"],"picked":"champ:FocusedBerserking","floor":38.0},{"not_picked":["champ:Circumvent+1","champ:PerfectedStrike"],"picked":"champ:FaceSlap","floor":40.0},{"not_picked":["champ:ShieldSlam+1","champ:CrownThrow+1"],"picked":"champ:PreciseThrust+1","floor":43.0},{"not_picked":["champ:FancyFootwork","champ:CrownThrow+1"],"picked":"champ:Parry","floor":44.0},{"not_picked":["champ:BringItOn+1","champ:BladeFlurry+1"],"picked":"champ:HeartStrike+1","floor":45.0},{"not_picked":["champ:SkillfulDodge","champ:BerserkersShout"],"picked":"champ:AdrenalArmor+1","floor":46.0},{"not_picked":["champ:Parry+1","champ:AdrenalArmor+1"],"picked":"champ:IronFortress+1","floor":48.0},{"not_picked":["champ:EnchantShield","champ:ShieldSlam+1"],"picked":"champ:PreciseThrust+1","floor":49.0},{"not_picked":["champ:CheapShot","champ:TripleStrike"],"picked":"champ:IgnorePain","floor":50.0},{"not_picked":["champ:RapidStrikes","champ:ShieldSigil"],"picked":"champ:BerserkersShout","floor":53.0},{"not_picked":["champ:EnGarde","champ:AdrenalArmor"],"picked":"champ:PreemptiveStrike","floor":55.0},{"not_picked":["champ:BerserkerStyle","champ:AdrenalArmor"],"picked":"champ:PerfectedStrike","floor":57.0},{"not_picked":["champ:CrookedStrike","champ:ShieldWall"],"picked":"champ:Duel","floor":59.0},{"not_picked":["champ:Circumvent","champ:EnragedBash"],"picked":"champ:Encircle","floor":60.0},{"not_picked":["champ:Encircle","champ:FanOfKnives"],"picked":"champ:Backstep","floor":61.0},{"not_picked":["champ:Shatter","champ:BringItOn"],"picked":"champ:SetATrap","floor":63.0},{"not_picked":["champ:RageSigil","champ:Duel"],"picked":"champ:HoldFirm","floor":65.0},{"not_picked":["champ:EnGarde","champ:ArenaPreparation"],"picked":"champ:BerserkersShout","floor":66.0},{"not_picked":["champ:Devastate","champ:VampiricStrike"],"picked":"champ:EnchantSword","floor":67.0},{"not_picked":["infinitespire:SevenWalls","infinitespire:Menacing"],"picked":"infinitespire:Execution","floor":70.0},{"not_picked":["champ:CrownThrow","champ:ViciousMockery"],"picked":"champ:Lariat","floor":70.0},{"not_picked":["champ:CrookedStrike","champ:BladeFlurry"],"picked":"champ:BringItOn+1","floor":73.0},{"not_picked":["champ:TripleStrike","champ:PerfectedStrike"],"picked":"champ:IronFortress+1","floor":74.0},{"not_picked":["champ:EnGarde","champ:PerfectedStrike"],"picked":"champ:CrookedStrike+1","floor":75.0},{"not_picked":["champ:Backstep+1","Engulf"],"picked":"Tempo","floor":77.0},{"not_picked":["Beam Cell","beaked:DesperateSwing"],"picked":"TheCursedMod:RavingStaff","floor":78.0},{"not_picked":["hexamod:ShieldOfDarkness","hexamod:SpectralAdrenaline"],"picked":"CherryBlossom+1","floor":79.0},{"not_picked":["Slimebound:GoopTackle","bronze:CutThrough+1"],"picked":"hermit:Reprieve","floor":81.0},{"not_picked":["JustLucky+1","TheCursedMod:AbyssShockwave"],"picked":"sneckomod:UnknownStrength","floor":82.0},{"not_picked":["Blade Dance+1","beaked:Negation"],"picked":"LockedLightning+1","floor":83},{"not_picked":["Corruption+1","Tools of the Trade+1"],"picked":"beaked:AwakenedForm+1","floor":84}],"player_experience":1622224,"relics_obtained":[{"floor":1.0,"key":"Gremlin Food"},{"floor":2.0,"key":"LetterFromLob"},{"floor":7.0,"key":"ReplayTheSpireMod:Lightbulb"},{"floor":9.0,"key":"bronze:BronzeIdol"},{"floor":13.0,"key":"Smiling Mask"},{"floor":20.0,"key":"Strawberry"},{"floor":24.0,"key":"Regal Pillow"},{"floor":27.0,"key":"Ice Cream"},{"floor":31.0,"key":"ReplayTheSpireMod:Ring of Exchange"},{"floor":31.0,"key":"Ring of Greed"},{"floor":31.0,"key":"MawBank"},{"floor":31.0,"key":"Membership Card"},{"floor":35.0,"key":"CeramicFish"},{"floor":40.0,"key":"Guardian:GemstoneGun"},{"floor":41.0,"key":"hubris:SlimyHat"},{"floor":45.0,"key":"Potion Belt"},{"floor":57.0,"key":"CloakClasp"},{"floor":58.0,"key":"Mercury Hourglass"},{"floor":69.0,"key":"ReplayTheSpireMod:Shallot"}],"event_choices":[{"damage_healed":0.0,"max_hp_gain":0.0,"max_hp_loss":0.0,"gold_gain":0.0,"event_name":"Scrap Ooze","player_choice":"Success","floor":12.0,"gold_loss":0.0,"damage_taken":7.0,"relics_obtained":["Akabeko"]},{"damage_healed":0.0,"max_hp_gain":0.0,"max_hp_loss":0.0,"gold_gain":0.0,"event_name":"Ghosts","player_choice":"Ignored","floor":21.0,"gold_loss":0.0,"damage_taken":0.0},{"damage_healed":0.0,"max_hp_gain":0.0,"max_hp_loss":0.0,"gold_gain":0.0,"event_name":"Addict","player_choice":"Stole Relic","floor":28.0,"gold_loss":0.0,"damage_taken":0.0,"relics_obtained":["Slimebound:StickyStick"],"cards_obtained":["Pride"]},{"cards_removed":["beaked:AwakenedForm"],"damage_healed":0,"gold_gain":0,"player_choice":"Took Card","damage_taken":0,"max_hp_gain":0,"max_hp_loss":0,"event_name":"NoteForYourself","floor":88,"gold_loss":0,"cards_obtained":["hexamod:FirstSeal"]}],"is_beta":false,"boss_relics":[{"not_picked":["Kintsugi","vexMod:CursedCompass"],"picked":"champ:ChampionCrownUpgraded"},{"not_picked":["Calling Bell","halation:TrafficLight"],"picked":"vexMod:BigBerry"},{"not_picked":["Ring of Chaos","ReplayTheSpireMod:EnergyBall"],"picked":"hubris:ScarierMask"},{"not_picked":["hubris:CrackedHourglass","halation:SmartPhone"],"picked":"hubris:TerracottaHorce"},{"not_picked":["halation:PlatinumPhoenix","Tiny House"],"picked":"beaked:SacredDeck"}],"items_purged_floors":[30,48,54,71,76],"is_endless":true,"potions_floor_spawned":[5,8,9,13,15,16,27,33,37,40,49,50,59,60,61,63,66,70,73,74,81,83],"ascension_level":0}}