{"host":"hwrdjx5eod2cxh09","time":1611490318,"event":{"mods":["AchievementEnabler","BaseMod","Bestiary","Minty Spire (QoL Compilation)","Relic Stats"],"gold_per_floor":[116,116,116,130,80,106,106,138,138,154,182,59,78,105,105,201,201,221,136,150,170,170,170,195,195,195,223,238,250,280,280,280,381,381,393,441,454,474,484,512,562,562,562,591,591,317,317,329,329,329,329,329,49,75,75,75],"floor_reached":55,"language":"ENG","playtime":3718,"items_purged":["Strike_B","Strike_B"],"score":932,"play_id":"bf74aa53-8046-405a-a7db-b21ad48aa3fd","local_time":"20210124211158","is_ascension_mode":true,"campfire_choices":[{"data":"Multi-Cast","floor":7.0,"key":"SMITH"},{"data":"Zap","floor":15.0,"key":"SMITH"},{"data":"Fission","floor":23.0,"key":"SMITH"},{"data":"Dualcast","floor":25.0,"key":"SMITH"},{"data":"Redo","floor":32.0,"key":"SMITH"},{"floor":49.0,"key":"RECALL"},{"floor":52.0,"key":"DIG"}],"circlet_count":0,"master_deck":["Strike_B","Defend_B+1","Defend_B","Defend_B","Defend_B","Zap+1","Dualcast+1","Sweeping Beam+1","Steam","Multi-Cast+1","Cold Snap","Melter","Darkness","Fission+1","Ball Lightning+1","Compile Driver","Buffer+1","Go for the Eyes+1","Redo+1","Creative AI+1","Coolheaded","Lockon+1","Reboot","Echo Form+1","Capacitor+1","Bandage Up","Shame","Cold Snap+1","Capacitor+1","Seek"],"relics":["Cracked Core","NeowsBlessing","Ornamental Fan","Vajra","Anchor","Akabeko","Gremlin Horn","Cursed Key","Letter Opener","Frozen Egg 2","Molten Egg 2","Bronze Scales","Fusion Hammer","Shovel","Dead Branch","Turnip","Smiling Mask","Chemical X","Pear","Membership Card","Pantograph","Kunai"],"acts_visited":["Exordium","TheCity","TheBeyond","TheEnding"],"potions_floor_usage":[55,55,55],"damage_taken":[{"damage":0.0,"enemies":"Small Slimes","floor":1.0,"turns":1.0},{"damage":0.0,"enemies":"Jaw Worm","floor":4.0,"turns":1.0},{"damage":0.0,"enemies":"3 Sentries","floor":6.0,"turns":1.0},{"damage":7.0,"enemies":"Lagavulin","floor":8.0,"turns":7.0},{"damage":0.0,"enemies":"Cultist","floor":10.0,"turns":3.0},{"damage":7.0,"enemies":"3 Sentries","floor":11.0,"turns":6.0},{"damage":0.0,"enemies":"Large Slime","floor":13.0,"turns":4.0},{"damage":10.0,"enemies":"Gremlin Nob","floor":14.0,"turns":3.0},{"damage":25.0,"enemies":"Slime Boss","floor":16.0,"turns":5.0},{"damage":1.0,"enemies":"Shell Parasite","floor":18.0,"turns":3.0},{"damage":0.0,"enemies":"3 Byrds","floor":20.0,"turns":3.0},{"damage":2.0,"enemies":"Snecko","floor":21.0,"turns":4.0},{"damage":0.0,"enemies":"Book of Stabbing","floor":24.0,"turns":4.0},{"damage":14.0,"enemies":"Gremlin Leader","floor":27.0,"turns":4.0},{"damage":2.0,"enemies":"Shelled Parasite and Fungi","floor":28.0,"turns":2.0},{"damage":0.0,"enemies":"Cultist and Chosen","floor":29.0,"turns":3.0},{"damage":0.0,"enemies":"Slavers","floor":30.0,"turns":3.0},{"damage":18.0,"enemies":"Champ","floor":33.0,"turns":12.0},{"damage":8.0,"enemies":"3 Darklings","floor":35.0,"turns":3.0},{"damage":0.0,"enemies":"2 Orb Walkers","floor":36.0,"turns":5.0},{"damage":0.0,"enemies":"Orb Walker","floor":37.0,"turns":2.0},{"damage":0.0,"enemies":"Writhing Mass","floor":38.0,"turns":5.0},{"damage":18.0,"enemies":"Jaw Worm Horde","floor":39.0,"turns":3.0},{"damage":0.0,"enemies":"Giant Head","floor":40.0,"turns":7.0},{"damage":22.0,"enemies":"Mind Bloom Boss Battle","floor":41.0,"turns":6.0},{"damage":0.0,"enemies":"Reptomancer","floor":44.0,"turns":5.0},{"damage":17.0,"enemies":"3 Darklings","floor":48.0,"turns":4.0},{"damage":42.0,"enemies":"Donu and Deca","floor":50.0,"turns":9.0},{"damage":63.0,"enemies":"Shield and Spear","floor":54.0,"turns":6.0},{"damage":81,"enemies":"The Heart","floor":55,"turns":3}],"seed_played":"-3066230413200515596","potions_obtained":[{"floor":6.0,"key":"FearPotion"},{"floor":10.0,"key":"ColorlessPotion"},{"floor":11.0,"key":"EntropicBrew"},{"floor":13.0,"key":"LiquidMemories"},{"floor":14.0,"key":"DuplicationPotion"},{"floor":22.0,"key":"PotionOfCapacity"},{"floor":37.0,"key":"PowerPotion"},{"floor":40.0,"key":"FocusPotion"}],"is_trial":false,"path_per_floor":["M","?","?","M","?","E","R","E","T","M","E","$","M","E","R","B",null,"M","?","M","M","?","R","E","R","T","E","M","M","E","?","R","B",null,"M","?","M","M","M","E","?","?","T","E","?","$","?","M","R","B",null,"R","$","E","B"],"character_chosen":"DEFECT","items_purchased":["FocusPotion","Chemical X","Capacitor+1","Membership Card","Pantograph"],"campfire_rested":0,"item_purchase_floors":[12,46,46,53,53],"current_hp_per_floor":[75,60,60,60,60,60,60,53,53,53,46,46,46,36,36,11,75,74,74,74,72,72,72,72,72,72,58,56,56,56,42,42,24,80,72,72,72,72,54,54,32,32,32,36,70,70,66,49,49,11,66,76,76,17,0,0],"gold":75,"neow_bonus":"THREE_ENEMY_KILL","is_daily":false,"chose_seed":false,"campfire_upgraded":5,"win_rate":0.0,"timestamp":1611490318,"path_taken":["M","?","?","M","?","E","R","E","T","M","E","$","M","E","R","BOSS","M","?","M","M","?","R","E","R","T","E","M","?","E","?","R","BOSS","M","?","M","M","M","E","?","?","T","E","?","$","?","M","R","BOSS","R","$","E","BOSS"],"items_purchased_type":["Potion","Relic","Card","Relic","Relic"],"build_version":"2020-12-22","purchased_purges":2,"victory":false,"max_hp_per_floor":[75,75,75,75,75,75,75,75,75,75,75,75,75,75,75,75,75,75,75,75,75,75,75,75,75,75,75,75,75,75,80,80,80,80,80,80,80,80,80,80,80,80,80,80,70,70,66,66,66,66,66,76,76,76,76,76],"relic_stats":{"Gremlin Horn":[22,22],"counters":[30,127],"Dead Branch":[19],"Letter Opener":[216],"Cursed Key":1,"Smiling Mask":50,"Shovel":1,"Ornamental Fan":[156],"Bronze Scales":[234],"Pantograph":25,"Turnip":[5],"Chemical X":[3],"Kunai":[0],"obtain_stats":[{"Pear":52,"NeowsBlessing":0,"Gremlin Horn":14,"Dead Branch":40,"Vajra":8,"Letter Opener":19,"Frozen Egg 2":24,"Cursed Key":17,"Smiling Mask":44,"Akabeko":11,"Anchor":9,"Shovel":36,"Ornamental Fan":6,"Bronze Scales":30,"Pantograph":53,"Molten Egg 2":27,"Fusion Hammer":34,"Turnip":41,"Chemical X":46,"Membership Card":53,"Kunai":54,"Cracked Core":0},{"Pear":28,"NeowsBlessing":0,"Gremlin Horn":8,"Dead Branch":24,"Vajra":4,"Letter Opener":10,"Frozen Egg 2":13,"Cursed Key":9,"Smiling Mask":26,"Akabeko":6,"Anchor":4,"Shovel":20,"Ornamental Fan":3,"Bronze Scales":17,"Pantograph":28,"Molten Egg 2":14,"Fusion Hammer":18,"Turnip":25,"Chemical X":26,"Membership Card":28,"Kunai":29,"Cracked Core":0},{"Pear":118,"NeowsBlessing":0,"Gremlin Horn":26,"Dead Branch":94,"Vajra":10,"Letter Opener":34,"Frozen Egg 2":45,"Cursed Key":31,"Smiling Mask":105,"Akabeko":19,"Anchor":10,"Shovel":77,"Ornamental Fan":3,"Bronze Scales":57,"Pantograph":118,"Molten Egg 2":49,"Fusion Hammer":69,"Turnip":100,"Chemical X":105,"Membership Card":118,"Kunai":124,"Cracked Core":0}]},"card_choices":[{"not_picked":["Barrage","Double Energy"],"picked":"Sweeping Beam","floor":1.0},{"not_picked":["Redo","Leap"],"picked":"Steam","floor":4.0},{"not_picked":["FTL","Scrape"],"picked":"Multi-Cast","floor":6.0},{"not_picked":["Heatsinks","Gash","Reprogram"],"picked":"SKIP","floor":8.0},{"not_picked":["Stack","Ball Lightning"],"picked":"Cold Snap","floor":10.0},{"not_picked":["Hologram","Streamline"],"picked":"Melter","floor":11.0},{"not_picked":["Coolheaded","Stack"],"picked":"Darkness","floor":13.0},{"not_picked":["Hello World","Reprogram","Rebound"],"picked":"SKIP","floor":14.0},{"not_picked":["Buffer","Machine Learning"],"picked":"Fission","floor":16.0},{"not_picked":["Gash","Rebound"],"picked":"Ball Lightning+1","floor":18.0},{"not_picked":["Blizzard","FTL"],"picked":"Compile Driver","floor":20.0},{"not_picked":["Ball Lightning","Streamline","Stack+1"],"picked":"SKIP","floor":21.0},{"not_picked":["Rebound","Genetic Algorithm","Reprogram+1"],"picked":"SKIP","floor":24.0},{"not_picked":["Ball Lightning+1","Conserve Battery"],"picked":"Buffer+1","floor":27.0},{"not_picked":["Barrage+1","Streamline+1"],"picked":"Go for the Eyes+1","floor":28.0},{"not_picked":["Beam Cell+1","Conserve Battery","Sweeping Beam+1"],"picked":"SKIP","floor":29.0},{"not_picked":["Stack+1","Doom and Gloom+1"],"picked":"Redo","floor":30.0},{"not_picked":["Multi-Cast","Buffer+1"],"picked":"Creative AI+1","floor":33.0},{"not_picked":["Rebound+1","Self Repair+1"],"picked":"Coolheaded","floor":35.0},{"not_picked":["Barrage+1","Auto Shields+1"],"picked":"Lockon+1","floor":37.0},{"not_picked":["Sunder+1","Rebound+1"],"picked":"Reboot","floor":38.0},{"not_picked":["Cold Snap+1","Ball Lightning+1","Stack"],"picked":"SKIP","floor":39.0},{"not_picked":["Steam+1","Fusion"],"picked":"Echo Form+1","floor":40.0},{"not_picked":["Rebound+1","Streamline+1"],"picked":"Capacitor+1","floor":41.0},{"not_picked":["Good Instincts","Madness"],"picked":"Bandage Up","floor":42.0},{"not_picked":["Streamline+1","Sweeping Beam+1"],"picked":"Cold Snap+1","floor":44.0},{"not_picked":["Redo","Genetic Algorithm+1","Auto Shields"],"picked":"SKIP","floor":48.0},{"not_picked":["Conserve Battery+1","Leap"],"picked":"Seek","floor":54.0}],"player_experience":274240,"relics_obtained":[{"floor":6.0,"key":"Ornamental Fan"},{"floor":8.0,"key":"Vajra"},{"floor":9.0,"key":"Anchor"},{"floor":11.0,"key":"Akabeko"},{"floor":14.0,"key":"Gremlin Horn"},{"floor":24.0,"key":"Frozen Egg 2"},{"floor":27.0,"key":"Molten Egg 2"},{"floor":30.0,"key":"Bronze Scales"},{"floor":36.0,"key":"Shovel"},{"floor":40.0,"key":"Dead Branch"},{"floor":41.0,"key":"Turnip"},{"floor":44.0,"key":"Smiling Mask"},{"floor":52.0,"key":"Pear"},{"floor":54.0,"key":"Kunai"}],"event_choices":[{"damage_healed":0.0,"max_hp_gain":0.0,"max_hp_loss":0.0,"gold_gain":0.0,"event_name":"Shining Light","player_choice":"Entered Light","floor":2.0,"gold_loss":0.0,"damage_taken":15.0,"cards_upgraded":["Sweeping Beam","Defend_B"]},{"damage_healed":0.0,"max_hp_gain":0.0,"max_hp_loss":0.0,"gold_gain":0.0,"event_name":"Liars Game","player_choice":"Ignored","floor":3.0,"gold_loss":0.0,"damage_taken":0.0},{"cards_removed":["Strike_B"],"damage_healed":0.0,"max_hp_gain":0.0,"max_hp_loss":0.0,"gold_gain":0.0,"event_name":"The Cleric","player_choice":"Card Removal","floor":5.0,"gold_loss":50.0,"damage_taken":0.0},{"damage_healed":0.0,"max_hp_gain":0.0,"max_hp_loss":0.0,"gold_gain":0.0,"event_name":"Addict","player_choice":"Obtained Relic","floor":19.0,"gold_loss":85.0,"damage_taken":0.0,"relics_obtained":["Letter Opener"]},{"damage_healed":0.0,"max_hp_gain":0.0,"max_hp_loss":0.0,"gold_gain":0.0,"event_name":"Lab","player_choice":"Got Potions","floor":22.0,"gold_loss":0.0,"damage_taken":0.0},{"damage_healed":0.0,"max_hp_gain":5.0,"max_hp_loss":0.0,"gold_gain":0.0,"event_name":"Forgotten Altar","player_choice":"Shed Blood","floor":31.0,"gold_loss":0.0,"damage_taken":19.0},{"damage_healed":0.0,"max_hp_gain":0.0,"max_hp_loss":0.0,"gold_gain":0.0,"event_name":"Mysterious Sphere","player_choice":"Fight","floor":36.0,"gold_loss":0.0,"damage_taken":0.0},{"damage_healed":0.0,"max_hp_gain":0.0,"max_hp_loss":0.0,"gold_gain":0.0,"event_name":"MindBloom","player_choice":"Fight","floor":41.0,"gold_loss":0.0,"damage_taken":0.0},{"damage_healed":0.0,"max_hp_gain":0.0,"max_hp_loss":0.0,"gold_gain":0.0,"event_name":"SensoryStone","player_choice":"Memory 1","floor":42.0,"gold_loss":0.0,"damage_taken":0.0},{"damage_healed":70.0,"max_hp_gain":0.0,"max_hp_loss":10.0,"gold_gain":0.0,"event_name":"The Moai Head","player_choice":"Heal","floor":45.0,"gold_loss":0.0,"damage_taken":0.0},{"damage_healed":0.0,"max_hp_gain":0.0,"max_hp_loss":4.0,"gold_gain":0.0,"event_name":"Winding Halls","player_choice":"Max HP","floor":47.0,"gold_loss":0.0,"damage_taken":0.0}],"is_beta":false,"boss_relics":[{"not_picked":["Runic Dome","Coffee Dripper"],"picked":"Cursed Key"},{"not_picked":["Philosopher\u0027s Stone","Black Star"],"picked":"Fusion Hammer"}],"items_purged_floors":[12,46],"is_endless":false,"potions_floor_spawned":[6,10,11,13,14,20,27,28,29,33,35,37,40,41],"killed_by":"The Heart","ascension_level":1}}