{"host":"urvvf8749ekcxo1a","time":1611453172,"event":{"mods":["AchievementEnabler","Bartender","BaseMod","BetterRewards","Colored Powertips","Displayed Cursed Tome","Evolution","Gold Saver","KinomotoSakuraMod(????)","Minty Spire (QoL Compilation)","Quick Restart","Relic Filter","StSLib","SuperFastMode","The Animator","The Cursed","The Hierophant","The Marked","The Servant 0.9.4","TheHero"],"gold_per_floor":[843,918,918,918,662,662,713,728,728,755,769,769,495,519,519,623,623,641,641,531,548,548,548,471,500,500,500,500],"floor_reached":27,"language":"ENG","playtime":918,"items_purged":[],"score":219,"play_id":"cb5626c7-395e-4e62-977b-85a4aeca4013","local_time":"20210123205252","is_ascension_mode":false,"campfire_choices":[{"floor":6.0,"key":"REST"},{"data":"animator:Aisha","floor":12.0,"key":"SMITH"},{"data":"animator:Megumin","floor":15.0,"key":"SMITH"},{"data":"animator:Sebas","floor":23.0,"key":"SMITH"}],"circlet_count":0,"master_deck":["animator:Strike_Konosuba","animator:Defend_Konosuba+1","animator:Strike","animator:Strike","animator:Strike","animator:Defend+1","animator:Defend","animator:Defend+1","animator:Kazuma+1","animator:Aqua","animator:YunYun+1","animator:Entoma+1","animator:Aisha+1","animator:Verdia","animator:Megumin+6","animator:Ainz","animator:Sebas+1","animator:Chris","animator:Aqua+1","animator:YunYun"],"relics":["animator:LivingPicture","animator:TheMissingPiece","animator:BattleDrones","Happy Flower","Smiling Mask","Membership Card","Matryoshka","Philosopher\u0027s Stone","Vajra","War Paint","DataDisk","Juzu Bracelet","Bag of Marbles","Mummified Hand"],"acts_visited":["Exordium","TheCity"],"potions_floor_usage":[27,27],"damage_taken":[{"damage":6.0,"enemies":"2 Louse","floor":1.0,"turns":4.0},{"damage":0.0,"enemies":"Jaw Worm","floor":8.0,"turns":3.0},{"damage":0.0,"enemies":"Small Slimes","floor":10.0,"turns":2.0},{"damage":1.0,"enemies":"Looter","floor":11.0,"turns":3.0},{"damage":6.0,"enemies":"Red Slaver","floor":14.0,"turns":3.0},{"damage":32.0,"enemies":"The Guardian","floor":16.0,"turns":13.0},{"damage":23.0,"enemies":"2 Thieves","floor":18.0,"turns":3.0},{"damage":12.0,"enemies":"Spheric Guardian","floor":21.0,"turns":4.0},{"damage":37,"enemies":"Slavers","floor":25,"turns":5},{"damage":15,"enemies":"Snake Plant","floor":27,"turns":1}],"seed_played":"4467920672815337256","potions_obtained":[{"floor":1.0,"key":"GamblersBrew"},{"floor":8.0,"key":"DuplicationPotion"},{"floor":14.0,"key":"Energy Potion"},{"floor":16.0,"key":"ThievingMod:ThievingPotion"}],"is_trial":false,"path_per_floor":["M","?","?","?","$","R","T","M","T","M","M","R","$","M","R","B",null,"M","?","$","M","?","R","$","E","T","M"],"character_chosen":"THE_ANIMATOR","items_purchased":["animator:BattleDrones","Membership Card","Matryoshka","animator:Chris","Vajra","War Paint","DataDisk"],"campfire_rested":1,"item_purchase_floors":[5,13,13,20,20,24,24],"current_hp_per_floor":[68,57,57,43,43,64,64,66,66,70,72,72,72,68,68,38,75,52,52,52,42,42,42,42,10,10,0,0],"gold":500,"neow_bonus":"TEN_PERCENT_HP_BONUS","is_daily":false,"chose_seed":false,"campfire_upgraded":3,"win_rate":0.0,"timestamp":1611453172,"path_taken":["M","?","?","?","$","R","?","M","T","M","?","R","$","M","R","BOSS","M","?","$","M","?","R","?","E","T","M"],"items_purchased_type":["Relic","Relic","Relic","Card","Relic","Relic","Relic"],"build_version":"2020-12-22","purchased_purges":0,"victory":false,"max_hp_per_floor":[72,72,72,72,72,72,72,72,72,74,75,75,75,75,75,75,75,75,75,75,75,75,75,75,75,75,75,75],"card_choices":[{"not_picked":["animator:Archer","animator:Sebas"],"picked":"animator:YunYun","floor":1.0},{"not_picked":["animator:Demiurge","animator:CowGirl"],"picked":"animator:Entoma","floor":8.0},{"not_picked":["animator:Entoma","animator:Demiurge"],"picked":"animator:Aisha","floor":10.0},{"not_picked":["animator:Aqua","animator:YunYun"],"picked":"animator:Verdia","floor":11.0},{"not_picked":["animator:Spearman","animator:Eris"],"picked":"animator:Megumin","floor":14.0},{"not_picked":["animator:Gilgamesh","animator:Elesis"],"picked":"animator:Ainz","floor":16.0},{"not_picked":["animator:Caster","animator:DwarfShaman+1","animator:Souei"],"picked":"SKIP","floor":18.0},{"not_picked":["animator:Hakurou","animator:Evileye+1"],"picked":"animator:Aqua+1","floor":21.0},{"not_picked":["animator:Aqua","animator:Vanir"],"picked":"animator:YunYun","floor":25}],"player_experience":157203,"relics_obtained":[{"floor":7.0,"key":"Happy Flower"},{"floor":9.0,"key":"Smiling Mask"},{"floor":25,"key":"Juzu Bracelet"},{"floor":26,"key":"Bag of Marbles"},{"floor":26,"key":"Mummified Hand"}],"event_choices":[{"damage_healed":0.0,"max_hp_gain":0.0,"max_hp_loss":0.0,"gold_gain":75.0,"event_name":"World of Goop","player_choice":"Gather Gold","floor":2.0,"gold_loss":0.0,"damage_taken":11.0},{"damage_healed":0.0,"max_hp_gain":0.0,"max_hp_loss":0.0,"gold_gain":0.0,"event_name":"Living Wall","player_choice":"Grow","floor":3.0,"gold_loss":0.0,"damage_taken":0.0,"cards_upgraded":["animator:YunYun"]},{"damage_healed":0.0,"max_hp_gain":0.0,"max_hp_loss":0.0,"gold_gain":0.0,"event_name":"Shining Light","player_choice":"Entered Light","floor":4.0,"gold_loss":0.0,"damage_taken":14.0,"cards_upgraded":["animator:Defend","animator:Kazuma"]},{"damage_healed":0.0,"max_hp_gain":0.0,"max_hp_loss":0.0,"gold_gain":0.0,"event_name":"The Library","player_choice":"Read","floor":19.0,"gold_loss":0.0,"damage_taken":0.0,"cards_obtained":["animator:Sebas"]},{"damage_healed":0.0,"max_hp_gain":0.0,"max_hp_loss":0.0,"gold_gain":0.0,"event_name":"Vampires","player_choice":"Ignored","floor":22.0,"gold_loss":0.0,"damage_taken":0.0}],"is_beta":false,"boss_relics":[{"not_picked":["animator:RacePiece","Fusion Hammer"],"picked":"Philosopher\u0027s Stone"}],"items_purged_floors":[],"is_endless":false,"potions_floor_spawned":[1,8,14,16],"killed_by":"Snake Plant","ascension_level":0}}