{"host":"kxxtapsg6b05ffj7","time":1611501413,"event":{"mods":["AchievementEnabler","Act Like it!","BaseMod","BetterRewards","Colored Map","Conspire","Downfall","Hubris","Infinite Spire","Minty Spire (QoL Compilation)","Rare Cards Sparkle","Replay The Spire","Shop Mod","StSLib","The Construct"],"gold_per_floor":[114,114,124,124,138,170,170,200,200,200,200,242,263,292,292,302,302],"floor_reached":16,"language":"ZHS","playtime":1070,"items_purged":[],"score":134,"play_id":"d088cfb0-8f57-40a7-83ef-05fdf14b5f17","local_time":"20210124231653","is_ascension_mode":true,"campfire_choices":[{"floor":7,"key":"REST"},{"floor":15,"key":"REST"}],"circlet_count":0,"master_deck":["Strike_B","Strike_B","Strike_B","Strike_B","Defend_B","Defend_B","Defend_B","Defend_B","Zap","Dualcast","White Noise+1","White Noise+1","ReplayTheSpireMod:Calculation Training","Static Discharge","Go for the Eyes","Go for the Eyes","BasicCrystalCard","Hello World","hubris:PowerSurge","Panic Button","Creative AI","Time Bomb","ReplaySolidLightProjector"],"relics":["Cracked Core","Tiny Chest","hubris:BundleOfHerbs","Guide Book","Centennial Puzzle","Boot","Replay:Antivirus Software","hubris:Metronome","Replay:Bandana","Replay:Bottled Snecko","Meat on the Bone"],"acts_visited":["Exordium"],"potions_floor_usage":[6,13,14,14],"damage_taken":[{"damage":1,"enemies":"Cultist","floor":1,"turns":3},{"damage":11,"enemies":"Jaw Worm","floor":3,"turns":3},{"damage":0,"enemies":"2 Louse","floor":5,"turns":1},{"damage":13,"enemies":"3 Sentries","floor":6,"turns":4},{"damage":2,"enemies":"Lagavulin","floor":8,"turns":6},{"damage":3,"enemies":"Gremlin Nob","floor":12,"turns":3},{"damage":16,"enemies":"Gremlin Gang","floor":13,"turns":3},{"damage":10,"enemies":"3 Sentries","floor":14,"turns":6},{"damage":0,"enemies":"Fading Forest","floor":16,"turns":4}],"seed_played":"6718007797562345320","potions_obtained":[{"floor":1,"key":"Fire Potion"},{"floor":2,"key":"Doom Potion"},{"floor":2,"key":"SteroidPotion"},{"floor":8,"key":"Dexterity Potion"},{"floor":12,"key":"DuplicationPotion"},{"floor":14,"key":"construct:ShiftPotion"}],"is_trial":false,"path_per_floor":["M","?","M","?","M","E","R","E","T","T","?","E","M","E","R","B"],"character_chosen":"DEFECT","items_purchased":["White Noise","Tiny Chest","ReplayTheSpireMod:Calculation Training","Static Discharge","Guide Book","Go for the Eyes"],"campfire_rested":2,"item_purchase_floors":[0,0,0,0,0,0],"current_hp_per_floor":[39,39,34,34,34,27,49,47,47,47,47,47,31,21,43,43,43],"gold":302,"neow_bonus":"","is_daily":false,"chose_seed":false,"campfire_upgraded":0,"win_rate":0.0,"timestamp":1611501413,"path_taken":["M","?","?","?","M","E","R","E","T","?","?","E","M","E","R","BOSS"],"items_purchased_type":["Card","Relic","Card","Card","Relic","Card"],"build_version":"2020-12-22","purchased_purges":0,"victory":false,"max_hp_per_floor":[75,75,75,75,75,75,75,75,75,75,75,75,75,75,75,75,75],"card_choices":[{"not_picked":["Go for the Eyes","Redo"],"picked":"BasicCrystalCard","floor":1},{"not_picked":["BasicCrystalCard","Compile Driver","Coolheaded"],"picked":"SKIP","floor":3},{"not_picked":["Beam Cell","Rebound"],"picked":"Hello World","floor":5},{"not_picked":["Barrage","Rebound"],"picked":"hubris:PowerSurge","floor":6},{"not_picked":["Rebound","Go for the Eyes"],"picked":"Panic Button","floor":8},{"not_picked":["Double Energy","Buffer"],"picked":"Creative AI","floor":12},{"not_picked":["Barrage","Reinforced Body"],"picked":"Time Bomb","floor":13},{"not_picked":["Panic Button","Steam"],"picked":"ReplaySolidLightProjector","floor":14}],"player_experience":295506,"relics_obtained":[{"floor":6,"key":"Boot"},{"floor":8,"key":"Replay:Antivirus Software"},{"floor":9,"key":"hubris:Metronome"},{"floor":10,"key":"Replay:Bandana"},{"floor":12,"key":"Replay:Bottled Snecko"},{"floor":14,"key":"Meat on the Bone"}],"event_choices":[{"damage_healed":0,"gold_gain":0,"player_choice":"Got Potions","damage_taken":0,"max_hp_gain":0,"max_hp_loss":0,"event_name":"Lab","floor":2,"gold_loss":0},{"damage_healed":0,"gold_gain":0,"player_choice":"Gave Potion","damage_taken":0,"relics_obtained":["Centennial Puzzle"],"max_hp_gain":0,"max_hp_loss":0,"event_name":"WeMeetAgain","floor":4,"gold_loss":0},{"damage_healed":0,"gold_gain":0,"player_choice":"0 cards matched","damage_taken":0,"max_hp_gain":0,"max_hp_loss":0,"event_name":"Match and Keep!","floor":11,"gold_loss":0,"cards_obtained":[]}],"is_beta":false,"boss_relics":[],"items_purged_floors":[],"is_endless":false,"potions_floor_spawned":[1,3,8,12,14],"killed_by":"Fading Forest","ascension_level":1}}