{"host":"dr5ef424til0p8zn","time":1611515410,"event":{"mods":["2.2 Compatiblity","Act Like it!","BaseMod","Better Skull","Downfall","Gremlin Skip","Hallownest","Hermit","Minty Spire (QoL Compilation)","Shade Mod","StSLib","Td1madao Mod","The Bug Knight","The Hierophant","The Marked"],"gold_per_floor":[115,127,145,145,145,158,185,185,85,101,11,11,11,111,111,210,210,227,244,274,274,13,13,13,13],"floor_reached":23,"language":"ENG","playtime":2074,"items_purged":["downfall:Malfunctioning","Writhe"],"score":204,"play_id":"ea02dd1d-61b8-4ca0-b228-fd8f9f90b65b","local_time":"20210124201010","is_ascension_mode":false,"campfire_choices":[{"data":"champ:Taunt","floor":9,"key":"SMITH"},{"data":"champ:UltimateStance","floor":13,"key":"SMITH"},{"floor":15,"key":"RECALL"}],"circlet_count":0,"master_deck":["champ:Strike","champ:Strike+1","champ:Strike","champ:Strike","champ:Defend","champ:Defend","champ:Defend+1","champ:Defend+1","champ:Execute","champ:Taunt+1","champ:FlashCut","champ:GutPunch","champ:ShieldSigil","champ:IronFortress","champ:BladeFlurry","champ:UltimateStance+1","champ:DancingMaster","champ:Circumvent+1","champ:StanceDance","champ:BringItOn","champ:FancyFootwork","champ:Shatter","champ:AdrenalArmor"],"relics":["champ:ChampionCrown","downfall:HeartBlessingBlue","bronze:MakeshiftBattery","Red Mask","Oddly Smooth Stone","Membership Card"],"acts_visited":["Exordium","TheCity"],"potions_floor_usage":[16,16,16,18,18,20,20,22],"damage_taken":[{"damage":10,"enemies":"Small Slimes","floor":1,"turns":4},{"damage":10,"enemies":"Cultist","floor":2,"turns":4},{"damage":0,"enemies":"2 Louse","floor":3,"turns":2},{"damage":35,"enemies":"Exordium Thugs","floor":6,"turns":4},{"damage":29,"enemies":"Blue Slaver","floor":10,"turns":4},{"damage":45,"enemies":"downfall:FleeingMerchant","floor":11,"turns":4},{"damage":123,"enemies":"DF_ARCHETYPE_STREAMLINE","floor":16,"turns":9},{"damage":55,"enemies":"Shell Parasite","floor":18,"turns":6},{"damage":78,"enemies":"Chosen and Byrds","floor":19,"turns":8},{"damage":57,"enemies":"Masked Bandits","floor":20,"turns":6},{"damage":25,"enemies":"downfall:FleeingMerchant","floor":22,"turns":4},{"damage":55,"enemies":"Cultist and Chosen","floor":23,"turns":6}],"seed_played":"7750918959380491804","potions_obtained":[{"floor":3,"key":"Dexterity Potion"},{"floor":10,"key":"Slimebound:ThreeZeroPotion"},{"floor":16,"key":"EntropicBrew"},{"floor":19,"key":"CultistPotion"},{"floor":20,"key":"GamblersBrew"}],"is_trial":false,"path_per_floor":["M","M","M","?","?","M","T","?","R","M","$","?","R","?","R","B",null,"M","M","?","?","$","M"],"character_chosen":"THE_CHAMP","items_purchased":["Membership Card","champ:Shatter","champ:AdrenalArmor"],"campfire_rested":0,"item_purchase_floors":[22,22,22],"current_hp_per_floor":[99,99,99,99,84,74,74,74,84,80,75,109,109,109,109,71,109,104,71,39,39,39,0,0,0],"gold":13,"neow_bonus":"TEN_PERCENT_HP_BONUS","is_daily":false,"chose_seed":false,"campfire_upgraded":2,"win_rate":0.0,"timestamp":1611515410,"path_taken":["M","M","M","?","?","?","T","?","R","M","$","?","R","?","R","BOSS","M","M","?","?","$","M"],"items_purchased_type":["Relic","Card","Card"],"build_version":"2020-12-22","purchased_purges":2,"victory":false,"max_hp_per_floor":[99,99,99,99,99,99,99,99,109,109,109,109,109,109,109,109,109,109,109,109,109,109,109,109,109],"card_choices":[{"not_picked":["champ:BladeFlurry","champ:TornadoPunch"],"picked":"champ:FlashCut","floor":1},{"not_picked":["champ:DefensiveShout","champ:FlashCut"],"picked":"champ:GutPunch","floor":2},{"not_picked":["champ:BerserkersShout","champ:FaceSlap"],"picked":"champ:ShieldSigil","floor":3},{"not_picked":["champ:ShieldSigil","champ:CrownThrow"],"picked":"champ:IronFortress","floor":6},{"not_picked":["champ:HeartStrike","champ:Lariat"],"picked":"champ:BladeFlurry","floor":10},{"not_picked":["champ:GutPunch","champ:TornadoPunch"],"picked":"champ:UltimateStance","floor":11},{"not_picked":["champ:Improvising","champ:EnchantCrown"],"picked":"champ:DancingMaster","floor":16},{"not_picked":["champ:FaceSlap","champ:BringItOn"],"picked":"champ:Circumvent+1","floor":18},{"not_picked":["champ:CalledShot","champ:ShieldSigil"],"picked":"champ:StanceDance","floor":19},{"not_picked":["champ:PreciseThrust","champ:FanOfKnives"],"picked":"champ:BringItOn","floor":20},{"not_picked":["champ:ShieldSigil","champ:BerserkersShout"],"picked":"champ:FancyFootwork","floor":22}],"player_experience":516898,"relics_obtained":[{"floor":20,"key":"Red Mask"}],"event_choices":[{"damage_healed":36,"gold_gain":0,"player_choice":"Banana","damage_taken":0,"max_hp_gain":0,"max_hp_loss":0,"event_name":"Big Fish","floor":12,"gold_loss":0},{"damage_healed":0,"gold_gain":0,"player_choice":"Fought Bandits","damage_taken":0,"max_hp_gain":0,"max_hp_loss":0,"event_name":"Masked Bandits","floor":20,"gold_loss":0}],"is_beta":false,"boss_relics":[{"not_picked":["Busted Crown","Astrolabe"],"picked":"bronze:MakeshiftBattery"}],"items_purged_floors":[11,22],"is_endless":false,"potions_floor_spawned":[3,10,16,19,20],"killed_by":"Cultist and Chosen","ascension_level":0}}