{"host":"f0gpob8hq9vgebej","time":1611456258,"event":{"mods":["AchievementEnabler","BaseMod","Minty Spire (QoL Compilation)","Quick Restart","SuperFastMode"],"gold_per_floor":[365,290,303,321,332,364,364,380,380,400,475,487,501,501,501,501,501],"floor_reached":16,"language":"KOR","playtime":246,"items_purged":["Writhe"],"score":161,"play_id":"0544b2e1-d905-46a1-a6d3-36b5be0a8976","local_time":"20210124114418","is_ascension_mode":true,"campfire_choices":[{"data":"Poisoned Stab","floor":7.0,"key":"SMITH"},{"floor":15,"key":"REST"}],"circlet_count":0,"master_deck":["AscendersBane","Strike_G+1","Strike_G","Strike_G","Strike_G","Defend_G","Defend_G","Defend_G","Defend_G","Defend_G","Survivor","Neutralize","Tactician","Deadly Poison","Poisoned Stab+1","Dagger Spray+1","Blade Dance","PiercingWail","Noxious Fumes"],"relics":["Ring of the Snake","Whetstone","Question Card","Odd Mushroom"],"acts_visited":["Exordium"],"potions_floor_usage":[12,13],"damage_taken":[{"damage":1.0,"enemies":"Small Slimes","floor":1.0,"turns":4.0},{"damage":6.0,"enemies":"Jaw Worm","floor":3.0,"turns":7.0},{"damage":3.0,"enemies":"Cultist","floor":4.0,"turns":5.0},{"damage":26.0,"enemies":"Large Slime","floor":5.0,"turns":8.0},{"damage":5.0,"enemies":"Gremlin Nob","floor":6.0,"turns":3.0},{"damage":0.0,"enemies":"Lots of Slimes","floor":8.0,"turns":2.0},{"damage":9.0,"enemies":"The Mushroom Lair","floor":10.0,"turns":4.0},{"damage":1,"enemies":"Looter","floor":12,"turns":2},{"damage":0,"enemies":"Red Slaver","floor":13,"turns":3},{"damage":0,"enemies":"Slime Boss","floor":16,"turns":3}],"seed_played":"-685771272635175780","potions_obtained":[{"floor":1.0,"key":"AttackPotion"},{"floor":3.0,"key":"SteroidPotion"},{"floor":6.0,"key":"LiquidMemories"},{"floor":10.0,"key":"SteroidPotion"}],"is_trial":false,"path_per_floor":["M","$","M","M","M","E","R","M","T","?","?","M","M","?","R","B"],"character_chosen":"THE_SILENT","items_purchased":[],"campfire_rested":1,"item_purchase_floors":[],"current_hp_per_floor":[62,62,56,53,27,22,22,22,22,13,2,1,1,1,22,22,22],"gold":501,"neow_bonus":"TWO_FIFTY_GOLD","is_daily":false,"chose_seed":false,"campfire_upgraded":1,"win_rate":0.0,"timestamp":1611456258,"path_taken":["M","$","M","M","M","E","R","M","T","?","?","M","M","?","R","BOSS"],"items_purchased_type":[],"build_version":"2020-12-22","purchased_purges":1,"victory":false,"max_hp_per_floor":[70,70,70,70,70,70,70,70,70,70,70,70,70,70,70,70,70],"card_choices":[{"not_picked":["Infinite Blades","Slice"],"picked":"Tactician","floor":1.0},{"not_picked":["Catalyst","Backflip"],"picked":"Deadly Poison","floor":3.0},{"not_picked":["Caltrops","Dodge and Roll"],"picked":"Poisoned Stab","floor":4.0},{"not_picked":["Flying Knee","Accuracy"],"picked":"Dagger Spray","floor":5.0},{"not_picked":["Infinite Blades","Dodge and Roll","Bane"],"picked":"SKIP","floor":6.0},{"not_picked":["Dagger Spray","Poisoned Stab","Bane"],"picked":"SKIP","floor":8.0},{"not_picked":["Terror","Storm of Steel","Backflip"],"picked":"Blade Dance","floor":10.0},{"not_picked":["Bane","Slice","Leg Sweep"],"picked":"PiercingWail","floor":12},{"not_picked":["Acrobatics","Dagger Throw","Bane"],"picked":"Noxious Fumes","floor":13}],"player_experience":241487,"relics_obtained":[{"floor":6.0,"key":"Whetstone"},{"floor":9.0,"key":"Question Card"},{"floor":10.0,"key":"Odd Mushroom"}],"event_choices":[{"damage_healed":0.0,"max_hp_gain":0.0,"max_hp_loss":0.0,"gold_gain":0.0,"event_name":"Mushrooms","player_choice":"Fought Mushrooms","floor":10.0,"gold_loss":0.0,"damage_taken":0.0},{"damage_healed":0.0,"max_hp_gain":0.0,"max_hp_loss":0.0,"gold_gain":75.0,"event_name":"World of Goop","player_choice":"Gather Gold","floor":11.0,"gold_loss":0.0,"damage_taken":11.0},{"cards_removed":["Strike_G"],"damage_healed":0,"gold_gain":0,"player_choice":"Forget","damage_taken":0,"max_hp_gain":0,"max_hp_loss":0,"event_name":"Living Wall","floor":14,"gold_loss":0}],"is_beta":false,"boss_relics":[],"items_purged_floors":[2],"is_endless":false,"potions_floor_spawned":[1,3,6,10],"killed_by":"Slime Boss","ascension_level":11}}