{"host":"cjhtzh7tp54jdfyv","time":1611531407,"event":{"mods":["AchievementEnabler","BaseMod","Colored Map","Colored Powertips","Curses Come First","DeckTracker","Filter the Spire","Minty Spire (QoL Compilation)","RNG Fix","Relic Sorter","Relic Stats","StSLib","UnlockEverythingMod","ojb\u0027s Better Paths Mod","ojb\u0027s Info Mod"],"gold_per_floor":[109,259,334,50,62,62,62,91,91,91,91,124,24,24,24],"floor_reached":14,"language":"ENG","playtime":850,"items_purged":["Doubt","Strike_G"],"score":188,"play_id":"785ebb42-308d-49d5-8fda-6dd4946e32b3","local_time":"20210124183647","is_ascension_mode":true,"campfire_choices":[{"data":"Predator","floor":6,"key":"SMITH"}],"circlet_count":0,"master_deck":["AscendersBane","Strike_G","Strike_G","Strike_G","Strike_G+1","Defend_G","Defend_G+1","Defend_G","Defend_G","Defend_G","Survivor","Neutralize","Poisoned Stab+1","Predator+1","Leg Sweep","Quick Slash"],"relics":["Ring of the Snake","Juzu Bracelet","Lee\u0027s Waffle","Potion Belt","Golden Idol","Anchor"],"acts_visited":["Exordium"],"potions_floor_usage":[8,14],"damage_taken":[{"damage":11,"enemies":"Small Slimes","floor":1,"turns":7},{"damage":1,"enemies":"Cultist","floor":5,"turns":3},{"damage":17,"enemies":"Lagavulin","floor":8,"turns":7},{"damage":18,"enemies":"Gremlin Nob","floor":12,"turns":4},{"damage":27,"enemies":"Lagavulin","floor":14,"turns":8}],"seed_played":"-1122471009669672595","potions_obtained":[{"floor":5,"key":"SpeedPotion"},{"floor":12,"key":"LiquidMemories"}],"is_trial":false,"path_per_floor":["M","?","?","$","M","R","?","E","T","?","?","E","$","E"],"character_chosen":"THE_SILENT","items_purchased":["Lee\u0027s Waffle","Predator"],"campfire_rested":0,"item_purchase_floors":[4,4],"current_hp_per_floor":[48,48,37,73,72,72,50,33,33,33,33,15,15,0,0],"gold":24,"neow_bonus":"RANDOM_COMMON_RELIC","is_daily":false,"chose_seed":false,"campfire_upgraded":1,"win_rate":0.0,"timestamp":1611531407,"path_taken":["M","?","?","$","M","R","?","E","T","?","?","E","$","E"],"items_purchased_type":["Relic","Card"],"build_version":"2020-12-22","purchased_purges":2,"victory":false,"max_hp_per_floor":[66,66,66,73,73,73,73,73,73,66,66,66,66,66,66],"relic_stats":{"Lee\u0027s Waffle":36,"counters":[5,29],"Golden Idol":7,"Juzu Bracelet":1,"obtain_stats":[{"Potion Belt":8,"Lee\u0027s Waffle":4,"Anchor":12,"Golden Idol":10,"Juzu Bracelet":0,"Ring of the Snake":0},{"Potion Belt":3,"Lee\u0027s Waffle":1,"Anchor":4,"Golden Idol":3,"Juzu Bracelet":0,"Ring of the Snake":0},{"Potion Belt":17,"Lee\u0027s Waffle":7,"Anchor":21,"Golden Idol":17,"Juzu Bracelet":0,"Ring of the Snake":0}],"Ring of the Snake":[10]},"card_choices":[{"not_picked":["Outmaneuver","Sucker Punch"],"picked":"Poisoned Stab","floor":1},{"not_picked":["Backflip","Flechettes"],"picked":"Leg Sweep","floor":5},{"not_picked":["Choke","Well Laid Plans","Distraction"],"picked":"SKIP","floor":8},{"not_picked":["Caltrops","Cloak And Dagger"],"picked":"Quick Slash","floor":12}],"player_experience":4527465,"relics_obtained":[{"floor":8,"key":"Potion Belt"},{"floor":12,"key":"Anchor"}],"event_choices":[{"damage_healed":0,"gold_gain":150,"player_choice":"AGREE","damage_taken":0,"max_hp_gain":0,"max_hp_loss":0,"event_name":"Liars Game","floor":2,"gold_loss":0,"cards_obtained":["Doubt"]},{"damage_healed":0,"gold_gain":75,"player_choice":"Gather Gold","damage_taken":11,"max_hp_gain":0,"max_hp_loss":0,"event_name":"World of Goop","floor":3,"gold_loss":0},{"damage_healed":0,"gold_gain":0,"player_choice":"Entered Light","damage_taken":22,"max_hp_gain":0,"max_hp_loss":0,"event_name":"Shining Light","floor":7,"gold_loss":0,"cards_upgraded":["Strike_G","Defend_G"]},{"damage_healed":0,"gold_gain":0,"player_choice":"Lose Max HP","damage_taken":0,"relics_obtained":["Golden Idol"],"max_hp_gain":0,"max_hp_loss":7,"event_name":"Golden Idol","floor":10,"gold_loss":0},{"damage_healed":0,"gold_gain":0,"player_choice":"Upgraded","damage_taken":0,"max_hp_gain":0,"max_hp_loss":0,"event_name":"Upgrade Shrine","floor":11,"gold_loss":0,"cards_upgraded":["Poisoned Stab"]}],"is_beta":false,"boss_relics":[],"items_purged_floors":[4,13],"is_endless":false,"potions_floor_spawned":[5,12],"killed_by":"Lagavulin","ascension_level":20}}