{"host":"pyvqvk2ltcevcwmf","time":1611480579,"event":{"mods":["BaseMod","BetterRewards","Good Game Mod","Marisa£®ÏF”Í°°ƒß¿Ì…≥£©","Minty Spire (QoL Compilation)","Rare Cards Sparkle","Shop Mod","Spicy Shops","StSLib","The Alterego","The Servant 0.9.4","Youmu£®ªÍ∆«—˝√Œ£©"],"gold_per_floor":[119,11,25,25,25,59,59,88,88,88,119,194,204,204,204,305,305,317,343,343,343,419,449,463,463,510,510,527,527,554,106,106,204,204,215,231,231,250,289,321,338,338,338,338,338,373,385,404,404,404,404,404,159,190,190,190],"floor_reached":55,"language":"ZHS","playtime":10241,"items_purged":[],"score":971,"play_id":"982f8a82-886e-4145-99d1-c209f070016c","local_time":"20210124172939","is_ascension_mode":true,"campfire_choices":[{"data":"HumanGodSword","floor":7.0,"key":"SMITH"},{"data":"alterego_mod:Palingenesis","floor":10.0,"key":"SMITH"},{"data":"alterego_mod:Palingenesis+1","floor":15.0,"key":"SMITH"},{"data":"HellFireSword","floor":27.0,"key":"SMITH"},{"data":"SwordExtraction","floor":29.0,"key":"SMITH"},{"data":"alterego_mod:Palingenesis+2","floor":32.0,"key":"SMITH"},{"floor":44.0,"key":"RECALL"},{"data":"HeartExcerptSlash","floor":49.0,"key":"SMITH"},{"data":"LightFlashOfTheNetherworld","floor":52.0,"key":"SMITH"}],"circlet_count":0,"master_deck":["Strike_YM","Strike_YM","Strike_YM","Defend_YM","Defend_YM","SlashOfPresentWorld","WheelOfPainOfLivingAndDead","alterego_mod:Palingenesis+3","SwordExtraction","HumanGodSword+1","TwoHundredYojanaInOneSlash","CherryBlossomFlashing","Regret","PhosphoricSlash","SwordExtraction+1","DispleasureOfTheSevenHakus","IrresoluteSoul","LightFlashOfTheNetherworld+1","Decay","CrescentMoonSlash","HellFireSword+1","SlashOfDelusionalInnerEye","StrangeHalfBody","HellFireSword","HeavenGodSword","LotusPostureSlash+1","HellGodSword+1","Writhe","PreachingAvici+1","HeartExcerptSlash+1","HeavenlyHaloSlash+1","TwoHundredYojanaInOneSlash+1","Doubt","SlashOfPresentWorld","SuddenPhantomFormationSlashOfKarmicWind","SlashOfDelusionalInnerEye+1","CrescentMoonSlash+1","SanzenSekai","HumanGodSword","Decay","SwordExtraction"],"relics":["HalfPhantom","REME:ComplimentaryCards","NeowsBlessing","Shuriken","Bag of Preparation","FencingExperience","Ancient Tea Set","Happy Flower","Akabeko","Empty Cage","Pen Nib","Toy Ornithopter","Bottled Tornado","Bird Faced Urn","MerchantsRug","Bottled Flame","Sozu","Blood Vial","Meat on the Bone","HornCleat","Lantern","Centennial Puzzle","Bag of Marbles"],"acts_visited":["Exordium","TheCity","TheBeyond","TheEnding"],"potions_floor_usage":[],"damage_taken":[{"damage":0.0,"enemies":"Jaw Worm","floor":1.0,"turns":1.0},{"damage":0.0,"enemies":"2 Louse","floor":3.0,"turns":1.0},{"damage":0.0,"enemies":"3 Sentries","floor":6.0,"turns":1.0},{"damage":29.0,"enemies":"Lagavulin","floor":8.0,"turns":7.0},{"damage":4.0,"enemies":"Gremlin Nob","floor":11.0,"turns":3.0},{"damage":0.0,"enemies":"Cultist","floor":13.0,"turns":3.0},{"damage":15.0,"enemies":"The Guardian","floor":16.0,"turns":9.0},{"damage":4.0,"enemies":"Chosen","floor":18.0,"turns":4.0},{"damage":14.0,"enemies":"Gremlin Leader","floor":23.0,"turns":4.0},{"damage":8.0,"enemies":"Shell Parasite","floor":24.0,"turns":2.0},{"damage":7.0,"enemies":"Cultist and Chosen","floor":28.0,"turns":2.0},{"damage":9.0,"enemies":"Book of Stabbing","floor":30.0,"turns":3.0},{"damage":29.0,"enemies":"Collector","floor":33.0,"turns":8.0},{"damage":12.0,"enemies":"Orb Walker","floor":35.0,"turns":2.0},{"damage":13.0,"enemies":"3 Shapes","floor":36.0,"turns":2.0},{"damage":29.0,"enemies":"Maw","floor":38.0,"turns":4.0},{"damage":4.0,"enemies":"Spire Growth","floor":39.0,"turns":2.0},{"damage":42.0,"enemies":"Reptomancer","floor":40.0,"turns":4.0},{"damage":4.0,"enemies":"Jaw Worm Horde","floor":41.0,"turns":3.0},{"damage":4.0,"enemies":"Nemesis","floor":46.0,"turns":1.0},{"damage":4.0,"enemies":"Sphere and 2 Shapes","floor":47.0,"turns":1.0},{"damage":8.0,"enemies":"Transient","floor":48.0,"turns":5.0},{"damage":28.0,"enemies":"Awakened One","floor":50.0,"turns":5.0},{"damage":18,"enemies":"Shield and Spear","floor":54,"turns":3},{"damage":98,"enemies":"The Heart","floor":55,"turns":3}],"seed_played":"-6687006233291684334","potions_obtained":[{"floor":6.0,"key":"PhantomPosion"},{"floor":8.0,"key":"AttackPotion"},{"floor":16.0,"key":"SmokeBomb"},{"floor":18.0,"key":"Energy Potion"},{"floor":23.0,"key":"BlessingOfTheForge"},{"floor":30.0,"key":"ColorlessPotion"}],"is_trial":false,"path_per_floor":["M","$","M","?","$","E","R","E","T","R","E","?","M","?","R","B",null,"M","T","?","?","T","E","M","?","T","R","M","R","E","$","R","B",null,"M","M","?","M","M","E","M","?","T","R","?","E","M","M","R","B",null,"R","$","E","B"],"character_chosen":"YOUMU","items_purchased":["HumanGodSword","TwoHundredYojanaInOneSlash","HellFireSword","MerchantsRug","Bottled Flame","Lantern","HumanGodSword","Centennial Puzzle"],"campfire_rested":0,"item_purchase_floors":[2,2,31,31,31,53,53,53],"current_hp_per_floor":[75,75,75,75,75,75,75,46,46,46,42,31,31,31,31,16,75,71,71,71,71,71,65,57,57,57,57,50,50,41,41,41,22,75,67,58,75,52,59,27,35,35,35,35,35,39,41,47,47,45,75,75,75,67,0,0],"gold":190,"neow_bonus":"THREE_ENEMY_KILL","is_daily":false,"chose_seed":false,"campfire_upgraded":8,"win_rate":0.0,"timestamp":1611480579,"path_taken":["M","$","M","?","$","E","R","E","T","R","E","?","M","?","R","BOSS","M","?","?","?","?","E","M","?","T","R","?","R","E","$","R","BOSS","M","M","?","M","M","E","M","?","T","R","?","E","?","M","R","BOSS","R","$","E","BOSS"],"items_purchased_type":["Card","Card","Card","Relic","Relic","Relic","Card","Relic"],"build_version":"2020-12-22","purchased_purges":0,"victory":false,"max_hp_per_floor":[75,75,75,75,75,75,75,75,75,75,75,75,75,75,75,75,75,75,75,75,75,75,75,75,75,75,75,75,75,75,75,75,75,75,75,75,75,75,75,75,75,75,75,75,75,75,75,75,75,75,75,75,75,75,75,75],"card_choices":[{"not_picked":["DoubleWheelOfPain","PhosphoricSlash"],"picked":"SwordExtraction","floor":1.0},{"not_picked":["EchoesOfTheInclemencyOfAllBeings","BloodOfAsura"],"picked":"CherryBlossomFlashing","floor":3.0},{"not_picked":["HumanKnowledgeSword","AsuraSword","BloodOfAsura"],"picked":"SKIP","floor":6.0},{"not_picked":["CherryBlossomFlashing","TenKingsRetributionOnThePreta"],"picked":"PhosphoricSlash","floor":8.0},{"not_picked":["SuddenPhantomFormationSlashOfKarmicWind","ObsessionSword"],"picked":"SwordExtraction","floor":11.0},{"not_picked":["PretaSword","SwordExtraction"],"picked":"DispleasureOfTheSevenHakus","floor":13.0},{"not_picked":["MatsuyoiReflectingSatelliteSlash","HeavenSword"],"picked":"IrresoluteSoul","floor":16.0},{"not_picked":["HumanKnowledgeSword","DispleasureOfTheSevenHakus"],"picked":"LightFlashOfTheNetherworld","floor":18.0},{"not_picked":["VoidnessSword","TwoHundredYojanaInOneSlash"],"picked":"CrescentMoonSlash","floor":23.0},{"not_picked":["EchoesOfTheInclemencyOfAllBeings","TwoHundredYojanaInOneSlash"],"picked":"HellFireSword","floor":24.0},{"not_picked":["HeavenlyHaloSlash","DispleasureOfTheSevenHakus"],"picked":"SlashOfDelusionalInnerEye","floor":28.0},{"not_picked":["HumanKnowledgeSword","LifeCuttingSword"],"picked":"StrangeHalfBody","floor":30.0},{"not_picked":["HeavenSword","VoidnessSword"],"picked":"HeavenGodSword","floor":33.0},{"not_picked":["SuddenPhantomFormationSlashOfKarmicWind","RapidSlash"],"picked":"LotusPostureSlash+1","floor":35.0},{"not_picked":["KarmicPunishmentOfTheIdleAndUnfocused+1","SpiritCuttingSword+1"],"picked":"HellGodSword+1","floor":36.0},{"not_picked":["SuddenPhantomFormationSlashOfKarmicWind","KarmicPunishmentOfTheIdleAndUnfocused+1"],"picked":"PreachingAvici+1","floor":38.0},{"not_picked":["SlashOfMeditation+1","TwoHundredYojanaInOneSlash+1"],"picked":"HeartExcerptSlash","floor":39.0},{"not_picked":["TransmigrationSlash","ObsessionSword+1"],"picked":"HeavenlyHaloSlash+1","floor":40.0},{"not_picked":["CherryBlossomFlashing+1","FantasyOfEnteringEnlightenment"],"picked":"TwoHundredYojanaInOneSlash+1","floor":41.0},{"not_picked":["ObsessionSword+1","FastingOfTheYoungPreta"],"picked":"SlashOfDelusionalInnerEye+1","floor":46.0},{"not_picked":["PhosphoricSlash+1","KarmicPunishmentOfTheIdleAndUnfocused+1"],"picked":"CrescentMoonSlash+1","floor":47.0},{"not_picked":["PreachingAvici+1","TurningAngelCut"],"picked":"SanzenSekai","floor":48.0},{"not_picked":["ThoughtCuttingSword","KarmicPunishmentOfTheIdleAndUnfocused+1"],"picked":"SwordExtraction","floor":54}],"player_experience":240573,"relics_obtained":[{"floor":6.0,"key":"Bag of Preparation"},{"floor":8.0,"key":"FencingExperience"},{"floor":9.0,"key":"Ancient Tea Set"},{"floor":11.0,"key":"Happy Flower"},{"floor":19.0,"key":"Pen Nib"},{"floor":22.0,"key":"Bottled Tornado"},{"floor":23.0,"key":"Omamori"},{"floor":30.0,"key":"Bird Faced Urn"},{"floor":40.0,"key":"Blood Vial"},{"floor":43.0,"key":"Meat on the Bone"},{"floor":46.0,"key":"HornCleat"},{"floor":54,"key":"Bag of Marbles"}],"event_choices":[{"damage_healed":0.0,"max_hp_gain":0.0,"max_hp_loss":0.0,"gold_gain":0.0,"event_name":"Big Fish","player_choice":"Box","floor":4.0,"gold_loss":0.0,"damage_taken":0.0,"relics_obtained":["Shuriken"],"cards_obtained":["Regret"]},{"damage_healed":0.0,"max_hp_gain":0.0,"max_hp_loss":0.0,"gold_gain":75.0,"event_name":"World of Goop","player_choice":"Gather Gold","floor":12.0,"gold_loss":0.0,"damage_taken":11.0},{"damage_healed":0.0,"max_hp_gain":0.0,"max_hp_loss":0.0,"gold_gain":0.0,"event_name":"WeMeetAgain","player_choice":"Gave Potion","floor":14.0,"gold_loss":0.0,"damage_taken":0.0,"relics_obtained":["Akabeko"]},{"damage_healed":0.0,"max_hp_gain":0.0,"max_hp_loss":0.0,"gold_gain":0.0,"event_name":"Forgotten Altar","player_choice":"Smashed Altar","floor":20.0,"gold_loss":0.0,"damage_taken":0.0,"cards_obtained":["Decay"]},{"damage_healed":0.0,"max_hp_gain":0.0,"max_hp_loss":0.0,"gold_gain":0.0,"event_name":"The Mausoleum","player_choice":"Opened","floor":21.0,"gold_loss":0.0,"damage_taken":0.0,"relics_obtained":["Toy Ornithopter"]},{"cards_removed":["Defend_YM"],"damage_healed":0.0,"max_hp_gain":0.0,"max_hp_loss":0.0,"gold_gain":0.0,"event_name":"Wheel of Change","player_choice":"Card Removal","floor":25.0,"gold_loss":0.0,"damage_taken":0.0},{"damage_healed":19.0,"max_hp_gain":0.0,"max_hp_loss":0.0,"gold_gain":0.0,"event_name":"Winding Halls","player_choice":"Writhe","floor":37.0,"gold_loss":0.0,"damage_taken":0.0,"cards_obtained":["Writhe"]},{"damage_healed":0.0,"max_hp_gain":0.0,"max_hp_loss":0.0,"gold_gain":0.0,"event_name":"SensoryStone","player_choice":"Memory 1","floor":42.0,"gold_loss":0.0,"damage_taken":0.0},{"damage_healed":0.0,"max_hp_gain":0.0,"max_hp_loss":0.0,"gold_gain":0.0,"event_name":"Match and Keep!","player_choice":"3 cards matched","floor":45.0,"gold_loss":0.0,"damage_taken":0.0,"cards_obtained":["Doubt","SlashOfPresentWorld","SuddenPhantomFormationSlashOfKarmicWind"]}],"is_beta":false,"boss_relics":[{"not_picked":["Velvet Choker","Tiny House"],"picked":"Empty Cage"},{"not_picked":["Philosopher\u0027s Stone","Fusion Hammer"],"picked":"Sozu"}],"items_purged_floors":[],"is_endless":false,"potions_floor_spawned":[6,8,16,18,23,30,35,39,41,47],"killed_by":"The Heart","ascension_level":1}}