{"host":"978e30ws7ao5zzzo","time":1611524199,"event":{"mods":["A Penny For Your Troubles","AchievementEnabler","AlwaysNeverKeys","Aspiration","BaseMod","Bestiary","Better Altar","Better Debug","Better Match","Better Note","Better Sensory Stone","Better Skull","Better Third Choice","Better Vampires","BetterRewards","Card Forge","Conspire","Curses Come First","Custom Start","Displayed Cursed Tome","Grow up Mod","Hermit","Hubris","Infinite Spire","Ironclad Rager","Marisa????????","Minty Spire (QoL Compilation)","Permanent Neow","Quick Restart","Random Character Button","Relic Stats","Remove Card Discount Mod","Replay The Spire","Retaliation","Spicy Shops","Spikes Relics","Spire Arcade","StS++","StSLib","The Cursed","The Hierophant","The Necromancer","Transform Curses","Treasure Hunter","vexMod","????"],"gold_per_floor":[99,114,114,128,128,148,162,172,225,253,253,253,270,288,288,383,383,396,396,416,429,344,344,344,359,359,377,377,402,402,423,423,526,526,540,540,540,540,540,553,567,592,592,611,624,641,659,670,670,671,671,683,683,981,981,1014,1014,1027,1027,1027,1027,1400,1422,1799,1799],"floor_reached":64,"language":"ENG","playtime":1128,"items_purged":[],"score":1151,"play_id":"02333f97-b235-40eb-8a94-ba86799de7b2","local_time":"20210124133639","is_ascension_mode":false,"campfire_choices":[{"data":"hubris:InfiniteBlow+79","floor":15,"key":"SMITH"},{"floor":23,"key":"REST"},{"floor":28,"key":"REST"},{"floor":32,"key":"REST"},{"floor":49,"key":"DIG"},{"floor":57,"key":"REST"}],"circlet_count":0,"master_deck":["hubris:InfiniteBlow+79","hubris:InfiniteBlow+79","infinitespire:FutureSight+1","hubris:InfiniteBlow+80","Injury","Pot Of Greed+1","infinitespire:FutureSight+1","HandOfGreed+1"],"relics":["Black Blood","Hammer of Thor","Seething Fire","Anvil of the Gods","hubris:Towel","War Paint","StSpp:BoiledEgg","vexMod:FluxCapacitor","Gremlin Horn","Meat on the Bone","vexMod:ConsolationPrize","PreservedInsect","Replay:Ringing Soul","infinitespire:PuzzleCube","Ring of Chaos","Toxic Egg 2","hubris:NiceRug","Sundial","Mercury Hourglass","HandDrill","Pantograph","Grinning Jar","DollysMirror","Golden Idol","Mummified Hand","StSpp:BrokenTotem"],"acts_visited":["Exordium","TheCity","TheBeyond","Exordium"],"potions_floor_usage":[64,64,64],"damage_taken":[{"damage":2,"enemies":"conspire:RoseBush","floor":1,"turns":1},{"damage":0,"enemies":"2 Louse","floor":2,"turns":1},{"damage":0,"enemies":"Small Slimes","floor":4,"turns":1},{"damage":0,"enemies":"Exordium Thugs","floor":6,"turns":1},{"damage":0,"enemies":"Exordium Wildlife","floor":7,"turns":1},{"damage":8,"enemies":"Lots of Slimes","floor":8,"turns":3},{"damage":0,"enemies":"Lagavulin","floor":10,"turns":1},{"damage":4,"enemies":"Gremlin Gang","floor":11,"turns":2},{"damage":0,"enemies":"Looter","floor":13,"turns":1},{"damage":0,"enemies":"3 Louse","floor":14,"turns":1},{"damage":0,"enemies":"The Guardian","floor":16,"turns":1},{"damage":0,"enemies":"Spheric Guardian","floor":18,"turns":1},{"damage":0,"enemies":"2 Thieves","floor":20,"turns":1},{"damage":0,"enemies":"Centurion and Healer","floor":21,"turns":1},{"damage":0,"enemies":"conspire:HollyBat","floor":25,"turns":2},{"damage":0,"enemies":"3 Cultists","floor":27,"turns":1},{"damage":0,"enemies":"conspire:MimicChest","floor":29,"turns":1},{"damage":0,"enemies":"Snake Plant","floor":30,"turns":1},{"damage":7,"enemies":"conspire:HollyBat","floor":31,"turns":3},{"damage":0,"enemies":"Champ","floor":33,"turns":1},{"damage":0,"enemies":"Orb Walker","floor":35,"turns":1},{"damage":0,"enemies":"3 Shapes","floor":40,"turns":1},{"damage":0,"enemies":"Sphere and 2 Shapes","floor":41,"turns":1},{"damage":0,"enemies":"Nightmare","floor":42,"turns":1},{"damage":0,"enemies":"Jaw Worm Horde","floor":44,"turns":1},{"damage":0,"enemies":"Transient","floor":45,"turns":1},{"damage":0,"enemies":"Spire Growth","floor":46,"turns":1},{"damage":0,"enemies":"Maw","floor":47,"turns":1},{"damage":0,"enemies":"Writhing Mass","floor":48,"turns":1},{"damage":0,"enemies":"conspire:OrnateMirror","floor":50,"turns":1},{"damage":2,"enemies":"conspire:RoseBush","floor":52,"turns":1},{"damage":0,"enemies":"hubris:Merchant","floor":54,"turns":2},{"damage":0,"enemies":"2 Louse","floor":56,"turns":1},{"damage":0,"enemies":"Small Slimes","floor":58,"turns":1},{"damage":315,"enemies":"Lagavulin","floor":62,"turns":25},{"damage":0,"enemies":"Red Slaver","floor":63,"turns":2},{"damage":398,"enemies":"Nightmare","floor":64,"turns":15}],"seed_played":"-6935868030371537695","potions_obtained":[{"floor":8,"key":"Explosive Potion"},{"floor":20,"key":"DuplicationPotion"},{"floor":21,"key":"Ancient Potion"}],"is_trial":false,"path_per_floor":["M","M","?","M","?","M","M","M","T","E","M","?","M","M","R","B",null,"M","?","M","M","?","R","?","M","T","M","R","?","M","M","R","B",null,"M","?","?","?","$","M","M","NM","T","M","M","M","M","M","R","B",null,"M","?","$","?","M","R","M","?","T","$","E","M","NM"],"character_chosen":"IRONCLAD","items_purchased":[],"campfire_rested":4,"item_purchase_floors":[],"current_hp_per_floor":[108,118,128,138,148,158,168,176,186,198,208,218,228,238,248,258,268,278,288,298,308,318,328,338,348,358,368,378,388,398,407,418,428,438,448,458,468,478,488,498,508,518,528,538,548,558,568,578,588,598,608,618,631,644,657,667,677,687,643,653,663,370,392,0,0],"gold":1799,"neow_bonus":"TEN_PERCENT_HP_BONUS","is_daily":false,"chose_seed":false,"campfire_upgraded":1,"win_rate":0.0,"timestamp":1611524199,"path_taken":["M","M","?","M","?","M","M","M","T","E","M","?","?","M","R","BOSS","M","?","M","?","?","R","?","M","T","M","R","?","M","M","R","BOSS","M","?","?","?","$","M","M","NM","T","M","M","M","M","M","R","BOSS","M","?","$","?","M","R","M","?","T","$","E","M","NM"],"items_purchased_type":[],"build_version":"2020-12-22","purchased_purges":0,"victory":false,"max_hp_per_floor":[108,118,128,138,148,158,168,178,188,198,208,218,228,238,248,258,268,278,288,298,308,318,328,338,348,358,368,378,388,398,408,418,428,438,448,458,468,478,488,498,508,518,528,538,548,558,568,578,588,598,608,618,631,644,657,667,677,687,643,653,663,673,683,683,683],"relic_stats":{"Gremlin Horn":[11,11],"counters":[37,83],"Golden Idol":13,"Black Blood":46,"PreservedInsect":174,"War Paint":["infinitespire:FutureSight"],"Mercury Hourglass":[87],"Sundial":[32],"Mummified Hand":[0],"Pantograph":0,"HandDrill":[6],"obtain_stats":[{"Gremlin Horn":22,"Black Blood":34,"StSpp:BoiledEgg":10,"Hammer of Thor":0,"Burning Blood":0,"vexMod:FluxCapacitor":17,"Replay:Ringing Soul":43,"Sundial":54,"DollysMirror":54,"Mummified Hand":60,"Pantograph":54,"HandDrill":54,"Toxic Egg 2":53,"Golden Idol":59,"vexMod:ConsolationPrize":29,"PreservedInsect":42,"Ring of Chaos":51,"Seething Fire":0,"hubris:Towel":5,"War Paint":9,"Mercury Hourglass":54,"Anvil of the Gods":0,"StSpp:BrokenTotem":62,"Grinning Jar":54,"infinitespire:PuzzleCube":49,"Meat on the Bone":26,"hubris:NiceRug":54},{"Gremlin Horn":14,"Black Blood":20,"StSpp:BoiledEgg":7,"Hammer of Thor":0,"Burning Blood":0,"vexMod:FluxCapacitor":11,"Replay:Ringing Soul":24,"Sundial":32,"DollysMirror":32,"Mummified Hand":34,"Pantograph":32,"HandDrill":32,"Toxic Egg 2":31,"Golden Idol":34,"vexMod:ConsolationPrize":17,"PreservedInsect":24,"Ring of Chaos":30,"Seething Fire":0,"hubris:Towel":3,"War Paint":6,"Mercury Hourglass":32,"Anvil of the Gods":0,"StSpp:BrokenTotem":35,"Grinning Jar":32,"infinitespire:PuzzleCube":29,"Meat on the Bone":15,"hubris:NiceRug":32},{"Gremlin Horn":17,"Black Blood":26,"StSpp:BoiledEgg":9,"Hammer of Thor":0,"Burning Blood":0,"vexMod:FluxCapacitor":14,"Replay:Ringing Soul":30,"Sundial":39,"DollysMirror":39,"Mummified Hand":41,"Pantograph":39,"HandDrill":39,"Toxic Egg 2":37,"Golden Idol":41,"vexMod:ConsolationPrize":21,"PreservedInsect":30,"Ring of Chaos":36,"Seething Fire":0,"hubris:Towel":3,"War Paint":8,"Mercury Hourglass":39,"Anvil of the Gods":0,"StSpp:BrokenTotem":66,"Grinning Jar":39,"infinitespire:PuzzleCube":35,"Meat on the Bone":19,"hubris:NiceRug":39}],"Meat on the Bone":0},"card_choices":[{"not_picked":["Inflame","Body Slam","DDmod:PokeAttack"],"picked":"SKIP","floor":1},{"not_picked":["DDmod:EasePowerCard","Havoc","Bloodletting"],"picked":"SKIP","floor":2},{"not_picked":["Wild Strike","Warcry","ReplayTheSpireMod:Muscle Training"],"picked":"SKIP","floor":4},{"not_picked":["Warcry","Battle Trance","Heavy Blade"],"picked":"SKIP","floor":6},{"not_picked":["DDmod:SpikedSkill","StSpp:Succumb","Clothesline"],"picked":"SKIP","floor":7},{"not_picked":["DDmod:EasePowerCard","conspire:Charge","DDmod:RechargeSkill"],"picked":"SKIP","floor":8},{"not_picked":["TH:PixieDust","TH:EnergyPotion"],"picked":"SKIP","floor":9},{"not_picked":["TH:TreasureMap","TH:Mimic"],"picked":"SKIP","floor":10},{"not_picked":["hubris:CleavingFinish","Searing Blow","Warcry"],"picked":"SKIP","floor":10},{"not_picked":["Spot Weakness","Rage","Burning Pact"],"picked":"SKIP","floor":11},{"not_picked":["ReplayTheSpireMod:Strike From Hell","Reckless Charge","Run Through"],"picked":"SKIP","floor":13},{"not_picked":["Fire Breathing","True Grit","conspire:ExplosiveBarrier"],"picked":"SKIP","floor":14},{"not_picked":["Evolve","Replay:Undeath\u0027s Touch","Power Through"],"picked":"SKIP","floor":18},{"not_picked":["Sword Boomerang+1","Heavy Blade+1","DDmod:UnstoppableAttack"],"picked":"SKIP","floor":20},{"not_picked":["DDmod:CallousedSkill","Iron Wave","DDmod:EasePowerCard"],"picked":"SKIP","floor":21},{"not_picked":["DDmod:UnstoppableAttack","infinitespire:OneForAll","DDmod:SpikedSkill"],"picked":"SKIP","floor":25},{"not_picked":["TH:ElvenBoots","TH:CursedSword"],"picked":"SKIP","floor":26},{"not_picked":["ReplayTheSpireMod:LeadingStrike","Replay:Undeath\u0027s Touch+1","Metallicize+1"],"picked":"SKIP","floor":27},{"not_picked":["DDmod:ScaleUpSkill","Body Slam","Fiend Fire"],"picked":"SKIP","floor":30},{"not_picked":["Massacre+1","Shrug It Off","Pommel Strike"],"picked":"SKIP","floor":31},{"not_picked":["Twin Strike+1","Sever Soul+1","ReplayTheSpireMod:LeadingStrike+1"],"picked":"SKIP","floor":35},{"not_picked":["DDmod:AllInSkill","Wild Strike+1","ReplayTheSpireMod:Limb From Limb"],"picked":"SKIP","floor":40},{"not_picked":["Body Slam","Reckless Charge+1","Clash"],"picked":"SKIP","floor":41},{"not_picked":["TH:TreasureMap"],"picked":"TH:EnergyPotion","floor":42},{"not_picked":["ReplayTheSpireMod:Muscle Training","Body Slam","Wild Strike"],"picked":"SKIP","floor":42},{"not_picked":["TH:DeckOfManyThings","TH:BikiniMail"],"picked":"SKIP","floor":43},{"not_picked":["DDmod:BurningFumesPowerCard+1","Sword Boomerang+1","Life Link"],"picked":"SKIP","floor":44},{"not_picked":["Shrug It Off","Run Through+1","DDmod:BurningFumesPowerCard+1"],"picked":"SKIP","floor":45},{"not_picked":["Rampage+1","Heavy Blade","DDmod:SpikeMailSkill+1"],"picked":"SKIP","floor":46},{"not_picked":["StSpp:Succumb","Clash","Bloodletting+1"],"picked":"SKIP","floor":47},{"not_picked":["StSpp:MuscleMemory","StSpp:Sprint","DDmod:AllInSkill"],"picked":"SKIP","floor":48},{"not_picked":["Blood for Blood","Searing Blow","ReplayTheSpireMod:Stacked"],"picked":"SKIP","floor":52},{"not_picked":["Iron Wave"],"picked":"SKIP","floor":54},{"not_picked":["DDmod:PokeAttack"],"picked":"SKIP","floor":54},{"not_picked":["Armaments+1"],"picked":"SKIP","floor":54},{"not_picked":["DDmod:CallousedSkill+1"],"picked":"SKIP","floor":54},{"not_picked":["DDmod:EasePowerCard"],"picked":"SKIP","floor":54},{"not_picked":["Flash of Steel"],"picked":"SKIP","floor":54},{"not_picked":["Secret Technique+1"],"picked":"SKIP","floor":54},{"not_picked":["Second Wind+1","Shrug It Off+1","Twin Strike"],"picked":"SKIP","floor":56},{"not_picked":["Clothesline","Headbutt","DDmod:CallousedSkill+1"],"picked":"SKIP","floor":58},{"not_picked":["TH:PixieDust","TH:CopperCoins"],"picked":"SKIP","floor":60},{"not_picked":["TH:DeckOfManyThings","TH:CursedSword"],"picked":"SKIP","floor":62},{"not_picked":["Headbutt","Eclipse+1","Sever Soul"],"picked":"SKIP","floor":62},{"not_picked":["Invigoration","hubris:ReadiedAction+1","Entrench+1"],"picked":"SKIP","floor":63}],"player_experience":362532,"relics_obtained":[{"floor":9,"key":"War Paint"},{"floor":10,"key":"StSpp:BoiledEgg"},{"floor":26,"key":"Meat on the Bone"},{"floor":29,"key":"vexMod:ConsolationPrize"},{"floor":42,"key":"PreservedInsect"},{"floor":43,"key":"Replay:Ringing Soul"},{"floor":49,"key":"infinitespire:PuzzleCube"},{"floor":54,"key":"Sundial"},{"floor":54,"key":"Mercury Hourglass"},{"floor":54,"key":"HandDrill"},{"floor":54,"key":"Pantograph"},{"floor":54,"key":"Grinning Jar"},{"floor":54,"key":"DollysMirror"},{"floor":60,"key":"Mummified Hand"},{"floor":62,"key":"StSpp:BrokenTotem"}],"event_choices":[{"damage_healed":0,"gold_gain":0,"player_choice":"Ignored","damage_taken":0,"max_hp_gain":0,"max_hp_loss":0,"event_name":"Golden Wing","floor":3,"gold_loss":0},{"damage_healed":0,"gold_gain":0,"player_choice":"Ignored","damage_taken":0,"max_hp_gain":0,"max_hp_loss":0,"event_name":"betterNote:BetterNote","floor":19,"gold_loss":0,"cards_obtained":["TH:DeckOfManyThings"]},{"damage_healed":0,"gold_gain":0,"player_choice":"Obtained Relic","damage_taken":0,"relics_obtained":["Gremlin Horn"],"max_hp_gain":0,"max_hp_loss":0,"event_name":"Addict","floor":22,"gold_loss":85},{"damage_healed":0,"gold_gain":0,"player_choice":"Ignored","damage_taken":0,"max_hp_gain":0,"max_hp_loss":0,"event_name":"Mysterious Sphere","floor":36,"gold_loss":0},{"damage_healed":0,"gold_gain":0,"player_choice":"Lose Max HP","damage_taken":0,"relics_obtained":["Golden Idol"],"max_hp_gain":0,"max_hp_loss":54,"event_name":"Golden Idol","floor":59,"gold_loss":0}],"is_beta":false,"boss_relics":[{"not_picked":["StSpp:FireArrow","aspiration:MarisaSkillbook"],"picked":"vexMod:FluxCapacitor"},{"not_picked":["aspiration:RitualDagger","vexMod:BigBerry"],"picked":"Black Blood"},{"not_picked":["StSpp:PileOfSugar","aspiration:SecretTechniqueScroll"],"picked":"Ring of Chaos"}],"items_purged_floors":[],"is_endless":true,"potions_floor_spawned":[4,8,11,13,18,20,21,29,40,44,45,46,47,48,52,56,63],"killed_by":"Nightmare","ascension_level":0}}