{"host":"1c17lcvl7acx821p","time":1611486800,"event":{"mods":["AchievementEnabler","BaseMod","Colored Map","Minty Spire (QoL Compilation)","StSLib"],"gold_per_floor":[131,164,219,219,184,184,215,215,215,215,272,316,316,426,426,549,549,593,609,609,246,262,345,345,386,455,455,510,510,240,279,279,402,402,413,479,492,106,106,134,134,134],"floor_reached":41,"language":"ENG","playtime":1967,"items_purged":["Strike_P","Strike_P","Strike_P"],"score":754,"play_id":"683c60d7-b3b0-4b53-8df4-09c16bf21b5a","local_time":"20210124131320","is_ascension_mode":true,"campfire_choices":[{"data":"HandOfGreed","floor":6.0,"key":"SMITH"},{"data":"Eruption","floor":8.0,"key":"SMITH"},{"floor":10.0,"key":"REST"},{"floor":15.0,"key":"REST"},{"floor":24,"key":"REST"},{"data":"Vigilance","floor":27,"key":"SMITH"},{"data":"LikeWater","floor":29,"key":"SMITH"},{"floor":32,"key":"REST"}],"circlet_count":0,"master_deck":["AscendersBane","Defend_P","Defend_P","Defend_P","Defend_P","Eruption+1","Vigilance+1","HandOfGreed+1","Protect","SignatureMove","EmptyFist","TalkToTheHand+1","CrushJoints+1","LikeWater+1","Establishment","Sanctity","Protect+1","Shame","Adaptation","Panacea","ClearTheMind","Scrawl","ForeignInfluence+1","Crescendo","Writhe"],"relics":["PureWater","Singing Bowl","Akabeko","Du-Vu Doll","PreservedInsect","Cursed Key","Medical Kit","Tiny Chest","Boot","Bottled Lightning","Mango","Black Star","Shuriken","Ornamental Fan","Damaru"],"acts_visited":["Exordium","TheCity","TheBeyond"],"potions_floor_usage":[33,37],"damage_taken":[{"damage":0.0,"enemies":"2 Louse","floor":1.0,"turns":3.0},{"damage":0.0,"enemies":"Jaw Worm","floor":2.0,"turns":5.0},{"damage":0.0,"enemies":"Small Slimes","floor":3.0,"turns":3.0},{"damage":19.0,"enemies":"Gremlin Nob","floor":7.0,"turns":4.0},{"damage":37.0,"enemies":"3 Sentries","floor":11.0,"turns":8.0},{"damage":4.0,"enemies":"Blue Slaver","floor":12.0,"turns":5.0},{"damage":5.0,"enemies":"3 Sentries","floor":14.0,"turns":10.0},{"damage":19.0,"enemies":"The Guardian","floor":16.0,"turns":15.0},{"damage":0.0,"enemies":"Spheric Guardian","floor":18.0,"turns":3.0},{"damage":0.0,"enemies":"Shell Parasite","floor":19.0,"turns":3.0},{"damage":14.0,"enemies":"Chosen and Byrds","floor":22.0,"turns":6.0},{"damage":19,"enemies":"Slavers","floor":23,"turns":6},{"damage":8,"enemies":"Centurion and Healer","floor":25,"turns":5},{"damage":22,"enemies":"Gremlin Leader","floor":28,"turns":6},{"damage":2,"enemies":"Cultist and Chosen","floor":31,"turns":7},{"damage":19,"enemies":"Automaton","floor":33,"turns":12},{"damage":32,"enemies":"3 Darklings","floor":35,"turns":8},{"damage":16,"enemies":"3 Shapes","floor":36,"turns":5},{"damage":12,"enemies":"Spire Growth","floor":37,"turns":4},{"damage":29,"enemies":"Giant Head","floor":40,"turns":7},{"damage":24,"enemies":"4 Shapes","floor":41,"turns":2}],"seed_played":"6306004820229701655","potions_obtained":[{"floor":2.0,"key":"SneckoOil"},{"floor":11.0,"key":"Explosive Potion"},{"floor":14.0,"key":"Energy Potion"},{"floor":16.0,"key":"Dexterity Potion"},{"floor":19.0,"key":"BlessingOfTheForge"},{"floor":33,"key":"LiquidBronze"},{"floor":36,"key":"Ambrosia"},{"floor":37,"key":"Ambrosia"}],"is_trial":false,"path_per_floor":["M","M","M","?","?","R","E","R","T","R","E","M","?","?","R","B",null,"M","M","?","$","M","E","R","M","T","R","E","R","$","M","R","B",null,"M","M","M","$","?","E","M"],"character_chosen":"WATCHER","items_purchased":["Medical Kit","Tiny Chest","Adaptation","Panacea","Shuriken"],"campfire_rested":4,"item_purchase_floors":[21,21,30,30,38],"current_hp_per_floor":[47,47,47,40,58,58,39,39,39,60,23,21,21,16,38,19,60,60,62,62,62,50,31,54,48,48,48,42,42,42,40,68,49,84,54,38,26,26,51,24,0,0],"gold":134,"neow_bonus":"RANDOM_COLORLESS_2","is_daily":false,"chose_seed":false,"campfire_upgraded":4,"win_rate":0.0,"timestamp":1611486800,"path_taken":["M","M","M","?","?","R","E","R","T","R","E","M","?","?","R","BOSS","M","M","?","$","M","E","R","M","T","R","E","R","$","?","R","BOSS","M","M","M","$","?","E","M"],"items_purchased_type":["Relic","Relic","Card","Card","Relic"],"build_version":"2020-12-22","purchased_purges":3,"victory":false,"max_hp_per_floor":[72,72,72,72,72,72,72,72,72,72,72,74,74,74,74,74,74,74,76,76,76,78,78,78,80,80,80,96,96,96,96,96,96,96,98,98,98,98,98,100,100,100],"card_choices":[{"not_picked":["Secret Technique","Metamorphosis"],"picked":"HandOfGreed","floor":0.0},{"not_picked":["SandsOfTime","ClearTheMind"],"picked":"Protect","floor":1.0},{"not_picked":["InnerPeace","Evaluate"],"picked":"SignatureMove","floor":2.0},{"not_picked":["Crescendo","WindmillStrike"],"picked":"EmptyFist","floor":3.0},{"not_picked":["JustLucky","PathToVictory"],"picked":"TalkToTheHand","floor":7.0},{"not_picked":["Sanctity","FlyingSleeves"],"picked":"CrushJoints","floor":11.0},{"not_picked":["EmptyFist","WheelKick","WreathOfFlame"],"picked":"Singing Bowl","floor":12.0},{"not_picked":["FlurryOfBlows","Study"],"picked":"LikeWater","floor":14.0},{"not_picked":["Alpha","Wish"],"picked":"Establishment","floor":16.0},{"not_picked":["ReachHeaven","Consecrate+1"],"picked":"Sanctity","floor":18.0},{"not_picked":["Wallop","FollowUp","ForeignInfluence+1"],"picked":"Singing Bowl","floor":19.0},{"not_picked":["FlyingSleeves","Halt+1","FollowUp"],"picked":"Singing Bowl","floor":22.0},{"not_picked":["SashWhip","Brilliance"],"picked":"Protect+1","floor":23},{"not_picked":["PathToVictory","BowlingBash","SashWhip"],"picked":"Singing Bowl","floor":25},{"not_picked":["CrushJoints","WaveOfTheHand","FollowUp+1"],"picked":"Singing Bowl","floor":28},{"not_picked":["Swivel+1","ThirdEye"],"picked":"ClearTheMind","floor":31},{"not_picked":["Establishment","DeusExMachina"],"picked":"Scrawl","floor":33},{"not_picked":["BowlingBash+1","Conclude","FlyingSleeves+1"],"picked":"Singing Bowl","floor":35},{"not_picked":["Evaluate","Crescendo+1"],"picked":"ForeignInfluence+1","floor":36},{"not_picked":["SashWhip","Study"],"picked":"Crescendo","floor":37},{"not_picked":["Nirvana+1","Crescendo","Sanctity"],"picked":"Singing Bowl","floor":40}],"player_experience":188135,"relics_obtained":[{"floor":7.0,"key":"Singing Bowl"},{"floor":9.0,"key":"Akabeko"},{"floor":11.0,"key":"Du-Vu Doll"},{"floor":23,"key":"Boot"},{"floor":26,"key":"Bottled Lightning"},{"floor":28,"key":"Mango"},{"floor":40,"key":"Ornamental Fan"},{"floor":40,"key":"Damaru"}],"event_choices":[{"cards_removed":["Strike_P"],"damage_healed":0.0,"max_hp_gain":0.0,"max_hp_loss":0.0,"gold_gain":0.0,"event_name":"Golden Wing","player_choice":"Card Removal","floor":4.0,"gold_loss":0.0,"damage_taken":7.0},{"damage_healed":18.0,"max_hp_gain":0.0,"max_hp_loss":0.0,"gold_gain":0.0,"event_name":"The Cleric","player_choice":"Healed","floor":5.0,"gold_loss":35.0,"damage_taken":0.0},{"damage_healed":0.0,"max_hp_gain":0.0,"max_hp_loss":0.0,"gold_gain":0.0,"event_name":"Living Wall","player_choice":"Grow","floor":13.0,"gold_loss":0.0,"damage_taken":0.0,"cards_upgraded":["TalkToTheHand"]},{"damage_healed":0.0,"max_hp_gain":0.0,"max_hp_loss":0.0,"gold_gain":30.0,"event_name":"Dead Adventurer","player_choice":"Searched \u00273\u0027 times","floor":14.0,"gold_loss":0.0,"damage_taken":0.0,"relics_obtained":["PreservedInsect"]},{"damage_healed":0.0,"max_hp_gain":0.0,"max_hp_loss":0.0,"gold_gain":0.0,"event_name":"Upgrade Shrine","player_choice":"Upgraded","floor":20.0,"gold_loss":0.0,"damage_taken":0.0,"cards_upgraded":["CrushJoints"]},{"damage_healed":25,"gold_gain":0,"player_choice":"Writhe","damage_taken":0,"max_hp_gain":0,"max_hp_loss":0,"event_name":"Winding Halls","floor":39,"gold_loss":0,"cards_obtained":["Writhe"]}],"is_beta":false,"boss_relics":[{"not_picked":["SacredBark","Sozu"],"picked":"Cursed Key"},{"not_picked":["Fusion Hammer","HolyWater"],"picked":"Black Star"}],"items_purged_floors":[21,30,38],"is_endless":false,"potions_floor_spawned":[2,11,14,16,19,22,23,33,36,37,40],"killed_by":"4 Shapes","ascension_level":10}}