{"host":"1vzdexsn8vtq5lt7","time":1611506191,"event":{"mods":["Act Like it!","BaseMod","Colored Map","Colored Powertips","Conspire","Easy Mod","Energized Spire","Minty Spire (QoL Compilation)","Quick Restart","Relic Filter Mod","Relic Stats","Replay The Spire","StSLib","SuperFastMode","TestMod","The Marked","[IsaacMod]以撒尖塔","【功能Mod】Neow奖励","【功能Mod】混沌之环修复补丁","【功能Mod】精心准备","【遗物卡牌】REMEMod","没有小屋子和绿帽子啦"],"gold_per_floor":[110,141,155,171,181,181,213,227,253,253,253,282,282,300,300,389,389,414,414,430,445,548,548,589,589,658,730,730,769,769,808,808,897,897,911,1016,618,723,736,771,886,930,955,976,996,996,565,604,604,604],"floor_reached":51,"language":"ZHS","playtime":1644,"items_purged":["theMarked:Strike","theMarked:Strike"],"score":2068,"play_id":"91e4e6a2-3214-44d4-a6ab-721d5a15741c","local_time":"20210125003631","is_ascension_mode":true,"campfire_choices":[{"data":"theMarked:SoldierOfQuellstein","floor":6.0,"key":"SMITH"},{"data":"EasyMod:card_4+1","floor":11.0,"key":"SMITH"},{"data":"theMarked:EmpowerWeapon","floor":15.0,"key":"SMITH"},{"data":"REME_WheelOfFate","floor":23,"key":"SMITH"},{"data":"theMarked:HeightenedSenses","floor":25,"key":"SMITH"},{"data":"theMarked:OneWithTheBlade","floor":30,"key":"SMITH"},{"data":"theMarked:ParalyzingBlade","floor":32,"key":"SMITH"},{"data":"theMarked:Defend","floor":49,"key":"PURGE"}],"circlet_count":0,"master_deck":["EasyMod:card_1","AscendersBane","theMarked:Strike","theMarked:Strike","theMarked:Defend","theMarked:Defend","theMarked:Defend","theMarked:SoldierOfQuellstein+1","theMarked:ChainLightning+1","theMarked:HeightenedSenses+1","testmod-Arrangement+1","EasyMod:card_4+24575","theMarked:EmpowerWeapon+1","theMarked:OneWithTheBlade+1","REME_WheelOfFate+1","theMarked:ParalyzingBlade+1","theMarked:SwordAndMagic+1","Dazed","theMarked:Heritage","theMarked:FavorableWinds","testmod-EternalityOfKhronos"],"relics":["HushsDoor","REME_ComplimentaryCards","PokeGo","testmod-ArcanaOfDestiny","REME_LowDesire","Replay:Mystery Machine","Pen Nib","Molten Egg 2","EasyMod:Easy_1","Bag of Preparation","Mercury Hourglass","Golden Idol","EasyMod:Easy_8","Juzu Bracelet","Mummified Hand","Chameleon Ring","HowToJump","Art of War","Fusion Hammer","Akabeko","EasyMod:Easy_0","Lantern","testmod-Acrobat","UnicornStump","D6","Strawberry","PunchingBag","Bronze Scales","theMarked:DemonDagger","Replay:Baseball","PreservedInsect","Bag of Marbles","Simple Rune"],"acts_visited":["Exordium","TheCity","TheBeyond"],"potions_floor_usage":[24,31,42],"damage_taken":[{"damage":0.0,"enemies":"Small Slimes","floor":1.0,"turns":2.0},{"damage":4.0,"enemies":"conspire:MimicChest","floor":2.0,"turns":3.0},{"damage":0.0,"enemies":"2 Louse","floor":3.0,"turns":2.0},{"damage":0.0,"enemies":"Cultist","floor":4.0,"turns":2.0},{"damage":0.0,"enemies":"Looter","floor":5.0,"turns":2.0},{"damage":5.0,"enemies":"Lagavulin","floor":7.0,"turns":6.0},{"damage":0.0,"enemies":"Exordium Wildlife","floor":8.0,"turns":3.0},{"damage":0.0,"enemies":"3 Sentries","floor":12.0,"turns":4.0},{"damage":0.0,"enemies":"Blue Slaver","floor":14.0,"turns":2.0},{"damage":5.0,"enemies":"Hexaghost","floor":16.0,"turns":7.0},{"damage":4,"enemies":"conspire:FuzzyDice","floor":18,"turns":3},{"damage":0,"enemies":"Shell Parasite","floor":20,"turns":1},{"damage":9,"enemies":"3 Cultists","floor":21,"turns":4},{"damage":2,"enemies":"Snecko","floor":22,"turns":3},{"damage":15,"enemies":"REME_1_Revenger","floor":24,"turns":4},{"damage":0,"enemies":"conspire:Head Lice","floor":29,"turns":2},{"damage":0,"enemies":"Replay:Snechameleon","floor":31,"turns":6},{"damage":33,"enemies":"conspire:MysteriousRune","floor":33,"turns":6},{"damage":0,"enemies":"Orb Walker","floor":35,"turns":1},{"damage":18,"enemies":"3 Shapes","floor":36,"turns":4},{"damage":0,"enemies":"Sphere and 2 Shapes","floor":38,"turns":4},{"damage":0,"enemies":"Maw","floor":39,"turns":1},{"damage":0,"enemies":"Giant Head","floor":40,"turns":2},{"damage":0,"enemies":"Mind Bloom Boss Battle","floor":41,"turns":3},{"damage":1,"enemies":"R_Hoarder","floor":42,"turns":5},{"damage":0,"enemies":"Writhing Mass","floor":44,"turns":4},{"damage":0,"enemies":"Transient","floor":45,"turns":2},{"damage":0,"enemies":"Reptomancer","floor":48,"turns":2},{"damage":0,"enemies":"conspire:OrnateMirror","floor":50,"turns":1}],"seed_played":"-7145542396673440365","potions_obtained":[{"floor":2.0,"key":"Explosive Potion"},{"floor":5.0,"key":"Energy Potion"},{"floor":12.0,"key":"Death Potion"},{"floor":16.0,"key":"Block Potion"},{"floor":21,"key":"Adrenaline Potion"},{"floor":24,"key":"Milkshake"},{"floor":33,"key":"Explosive Potion"},{"floor":42,"key":"Fruit Juice"},{"floor":45,"key":"Dexterity Potion"}],"is_trial":false,"path_per_floor":["M","?","M","M","M","R","E","M","T","?","R","E","?","M","R","B",null,"M","?","M","M","M","R","E","R","T","?","?","E","R","E","R","B",null,"M","M","$","M","M","E","?","E","T","M","M","?","$","E","R_BF","B",null],"character_chosen":"THE_DEFAULT","items_purchased":["EasyMod:Easy_0","theMarked:FavorableWinds","Replay:Baseball","PreservedInsect"],"campfire_rested":0,"item_purchase_floors":[37,37,47,47],"current_hp_per_floor":[67,64,65,66,67,67,63,64,64,64,64,71,46,47,47,43,66,63,63,63,55,54,54,58,58,58,43,43,44,44,45,45,33,63,63,46,46,47,47,54,62,69,69,70,71,71,71,71,71,71],"gold":604,"neow_bonus":"BOSS_RELIC","is_daily":false,"chose_seed":false,"campfire_upgraded":7,"win_rate":0.0,"timestamp":1611506191,"path_taken":["M","?","M","M","M","R","E","M","T","?","R","E","?","M","R","BOSS","M","?","M","?","M","R","E","R","T","?","?","E","R","E","R","BOSS","M","M","$","M","M","E","?","E","T","M","M","?","$","E","R_BF","BOSS"],"items_purchased_type":["Relic","Card","Relic","Relic"],"build_version":"2020-12-22","purchased_purges":2,"victory":true,"max_hp_per_floor":[73,73,73,73,73,73,73,73,73,73,73,73,73,73,73,73,73,73,73,73,73,73,73,73,73,73,73,73,73,73,73,73,73,73,73,73,73,73,73,73,80,87,87,87,87,87,87,87,87,87],"relic_stats":{"counters":[29,90],"Golden Idol":152,"Mummified Hand":[8],"Bronze Scales":[18],"Pen Nib":[14],"PreservedInsect":62,"Bag of Preparation":[44],"Juzu Bracelet":0,"Art of War":[4],"obtain_stats":[{"Lantern":39,"UnicornStump":40,"Bag of Preparation":9,"Juzu Bracelet":24,"Replay:Mystery Machine":0,"EasyMod:Easy_0":37,"EasyMod:Easy_1":7,"PokeGo":0,"Chameleon Ring":26,"EasyMod:Easy_8":18,"Mummified Hand":24,"Strawberry":41,"Fusion Hammer":34,"REME_LowDesire":0,"testmod-ArcanaOfDestiny":0,"KeepersGift":0,"theMarked:DemonDagger":44,"testmod-TestBox":0,"PunchingBag":42,"HowToJump":31,"Golden Idol":13,"Pen Nib":0,"PreservedInsect":47,"Akabeko":35,"Mercury Hourglass":12,"theMarked:ArtifactOfAir":0,"D6":41,"Replay:Baseball":47,"testmod-Acrobat":40,"Bronze Scales":43,"MagicMushroom":0,"Molten Egg 2":2,"Simple Rune":48,"Art of War":31,"Bag of Marbles":48,"HushsDoor":0,"REME_ComplimentaryCards":0},{"Lantern":22,"UnicornStump":23,"Bag of Preparation":7,"Juzu Bracelet":15,"Replay:Mystery Machine":0,"EasyMod:Easy_0":20,"EasyMod:Easy_1":6,"PokeGo":0,"Chameleon Ring":15,"EasyMod:Easy_8":11,"Mummified Hand":15,"Strawberry":24,"Fusion Hammer":18,"REME_LowDesire":0,"testmod-ArcanaOfDestiny":0,"KeepersGift":0,"theMarked:DemonDagger":26,"testmod-TestBox":0,"PunchingBag":25,"HowToJump":17,"Golden Idol":8,"Pen Nib":0,"PreservedInsect":27,"Akabeko":19,"Mercury Hourglass":8,"theMarked:ArtifactOfAir":0,"D6":24,"Replay:Baseball":27,"testmod-Acrobat":23,"Bronze Scales":25,"MagicMushroom":0,"Molten Egg 2":2,"Simple Rune":28,"Art of War":17,"Bag of Marbles":28,"HushsDoor":0,"REME_ComplimentaryCards":0},{"Lantern":71,"UnicornStump":73,"Bag of Preparation":20,"Juzu Bracelet":47,"Replay:Mystery Machine":0,"EasyMod:Easy_0":66,"EasyMod:Easy_1":17,"PokeGo":0,"Chameleon Ring":47,"EasyMod:Easy_8":36,"Mummified Hand":47,"Strawberry":76,"Fusion Hammer":61,"REME_LowDesire":0,"testmod-ArcanaOfDestiny":0,"KeepersGift":0,"theMarked:DemonDagger":85,"testmod-TestBox":0,"PunchingBag":81,"HowToJump":52,"Golden Idol":24,"Pen Nib":0,"PreservedInsect":87,"Akabeko":62,"Mercury Hourglass":24,"theMarked:ArtifactOfAir":0,"D6":76,"Replay:Baseball":87,"testmod-Acrobat":73,"Bronze Scales":81,"MagicMushroom":0,"Molten Egg 2":5,"Simple Rune":89,"Art of War":55,"Bag of Marbles":89,"HushsDoor":0,"REME_ComplimentaryCards":0}],"Mercury Hourglass":[277]},"card_choices":[{"not_picked":["theMarked:Electrify","theMarked:Generate","theMarked:ResourceFulStrike","ReplayTheSpireMod:Private Reserves"],"picked":"SKIP","floor":1.0},{"not_picked":["theMarked:Overthink","theMarked:EnhanceMovement","testmod-HandmadeProducts"],"picked":"theMarked:ChainLightning+1","floor":2.0},{"not_picked":["theMarked:Pokerface","theMarked:Panic","theMarked:Static","testmod-Automaton+1"],"picked":"SKIP","floor":3.0},{"not_picked":["theMarked:Frustration+1","theMarked:Convert","theMarked:Seal","Deep Breath"],"picked":"SKIP","floor":4.0},{"not_picked":["theMarked:Electrocute+1","theMarked:Toughness","Crow Ritual"],"picked":"theMarked:HeightenedSenses","floor":5.0},{"not_picked":["theMarked:BanishingStrike+1","theMarked:TwofoldDefense","theMarked:RepellingDischarge"],"picked":"testmod-Arrangement+1","floor":7.0},{"not_picked":["theMarked:BanishingWave+1","theMarked:ElectricStrings+1","theMarked:BanishingStrike+1"],"picked":"EasyMod:card_4+1","floor":8.0},{"not_picked":["theMarked:Improvise","theMarked:BanishingStrike+1","EasyMod:card_3"],"picked":"theMarked:EmpowerWeapon","floor":12.0},{"not_picked":["theMarked:ChainLightning+1","theMarked:EmpowerWeapon","Forethought"],"picked":"theMarked:OneWithTheBlade","floor":14.0},{"not_picked":["theMarked:ThrowWeapon+1","theMarked:Snap+1","theMarked:Abjuration+1"],"picked":"REME_WheelOfFate","floor":16.0},{"not_picked":["theMarked:ResourceFulStrike+1","theMarked:ChainLightning+1","testmod-SunMoon+1"],"picked":"theMarked:ParalyzingBlade","floor":18},{"not_picked":["theMarked:BanishingStrike+1","theMarked:Improvise","testmod-Reflect"],"picked":"theMarked:SwordAndMagic+1","floor":20},{"not_picked":["theMarked:ElectricStrings+1","theMarked:WastefulAttack+1","theMarked:TheMission","testmod-Reverberation"],"picked":"SKIP","floor":21},{"not_picked":["theMarked:Polarize","theMarked:WardOff","theMarked:Aftermath","REME_TheoryOfElimination"],"picked":"SKIP","floor":22},{"not_picked":["theMarked:Seal","theMarked:Panic","theMarked:EnhanceMovement","testmod-ComboMaster+1"],"picked":"SKIP","floor":24},{"not_picked":["theMarked:Generate+1","theMarked:SelfDefenseTraining+1","theMarked:MuscleMemory","Madness"],"picked":"SKIP","floor":29},{"not_picked":["theMarked:ParalyzingBlade","theMarked:FavorableWinds","theMarked:ShockingTouch+1","testmod-ShutDown"],"picked":"SKIP","floor":31},{"not_picked":["theMarked:Seal","theMarked:BanishingWave+1","testmod-BackupPower"],"picked":"theMarked:Heritage","floor":35},{"not_picked":["theMarked:WastefulAttack+1","theMarked:EmpowerWeapon","theMarked:Convert","testmod-Librarian"],"picked":"SKIP","floor":36},{"not_picked":["theMarked:Maelstrom","theMarked:TwofoldDefense","theMarked:ParalyzingBlade","EasyMod:card_2"],"picked":"SKIP","floor":38},{"not_picked":["theMarked:ElectricStrings+1","theMarked:Frustration+1","theMarked:RogueSparks","ReplayTheSpireMod:Trickstab+1"],"picked":"SKIP","floor":39},{"not_picked":["theMarked:Memento","theMarked:TakeCover","theMarked:Frustration+1","REME_PuzzleBox"],"picked":"SKIP","floor":40},{"not_picked":["theMarked:Overcharge","theMarked:TakeOffHeels","theMarked:Parkour+1"],"picked":"testmod-EternalityOfKhronos","floor":41},{"not_picked":["theMarked:ChainLightning+1","theMarked:EmpowerWeapon+1","theMarked:ElectricStrings+1","BloodyBrimstone+1"],"picked":"SKIP","floor":42},{"not_picked":["theMarked:ElectricStrings+1","theMarked:Vacuum+1","theMarked:Parkour+1","Violence"],"picked":"SKIP","floor":44},{"not_picked":["theMarked:Indomitable","theMarked:HeightenedSenses","theMarked:Memento","Replay:Sssssssssstrike+1"],"picked":"SKIP","floor":45},{"not_picked":["theMarked:Improvise","theMarked:TakeCover","theMarked:Frustration+1","DoctorFetus"],"picked":"SKIP","floor":48}],"player_experience":215595,"relics_obtained":[{"floor":0.0,"key":"Replay:Mystery Machine"},{"floor":0.0,"key":"Pen Nib"},{"floor":2.0,"key":"Molten Egg 2"},{"floor":7.0,"key":"EasyMod:Easy_1"},{"floor":9.0,"key":"Bag of Preparation"},{"floor":12.0,"key":"Mercury Hourglass"},{"floor":18,"key":"EasyMod:Easy_8"},{"floor":24,"key":"Juzu Bracelet"},{"floor":24,"key":"Mummified Hand"},{"floor":26,"key":"Chameleon Ring"},{"floor":31,"key":"Art of War"},{"floor":35,"key":"Akabeko"},{"floor":39,"key":"Lantern"},{"floor":40,"key":"testmod-Acrobat"},{"floor":40,"key":"UnicornStump"},{"floor":41,"key":"D6"},{"floor":41,"key":"Strawberry"},{"floor":42,"key":"PunchingBag"},{"floor":43,"key":"Bronze Scales"},{"floor":44,"key":"theMarked:DemonDagger"},{"floor":48,"key":"Bag of Marbles"},{"floor":48,"key":"Simple Rune"}],"event_choices":[{"damage_healed":0.0,"max_hp_gain":0.0,"max_hp_loss":0.0,"gold_gain":0.0,"event_name":"Golden Idol","player_choice":"Take Damage","floor":13.0,"gold_loss":0.0,"damage_taken":25.0,"relics_obtained":["Golden Idol"]},{"damage_healed":0,"gold_gain":0,"player_choice":"Ignored","damage_taken":0,"max_hp_gain":0,"max_hp_loss":0,"event_name":"The Mausoleum","floor":19,"gold_loss":0},{"damage_healed":0,"gold_gain":0,"player_choice":"Ignored","damage_taken":0,"max_hp_gain":0,"max_hp_loss":0,"event_name":"N\u0027loth","floor":28,"gold_loss":0},{"damage_healed":0,"gold_gain":0,"player_choice":"Fight","damage_taken":0,"max_hp_gain":0,"max_hp_loss":0,"event_name":"MindBloom","floor":41,"gold_loss":0},{"damage_healed":0,"gold_gain":0,"player_choice":"Swap Relic","damage_taken":0,"relics_obtained":["HushsDoor"],"max_hp_gain":0,"max_hp_loss":0,"event_name":"给自己的盒子","floor":46,"relics_lost":["MagicMushroom"],"gold_loss":0}],"is_beta":false,"boss_relics":[{"not_picked":["Kintsugi","energizedSpire:RedRose","testmod-NegativeEmotionEnhancer"]},{"not_picked":["Astrolabe","Philosopher\u0027s Stone"],"picked":"Fusion Hammer"},{"not_picked":[]}],"items_purged_floors":[37,47],"is_endless":false,"potions_floor_spawned":[2,5,7,12,16,20,21,24,29,33,35,40,42,45],"ascension_level":18}}