{"host":"5p9hybygolzp0efr","time":1611465155,"event":{"mods":["AchievementEnabler","BaseMod","Bestiary","Colored Map","Minty Spire (QoL Compilation)","Permanent Neow","Relic Stats"],"gold_per_floor":[113,125,125,142,160,160,160],"floor_reached":6,"language":"ENG","playtime":298,"items_purged":[],"score":48,"play_id":"f8481422-aefb-4bb3-8c4b-85632918d5ff","local_time":"20210124131235","is_ascension_mode":true,"campfire_choices":[],"circlet_count":0,"master_deck":["Eruption","Vigilance+1","SignatureMove","LessonLearned","EmptyMind+1"],"relics":["Pandora\u0027s Box"],"acts_visited":["Exordium"],"potions_floor_usage":[],"damage_taken":[{"damage":6,"enemies":"2 Louse","floor":1,"turns":5},{"damage":32,"enemies":"Cultist","floor":2,"turns":7},{"damage":0,"enemies":"Small Slimes","floor":4,"turns":3},{"damage":3,"enemies":"Red Slaver","floor":5,"turns":4},{"damage":8,"enemies":"3 Sentries","floor":6,"turns":3}],"seed_played":"980730689071853965","potions_obtained":[{"floor":4,"key":"BottledMiracle"},{"floor":5,"key":"Explosive Potion"}],"is_trial":false,"path_per_floor":["M","M","?","M","M","E"],"character_chosen":"WATCHER","items_purchased":[],"campfire_rested":0,"item_purchase_floors":[],"current_hp_per_floor":[66,34,34,34,31,23,23],"gold":160,"neow_bonus":"BOSS_RELIC","is_daily":false,"chose_seed":true,"campfire_upgraded":0,"win_rate":0.0,"timestamp":1611465155,"path_taken":["M","M","?","M","?","E"],"items_purchased_type":[],"build_version":"2020-12-22","purchased_purges":0,"victory":false,"max_hp_per_floor":[72,72,72,72,72,72,72],"relic_stats":{"counters":[5,22],"Pandora\u0027s Box":["Halt","Nirvana","CrushJoints","Pray","Indignation","Weave","Evaluate","Blasphemy"],"obtain_stats":[{"Pandora\u0027s Box":0,"PureWater":0},{"Pandora\u0027s Box":0,"PureWater":0},{"Pandora\u0027s Box":0,"PureWater":0}]},"card_choices":[{"not_picked":["CrushJoints","EmptyBody","Pray"],"picked":"SKIP","floor":1},{"not_picked":["Weave","Prostrate"],"picked":"SignatureMove","floor":2},{"not_picked":["FlyingSleeves","TalkToTheHand","FollowUp"],"picked":"SKIP","floor":4},{"not_picked":["Prostrate","SignatureMove","Evaluate"],"picked":"SKIP","floor":5}],"player_experience":527469,"relics_obtained":[],"event_choices":[{"damage_healed":0,"gold_gain":0,"player_choice":"2 cards matched","damage_taken":0,"max_hp_gain":0,"max_hp_loss":0,"event_name":"Match and Keep!","floor":3,"gold_loss":0,"cards_obtained":["LessonLearned","EmptyMind"]}],"is_beta":false,"boss_relics":[],"items_purged_floors":[],"is_endless":false,"potions_floor_spawned":[4,5],"killed_by":"3 Sentries","ascension_level":5}}