{"host":"ydg0vn0pu4pubmdt","time":1611492549,"event":{"mods":["AchievementEnabler","BaseMod","Colored Map","Gold Saver","Minty Spire (QoL Compilation)","Quick Restart","SuperFastMode"],"gold_per_floor":[703,335,335,348,348,348,367,367,367,379,404,418,431,446,446,521,521,497,220,220,232,232,246,246,277,303,303,303,319,319,319],"floor_reached":30,"language":"KOR","playtime":869,"items_purged":["Strike_B","Defend_B"],"score":559,"play_id":"be2856d7-59f2-4c75-b205-dfa69a2b1303","local_time":"20210124214909","is_ascension_mode":true,"campfire_choices":[{"data":"Dualcast","floor":6.0,"key":"SMITH"},{"data":"Defragment","floor":8.0,"key":"SMITH"},{"floor":15.0,"key":"REST"},{"data":"Fission","floor":24.0,"key":"SMITH"},{"floor":27.0,"key":"REST"}],"circlet_count":0,"master_deck":["AscendersBane","Strike_B","Strike_B","Defend_B","Defend_B","Defend_B","Zap+1","Dualcast+1","Reboot","Conserve Battery","Storm+1","Doom and Gloom","Compile Driver","Defragment+1","Cold Snap","Defragment","Cold Snap","Reinforced Body","Fission+1","Auto Shields","Leap","Loop","Genetic Algorithm","Leap"],"relics":["Cracked Core","Bag of Preparation","Sundial","Nunchaku","Inserter","Membership Card","Bronze Scales","Lantern","Enchiridion"],"acts_visited":["Exordium","TheCity"],"potions_floor_usage":[],"damage_taken":[{"damage":12.0,"enemies":"Jaw Worm","floor":1.0,"turns":3.0},{"damage":3.0,"enemies":"Small Slimes","floor":4.0,"turns":3.0},{"damage":1.0,"enemies":"2 Louse","floor":7.0,"turns":3.0},{"damage":6.0,"enemies":"Exordium Thugs","floor":10.0,"turns":3.0},{"damage":13.0,"enemies":"Lagavulin","floor":11.0,"turns":4.0},{"damage":15.0,"enemies":"3 Louse","floor":12.0,"turns":2.0},{"damage":11.0,"enemies":"Large Slime","floor":13.0,"turns":3.0},{"damage":0.0,"enemies":"Looter","floor":14.0,"turns":3.0},{"damage":0.0,"enemies":"Slime Boss","floor":16.0,"turns":5.0},{"damage":15.0,"enemies":"2 Thieves","floor":18.0,"turns":4.0},{"damage":14.0,"enemies":"Shell Parasite","floor":21.0,"turns":8.0},{"damage":14.0,"enemies":"3 Cultists","floor":23.0,"turns":4.0},{"damage":6.0,"enemies":"Gremlin Leader","floor":25.0,"turns":8.0},{"damage":1.0,"enemies":"Centurion and Healer","floor":29.0,"turns":9.0},{"damage":10,"enemies":"Shelled Parasite and Fungi","floor":30,"turns":3}],"seed_played":"4923930261646358448","potions_obtained":[{"floor":10.0,"key":"SpeedPotion"},{"floor":11.0,"key":"SneckoOil"},{"floor":12.0,"key":"Fire Potion"},{"floor":13.0,"key":"PowerPotion"},{"floor":16.0,"key":"FearPotion"}],"is_trial":false,"path_per_floor":["M","$","?","M","?","R","M","R","T","M","E","M","M","M","R","B",null,"M","$","?","M","?","M","R","E","T","R","?","M","M"],"character_chosen":"DEFECT","items_purchased":["Bag of Preparation","Storm","Doom and Gloom","Membership Card","Leap","Loop"],"campfire_rested":2,"item_purchase_floors":[2,2,2,19,19,19],"current_hp_per_floor":[52,52,31,28,51,51,50,50,50,44,31,16,5,5,26,26,60,45,45,45,31,31,17,17,11,11,32,11,10,0,0],"gold":319,"neow_bonus":"ONE_RANDOM_RARE_CARD","is_daily":false,"chose_seed":false,"campfire_upgraded":3,"win_rate":0.0,"timestamp":1611492549,"path_taken":["M","$","?","M","?","R","M","R","T","M","E","M","M","M","R","BOSS","M","$","?","M","?","M","R","E","T","R","?","?","M"],"items_purchased_type":["Relic","Card","Card","Relic","Card","Card"],"build_version":"2020-12-22","purchased_purges":2,"victory":false,"max_hp_per_floor":[71,71,71,71,71,71,71,71,71,71,71,71,71,71,71,71,71,71,71,71,71,71,71,71,71,71,71,71,71,71,71],"card_choices":[{"not_picked":["Barrage","Steam"],"picked":"Conserve Battery","floor":1.0},{"not_picked":["Sweeping Beam","Amplify"],"picked":"Compile Driver","floor":4.0},{"not_picked":["Heatsinks","Doom and Gloom"],"picked":"Defragment","floor":7.0},{"not_picked":["Conserve Battery","Gash"],"picked":"Cold Snap","floor":10.0},{"not_picked":["Loop","Conserve Battery"],"picked":"Defragment","floor":11.0},{"not_picked":["Ball Lightning","Reprogram"],"picked":"Cold Snap","floor":12.0},{"not_picked":["Turbo","Coolheaded"],"picked":"Reinforced Body","floor":13.0},{"not_picked":["Ball Lightning","Reprogram","Barrage"],"picked":"SKIP","floor":14.0},{"not_picked":["Rainbow","Machine Learning"],"picked":"Fission","floor":16.0},{"not_picked":["Streamline","Cold Snap"],"picked":"Auto Shields","floor":18.0},{"not_picked":["Darkness","Aggregate"],"picked":"Genetic Algorithm","floor":21.0},{"not_picked":["Conserve Battery","Rebound","Redo"],"picked":"SKIP","floor":23.0},{"not_picked":["Fusion","Steam","Beam Cell+1"],"picked":"SKIP","floor":25.0},{"not_picked":["Loop","Redo+1"],"picked":"Leap","floor":29}],"player_experience":578041,"relics_obtained":[{"floor":9.0,"key":"Sundial"},{"floor":11.0,"key":"Nunchaku"},{"floor":25.0,"key":"Bronze Scales"},{"floor":26.0,"key":"Lantern"},{"floor":28.0,"key":"Enchiridion"}],"event_choices":[{"damage_healed":0.0,"max_hp_gain":0.0,"max_hp_loss":0.0,"gold_gain":0.0,"event_name":"Shining Light","player_choice":"Entered Light","floor":3.0,"gold_loss":0.0,"damage_taken":21.0,"cards_upgraded":["Storm","Zap"]},{"damage_healed":23.0,"max_hp_gain":0.0,"max_hp_loss":0.0,"gold_gain":0.0,"event_name":"Big Fish","player_choice":"Banana","floor":5.0,"gold_loss":0.0,"damage_taken":0.0},{"cards_removed":["Strike_B"],"damage_healed":0.0,"max_hp_gain":0.0,"max_hp_loss":0.0,"gold_gain":0.0,"event_name":"Bonfire Elementals","player_choice":"Offered Basic","floor":20.0,"gold_loss":0.0,"damage_taken":0.0},{"damage_healed":0.0,"max_hp_gain":0.0,"max_hp_loss":0.0,"gold_gain":0.0,"event_name":"Vampires","player_choice":"Ignored","floor":22.0,"gold_loss":0.0,"damage_taken":0.0},{"damage_healed":0.0,"max_hp_gain":0.0,"max_hp_loss":0.0,"gold_gain":0.0,"event_name":"Cursed Tome","player_choice":"Obtained Book","floor":28.0,"gold_loss":0.0,"damage_taken":21.0}],"is_beta":false,"boss_relics":[{"not_picked":["Coffee Dripper","Fusion Hammer"],"picked":"Inserter"}],"items_purged_floors":[2,19],"is_endless":false,"potions_floor_spawned":[10,11,12,13,14,16,21,23],"killed_by":"Shelled Parasite and Fungi","ascension_level":17}}