{"host":"cbs04hxbqwdiijvt","time":1611451686,"event":{"mods":["AchievementEnabler","BaseMod","Colored Map","Minty Spire (QoL Compilation)","StSLib","SuperFastMode","everything is the same but u backflip on backflip"],"gold_per_floor":[119,119,136,6,22,22,34,65,139,151,151,186,197,227,227,227,227],"floor_reached":16,"language":"KOR","playtime":521,"items_purged":["Strike_R"],"score":226,"play_id":"610335ed-bcc9-4b21-8bc6-6a1d8dd184e9","local_time":"20210124102806","is_ascension_mode":true,"campfire_choices":[{"data":"Armaments","floor":6,"key":"SMITH"},{"data":"Infernal Blade","floor":11,"key":"SMITH"},{"data":"Fire Breathing","floor":15,"key":"SMITH"}],"circlet_count":0,"master_deck":["AscendersBane","Strike_R","Strike_R","Strike_R","Defend_R","Defend_R","Defend_R","Bash","Thunderclap","Infernal Blade+1","Flame Barrier","Shrug It Off","Armaments+1","Dropkick","Exhume","Fire Breathing+1"],"relics":["Burning Blood","CultistMask","StoneCalendar","Paper Frog","Smiling Mask","InkBottle"],"acts_visited":["Exordium"],"potions_floor_usage":[8,12,14],"damage_taken":[{"damage":8,"enemies":"2 Louse","floor":1,"turns":3},{"damage":1,"enemies":"Cultist","floor":3,"turns":3},{"damage":6,"enemies":"Small Slimes","floor":5,"turns":4},{"damage":6,"enemies":"Looter","floor":7,"turns":2},{"damage":48,"enemies":"Lagavulin","floor":8,"turns":7},{"damage":6,"enemies":"3 Louse","floor":10,"turns":4},{"damage":4,"enemies":"3 Sentries","floor":12,"turns":7},{"damage":8,"enemies":"Blue Slaver","floor":13,"turns":5},{"damage":7,"enemies":"Lagavulin","floor":14,"turns":3},{"damage":26,"enemies":"Hexaghost","floor":16,"turns":7}],"seed_played":"5066820173071819171","potions_obtained":[{"floor":7,"key":"SteroidPotion"},{"floor":10,"key":"HeartOfIron"},{"floor":13,"key":"AttackPotion"},{"floor":14,"key":"SneckoOil"}],"is_trial":false,"path_per_floor":["M","?","M","$","M","R","M","E","T","M","R","E","M","E","R","B"],"character_chosen":"IRONCLAD","items_purchased":["Armaments"],"campfire_rested":0,"item_purchase_floors":[4],"current_hp_per_floor":[66,66,68,68,68,68,68,26,26,26,26,28,26,25,25,0,0],"gold":227,"neow_bonus":"TRANSFORM_TWO_CARDS","is_daily":false,"chose_seed":false,"campfire_upgraded":3,"win_rate":0.0,"timestamp":1611451686,"path_taken":["M","?","M","$","?","R","M","E","T","M","R","E","M","E","R","BOSS"],"items_purchased_type":["Card"],"build_version":"2020-12-22","purchased_purges":1,"victory":false,"max_hp_per_floor":[68,68,68,68,68,68,68,68,68,68,68,68,68,68,68,68,68],"card_choices":[{"not_picked":["Perfected Strike","Twin Strike"],"picked":"Flame Barrier","floor":1},{"not_picked":["Havoc","Combust"],"picked":"Shrug It Off","floor":3},{"not_picked":["Perfected Strike","Berserk","Headbutt"],"picked":"SKIP","floor":5},{"not_picked":["Warcry","Perfected Strike"],"picked":"Dropkick","floor":7},{"not_picked":["Cleave","Armaments","Seeing Red"],"picked":"SKIP","floor":8},{"not_picked":["Intimidate","Rage","Clash"],"picked":"SKIP","floor":10},{"not_picked":["Havoc","Rage"],"picked":"Exhume","floor":12},{"not_picked":["Uppercut","Cleave","Pommel Strike"],"picked":"SKIP","floor":13},{"not_picked":["Double Tap","Twin Strike"],"picked":"Fire Breathing","floor":14}],"player_experience":617467,"relics_obtained":[{"floor":8,"key":"StoneCalendar"},{"floor":9,"key":"Paper Frog"},{"floor":12,"key":"Smiling Mask"},{"floor":14,"key":"InkBottle"}],"event_choices":[{"damage_healed":0,"gold_gain":0,"player_choice":"Trade","damage_taken":0,"relics_obtained":["CultistMask"],"max_hp_gain":0,"max_hp_loss":0,"event_name":"FaceTrader","floor":2,"gold_loss":0}],"is_beta":false,"boss_relics":[],"items_purged_floors":[4],"is_endless":false,"potions_floor_spawned":[7,10,13,14],"killed_by":"Hexaghost","ascension_level":17}}