{"host":"qhn6g0owdgjb77rz","time":1611480901,"event":{"mods":["BaseMod","BetterRewards","Colored Map","Downfall","Minty Spire (QoL Compilation)","Relic Sorter","StSLib"],"gold_per_floor":[99,156,456,456,474,474,474,492,506,506,540,560,560,572,585,585,585,585],"floor_reached":16,"language":"ENG","playtime":604,"items_purged":[],"score":102,"play_id":"346df513-7354-45e3-8952-fdfd999cae3d","local_time":"20210124183501","is_ascension_mode":false,"campfire_choices":[{"data":"bronze:Replicate","floor":1.0,"key":"SMITH"},{"data":"bronze:Fortify","floor":6.0,"key":"SMITH"},{"data":"bronze:Goto","floor":10.0,"key":"SMITH"},{"data":"bronze:NullPointer","floor":13.0,"key":"SMITH"}],"circlet_count":0,"master_deck":["bronze:Strike","bronze:Strike","bronze:Strike","bronze:Defend","bronze:Defend","bronze:Defend","bronze:Replicate+1","bronze:Goto+1","bronze:CleanCode","bronze:Fortify+1","downfall:Haunted","bronze:BronzeOrb","bronze:NullPointer+1","bronze:Frontload","bronze:Philosophize","bronze:Deprecate"],"relics":["bronze:BronzeCore","bronze:CableSpool","The Courier","FossilizedHelix"],"acts_visited":["Exordium"],"potions_floor_usage":[16,16],"damage_taken":[{"damage":42.0,"enemies":"Gremlin Nob","floor":2.0,"turns":5.0},{"damage":1.0,"enemies":"Jaw Worm","floor":5.0,"turns":2.0},{"damage":0.0,"enemies":"Small Slimes","floor":8.0,"turns":2.0},{"damage":0.0,"enemies":"Cultist","floor":9.0,"turns":2.0},{"damage":14.0,"enemies":"Lagavulin","floor":11.0,"turns":5.0},{"damage":0.0,"enemies":"Blue Slaver","floor":12.0,"turns":2.0},{"damage":0,"enemies":"Exordium Wildlife","floor":14,"turns":5},{"damage":0,"enemies":"Red Slaver","floor":15,"turns":4},{"damage":13,"enemies":"IC_STATUS_ARCHETYPE","floor":16,"turns":2}],"seed_played":"-34883408155986400","potions_obtained":[{"floor":2.0,"key":"bronze:BurnAndBuffPotion"},{"floor":11.0,"key":"Energy Potion"},{"floor":14,"key":"SpeedPotion"}],"is_trial":false,"path_per_floor":["R","?","?","?","M","R","T","M","M","R","E","M","R","M","M","B"],"character_chosen":"THE_AUTOMATON","items_purchased":[],"campfire_rested":0,"item_purchase_floors":[],"current_hp_per_floor":[70,28,28,28,27,27,27,27,27,27,13,13,13,13,13,0,0,0],"gold":585,"neow_bonus":"TRANSFORM_CARD","is_daily":false,"chose_seed":false,"campfire_upgraded":4,"win_rate":0.0,"timestamp":1611480901,"path_taken":["R","?","?","?","M","R","T","M","M","R","E","M","R","?","M","BOSS"],"items_purchased_type":[],"build_version":"2020-12-22","purchased_purges":0,"victory":false,"max_hp_per_floor":[70,70,70,70,70,70,70,70,70,70,70,70,70,70,70,70,70,70],"card_choices":[{"not_picked":["bronze:Shield","bronze:Shell"],"picked":"bronze:Fortify","floor":2.0},{"not_picked":["bronze:CutThrough","bronze:Overload","bronze:Shield"],"picked":"SKIP","floor":5.0},{"not_picked":["bronze:BuggyMess","bronze:BitShift","bronze:Optimize"],"picked":"SKIP","floor":8.0},{"not_picked":["bronze:Overheat","bronze:CloningBeam"],"picked":"bronze:BronzeOrb","floor":9.0},{"not_picked":["bronze:BitShift","bronze:ShipIt"],"picked":"bronze:NullPointer","floor":11.0},{"not_picked":["bronze:BugBarrage","bronze:Branch"],"picked":"bronze:Frontload","floor":12.0},{"not_picked":["bronze:Shield","bronze:HardenedForm"],"picked":"bronze:Philosophize","floor":14},{"not_picked":["bronze:Frontload","bronze:Branch"],"picked":"bronze:Deprecate","floor":15}],"player_experience":636704,"relics_obtained":[{"floor":2.0,"key":"bronze:CableSpool"},{"floor":7.0,"key":"The Courier"},{"floor":11.0,"key":"FossilizedHelix"}],"event_choices":[],"is_beta":false,"boss_relics":[],"items_purged_floors":[],"is_endless":false,"potions_floor_spawned":[2,11,14,15],"killed_by":"IC_STATUS_ARCHETYPE","ascension_level":0}}