{"host":"7k2a2omxz3voj5ax","time":1611492415,"event":{"mods":["BaseMod","Marisa£¨ìFÓê¡¡Ä§ÀíÉ³£©","Minty Spire (QoL Compilation)","Quick Restart","Spicy Shops","StSLib","Starting Relic: Pandora\u0027s Box","¡¾ÒÅÎï¿¨ÅÆ¡¿REMEMod","óô»ðÖ¸ÄÏ"],"gold_per_floor":[111,123,138,138,150,180,3105,3134,2227,2275,2292,2367,2421,2421,2421,1402,1477,1477,1489,1489,1489,1501,884,338,263,281,331,357,400,428,340,382,204,288,300,330,354,411,423,240,240,240,260,338,351,380,380,27,60,60,60],"floor_reached":52,"language":"ZHS","playtime":2794,"items_purged":["Barrage","Zap","Sunder","Doom and Gloom","Hologram+1","Cold Snap","Coolheaded","Injury","Ball Lightning","Electrodynamics"],"score":1924,"play_id":"16bae95e-b962-40e9-833b-4fd249b7445f","local_time":"20210124214655","is_ascension_mode":true,"campfire_choices":[{"data":"Amplify","floor":41.0,"key":"SMITH"},{"data":"Defragment","floor":47.0,"key":"SMITH"},{"data":"Impatience","floor":50.0,"key":"SMITH"}],"circlet_count":0,"master_deck":["AscendersBane","Defragment","Skim","SatelliteIllusion","Genetic Algorithm","REME_SelfUpgrade","Chill+1","Recycle","Amplify+1","Tempest","Glacier","REME_EmptyShield","Coolheaded+1","Noxious Fumes","Defragment+1","Juggernaut","Body Slam","Impatience+1"],"relics":["Pandora\u0027s Box","REME_ComplimentaryCards","NeowsBlessing","Mango","Orrery","Symbiotic Virus","The Courier","Smiling Mask","ClockworkSouvenir","FossilizedHelix","Juzu Bracelet","Nunchaku","Lantern","War Paint","Lee\u0027s Waffle","REME_HandOfSuture","Lizard Tail","Eternal Feather","SlaversCollar","Chemical X","Bag of Preparation","OrangePellets","Sundial","TheAbacus","Singing Bowl","PrismaticShard","MawBank","Happy Flower","Akabeko","Membership Card","Inserter","Girya","Runic Capacitor","Centennial Puzzle","DataDisk","Mummified Hand","PreservedInsect","Medical Kit","Frozen Egg 2","Toxic Egg 2","StrikeDummy"],"acts_visited":["Exordium","TheCity","TheBeyond"],"potions_floor_usage":[51],"damage_taken":[{"damage":0.0,"enemies":"Cultist","floor":1.0,"turns":1.0},{"damage":10.0,"enemies":"Small Slimes","floor":2.0,"turns":2.0},{"damage":0.0,"enemies":"2 Louse","floor":3.0,"turns":1.0},{"damage":18.0,"enemies":"Large Slime","floor":5.0,"turns":5.0},{"damage":30.0,"enemies":"3 Sentries","floor":6.0,"turns":4.0},{"damage":19.0,"enemies":"Lagavulin","floor":8.0,"turns":6.0},{"damage":0.0,"enemies":"3 Louse","floor":11.0,"turns":4.0},{"damage":0.0,"enemies":"Slime Boss","floor":17.0,"turns":6.0},{"damage":0.0,"enemies":"3 Byrds","floor":19.0,"turns":3.0},{"damage":15.0,"enemies":"Shell Parasite","floor":22.0,"turns":4.0},{"damage":30.0,"enemies":"Snake Plant","floor":26.0,"turns":5.0},{"damage":0.0,"enemies":"Cultist and Chosen","floor":28.0,"turns":4.0},{"damage":0.0,"enemies":"Book of Stabbing","floor":29.0,"turns":6.0},{"damage":0.0,"enemies":"Centurion and Healer","floor":30.0,"turns":6.0},{"damage":0.0,"enemies":"Slavers","floor":32.0,"turns":3.0},{"damage":0.0,"enemies":"Champ","floor":34.0,"turns":5.0},{"damage":0.0,"enemies":"3 Darklings","floor":36.0,"turns":3.0},{"damage":0.0,"enemies":"Orb Walker","floor":37.0,"turns":3.0},{"damage":10.0,"enemies":"2 Orb Walkers","floor":38.0,"turns":4.0},{"damage":0.0,"enemies":"Maw","floor":43.0,"turns":4.0},{"damage":0.0,"enemies":"Jaw Worm Horde","floor":45.0,"turns":3.0},{"damage":0.0,"enemies":"Giant Head","floor":46.0,"turns":3.0},{"damage":0.0,"enemies":"Nemesis","floor":49.0,"turns":3.0},{"damage":0,"enemies":"Awakened One","floor":51,"turns":4}],"seed_played":"1501208070205972454","potions_obtained":[{"floor":2.0,"key":"Weak Potion"},{"floor":5.0,"key":"PowerPotion"},{"floor":6.0,"key":"Regen Potion"},{"floor":8.0,"key":"FairyPotion"},{"floor":29.0,"key":"DistilledChaos"},{"floor":43.0,"key":"AttackPotion"}],"is_trial":false,"path_per_floor":["M","M","M","?","M","E","R","E","R","T","M","?","?","?","?","R","B",null,"M","?","?","M","$","R","?","M","T","M","E","M","R","E","R","B",null,"M","M","?","?","$","R","T","M","T","M","E","R","$","E","R","B",null],"character_chosen":"DEFECT","items_purchased":["Orrery","The Courier","Smiling Mask","ClockworkSouvenir","FossilizedHelix","Nunchaku","Lantern","War Paint","Lee\u0027s Waffle","REME_HandOfSuture","Lizard Tail","Eternal Feather","Chemical X","Bag of Preparation","OrangePellets","Sundial","TheAbacus","Singing Bowl","PrismaticShard","Glacier","Membership Card","Defragment","Runic Capacitor","Centennial Puzzle","DataDisk","Medical Kit","Frozen Egg 2","Toxic Egg 2"],"campfire_rested":0,"item_purchase_floors":[7,9,9,9,9,16,16,16,16,16,16,16,23,23,23,23,24,24,24,24,33,33,40,40,40,48,48,48],"current_hp_per_floor":[64,54,54,54,36,20,20,16,16,16,16,5,5,5,5,92,92,92,92,92,92,77,77,86,86,56,56,56,58,58,67,67,76,76,90,92,94,86,86,86,95,95,95,95,95,97,97,97,99,99,99],"gold":60,"neow_bonus":"THREE_ENEMY_KILL","is_daily":false,"chose_seed":false,"campfire_upgraded":3,"win_rate":0.0,"timestamp":1611492415,"path_taken":["M","M","?","?","M","E","R","E","R","T","M","?","?","?","?","R","BOSS","M","?","?","M","$","R","?","M","T","M","E","M","R","E","R","BOSS","M","M","?","?","$","R","?","M","T","M","E","R","?","E","R","BOSS"],"items_purchased_type":["Relic","Relic","Relic","Relic","Relic","Relic","Relic","Relic","Relic","Relic","Relic","Relic","Relic","Relic","Relic","Relic","Relic","Relic","Relic","Card","Relic","Card","Relic","Relic","Relic","Relic","Relic","Relic"],"build_version":"2020-12-22","purchased_purges":10,"victory":true,"max_hp_per_floor":[71,71,71,71,71,85,85,85,85,85,85,85,85,85,85,92,92,92,92,92,92,92,92,92,92,92,92,92,94,94,94,94,94,94,94,96,98,100,95,95,95,95,95,95,95,97,97,97,99,99,99],"card_choices":[{"not_picked":["REME_Whirling","Compile Driver"],"picked":"Genetic Algorithm","floor":1.0},{"not_picked":["Sweeping Beam","Steam","REME_Whirling"],"picked":"SKIP","floor":2.0},{"not_picked":["Doom and Gloom","FTL","Reprogram"],"picked":"SKIP","floor":3.0},{"not_picked":["REME_DataAnalysis","Ball Lightning"],"picked":"REME_SelfUpgrade","floor":5.0},{"not_picked":["Compile Driver","Conserve Battery","Rebound","Auto Shields"],"picked":"SKIP","floor":6.0},{"not_picked":["Chill","Auto Shields"],"picked":"Cold Snap","floor":7.0},{"not_picked":["REME_ForAll","Rebound"],"picked":"Chill","floor":7.0},{"not_picked":["Gash","Sweeping Beam","Storm"],"picked":"Electrodynamics","floor":8.0},{"not_picked":["Beam Cell","Steam","Consume"],"picked":"Recycle","floor":11.0},{"not_picked":["Seek","Echo Form","REME_ForAll"],"picked":"Amplify","floor":17.0},{"not_picked":["Steam","BootSequence","Cold Snap","Storm"],"picked":"SKIP","floor":19.0},{"not_picked":["Auto Shields","Beam Cell","Blizzard+1","Ball Lightning"],"picked":"SKIP","floor":22.0},{"not_picked":["GalacticHalo","EmptyMind","DoubleSpark"],"picked":"Coolheaded","floor":26.0},{"not_picked":["GalacticHalo","REME_Whirling","Capacitor+1"],"picked":"REME_EmptyShield","floor":28.0},{"not_picked":["Feel No Pain","Gash","Buffer","WheelKick","REME_SelfUpgrade"],"picked":"Singing Bowl","floor":29.0},{"not_picked":["AsteroidBelt","Melter","Study","LuminesStrike"],"picked":"Coolheaded+1","floor":30.0},{"not_picked":["Sucker Punch","Swift Strike","RefractionSpark"],"picked":"Noxious Fumes","floor":32.0},{"not_picked":["REME_ProfessionalPlagiarism","Multi-Cast","SatelliteIllusion"],"picked":"Juggernaut","floor":34.0},{"not_picked":["Go for the Eyes","PanicButton","Sweeping Beam","Dagger Throw"],"picked":"Singing Bowl","floor":36.0},{"not_picked":["MilkyWay","Blade Dance+1","Rampage","Warcry"],"picked":"Singing Bowl","floor":37.0},{"not_picked":["Sentinel","Stack+1","GalacticHalo","ThirdEye","MilkyWay+1"],"picked":"Singing Bowl","floor":38.0},{"not_picked":["REME_FearOfPain+1","Fasting2","Barrage"],"picked":"Body Slam","floor":43.0},{"not_picked":["Melter+1","Evaluate+1","Prostrate","Seeing Red"],"picked":"Impatience","floor":45.0},{"not_picked":["Darkness+1","Ball Lightning","Static Discharge+1","Bandage Up","Streamline"],"picked":"Singing Bowl","floor":46.0},{"not_picked":["Flechettes","BootSequence+1","Shrug It Off+1","Deflect+1"],"picked":"Singing Bowl","floor":49.0}],"player_experience":502513,"relics_obtained":[{"floor":6.0,"key":"Mango"},{"floor":8.0,"key":"Symbiotic Virus"},{"floor":10.0,"key":"Juzu Bracelet"},{"floor":27.0,"key":"MawBank"},{"floor":29.0,"key":"Happy Flower"},{"floor":32.0,"key":"Akabeko"},{"floor":38.0,"key":"Girya"},{"floor":42.0,"key":"Mummified Hand"},{"floor":46.0,"key":"PreservedInsect"},{"floor":49.0,"key":"StrikeDummy"}],"event_choices":[{"damage_healed":0.0,"max_hp_gain":0.0,"max_hp_loss":0.0,"gold_gain":0.0,"cards_transformed":["Stack"],"event_name":"Transmorgrifier","player_choice":"Transformed","floor":4.0,"gold_loss":0.0,"damage_taken":0.0,"cards_obtained":["Doom and Gloom"]},{"damage_healed":0.0,"max_hp_gain":0.0,"max_hp_loss":0.0,"gold_gain":75.0,"event_name":"World of Goop","player_choice":"Gather Gold","floor":12.0,"gold_loss":0.0,"damage_taken":11.0},{"damage_healed":0.0,"max_hp_gain":0.0,"max_hp_loss":0.0,"gold_gain":54.0,"event_name":"Golden Wing","player_choice":"Gained Gold","floor":13.0,"gold_loss":0.0,"damage_taken":0.0},{"damage_healed":0.0,"max_hp_gain":0.0,"max_hp_loss":0.0,"gold_gain":0.0,"cards_transformed":["Static Discharge"],"event_name":"Living Wall","player_choice":"Change","floor":14.0,"gold_loss":0.0,"damage_taken":0.0,"cards_obtained":["Chill"]},{"damage_healed":0.0,"max_hp_gain":0.0,"max_hp_loss":0.0,"gold_gain":0.0,"event_name":"Liars Game","player_choice":"Ignored","floor":15.0,"gold_loss":0.0,"damage_taken":0.0},{"damage_healed":0.0,"max_hp_gain":0.0,"max_hp_loss":0.0,"gold_gain":0.0,"cards_transformed":["Chill"],"event_name":"Transmorgrifier","player_choice":"Transformed","floor":20.0,"gold_loss":0.0,"damage_taken":0.0,"cards_obtained":["Tempest"]},{"damage_healed":0.0,"max_hp_gain":0.0,"max_hp_loss":0.0,"gold_gain":0.0,"event_name":"The Mausoleum","player_choice":"Ignored","floor":21.0,"gold_loss":0.0,"damage_taken":0.0},{"cards_removed":["Dualcast"],"damage_healed":0.0,"max_hp_gain":0.0,"max_hp_loss":0.0,"gold_gain":0.0,"event_name":"Beggar","player_choice":"Gave Gold","floor":25.0,"gold_loss":75.0,"damage_taken":0.0},{"damage_healed":0.0,"max_hp_gain":0.0,"max_hp_loss":0.0,"gold_gain":0.0,"event_name":"Mysterious Sphere","player_choice":"Fight","floor":38.0,"gold_loss":0.0,"damage_taken":0.0},{"damage_healed":0.0,"max_hp_gain":0.0,"max_hp_loss":5.0,"gold_gain":0.0,"event_name":"Winding Halls","player_choice":"Max HP","floor":39.0,"gold_loss":0.0,"damage_taken":0.0}],"is_beta":false,"boss_relics":[{"not_picked":["Velvet Choker","Philosopher\u0027s Stone"],"picked":"SlaversCollar"},{"not_picked":["Sozu","REME_LowDesire"],"picked":"Inserter"}],"items_purged_floors":[9,16,23,24,31,31,33,40,48,48],"is_endless":false,"potions_floor_spawned":[2,5,6,8,11,22,26,29,30,43,49],"ascension_level":14}}