{"host":"6h0diz2ap0m56grs","time":1611469140,"event":{"mods":["2.2 Compatiblity","BaseMod","Colored Map","Marisa????????","Minty Spire (QoL Compilation)","Quick Restart","Replay The Spire","Shop Mod","StSLib","The Servant 0.9.4"],"gold_per_floor":[110,126,126,201,201,228,259,59,59,59,86,115,125,125,125,222,222,235,435,446,465,8,42,71,105,105,105,139,173,95,124,136,246,258,286,298,310,384,207,207,233,233,256,281,314,87,120,154,154,154],"floor_reached":49,"language":"ENG","playtime":1527,"items_purged":["GearUp"],"score":1387,"play_id":"83f43cbd-1e71-4f34-8acb-5e062105a3e6","local_time":"20210124001900","daily_mods":["SealedDeck","Heirloom","Time Dilation","Flight"],"is_ascension_mode":true,"campfire_choices":[{"data":"SilverBlades","floor":10,"key":"SMITH"},{"data":"SilverBlades","floor":15,"key":"SMITH"},{"data":"SilverBlades","floor":27,"key":"SMITH"},{"data":"Sunlight","floor":32,"key":"SMITH"},{"data":"ReplayUltimateDefense","floor":40,"key":"SMITH"},{"data":"Orbit","floor":42,"key":"SMITH"}],"circlet_count":0,"master_deck":["InstantArmor+1","Rearm+1","SilverBlades+1","DancingSilver+1","DancingSilver+1","Sabotage+1","Ricochet+1","SilverBlades+1","GearUp+1","Orbit+1","Ricochet+1","SurpressingFire+1","SilverBlades+1","Dilation+1","Ricochet+1","TimeTheft+1","SoulSculpture+1","RealityMarble+1","Sunlight+1","Orbit+1","Luminosity+1","MurderousAura+1","ReplayUltimateDefense+1","Orbit+1","SurpressingFire+1","Sunlight"],"relics":["Uniform","replay:Trail_Library","Quantum Egg","PaperSwan","Anchor","Bag of Marbles","Centennial Puzzle","Coffee Dripper","MerchantsRug","CaptainsWheel","Boot","Replay:PocketPolymizer","Pen Nib","Art of War","Omamori","Philosopher\u0027s Stone","ReplayTheSpireMod:DimensionalGlitch","SacredBark","Mark of the Bloom","Bottled Lightning","ReplayTheSpireMod:CursedCoin","Mummified Hand","Blue Doll","Replay:Baseball","Du-Vu Doll","DollysMirror","Incense Burner","Pear"],"acts_visited":["Exordium","TheCity","TheBeyond"],"potions_floor_usage":[16,28],"damage_taken":[{"damage":0,"enemies":"2 Louse","floor":1,"turns":1},{"damage":0,"enemies":"Small Slimes","floor":2,"turns":1},{"damage":0,"enemies":"Lagavulin","floor":6,"turns":6},{"damage":0,"enemies":"Gremlin Nob","floor":7,"turns":3},{"damage":0,"enemies":"3 Sentries","floor":11,"turns":3},{"damage":0,"enemies":"Lagavulin","floor":12,"turns":5},{"damage":0,"enemies":"Jaw Worm","floor":13,"turns":1},{"damage":2,"enemies":"Hexaghost","floor":16,"turns":4},{"damage":0,"enemies":"Shell Parasite","floor":18,"turns":1},{"damage":0,"enemies":"Spheric Guardian","floor":20,"turns":2},{"damage":0,"enemies":"Centurion and Healer","floor":21,"turns":4},{"damage":0,"enemies":"Book of Stabbing","floor":23,"turns":4},{"damage":2,"enemies":"Slavers","floor":24,"turns":3},{"damage":5,"enemies":"Book of Stabbing","floor":25,"turns":3},{"damage":0,"enemies":"Slavers","floor":28,"turns":3},{"damage":0,"enemies":"Replay:Snechameleon","floor":29,"turns":4},{"damage":0,"enemies":"Snake Plant","floor":31,"turns":3},{"damage":0,"enemies":"Pondfish","floor":33,"turns":6},{"damage":0,"enemies":"Orb Walker","floor":35,"turns":2},{"damage":0,"enemies":"Reptomancer","floor":41,"turns":4},{"damage":0,"enemies":"R_Hoarder","floor":44,"turns":4},{"damage":54,"enemies":"Reptomancer","floor":45,"turns":3},{"damage":0,"enemies":"R_Hoarder","floor":47,"turns":4},{"damage":0,"enemies":"Giant Head","floor":48,"turns":4}],"seed_played":"1343165260369146016","potions_obtained":[{"floor":1,"key":"DuplicationPotion"},{"floor":6,"key":"LiquidMemories"},{"floor":7,"key":"PowerPotion"},{"floor":20,"key":"ColorlessPotion"},{"floor":21,"key":"Toxic Potion"},{"floor":25,"key":"Fire Potion"},{"floor":28,"key":"Reflective Coating"}],"is_trial":true,"path_per_floor":["M","M","?","?","?","E","E","$","T","R","E","E","M","?","R","B",null,"M","?","M","M","$","E","E","E","T","R","E","E","?","M","R","B",null,"M","?","?","$","$","R","E","R","T","E","E","$","E","E","R"],"character_chosen":"THE_SERVANT","items_purchased":["Anchor","Ricochet","SoulSculpture","MerchantsRug","CaptainsWheel","ReplayUltimateDefense","Bottled Lightning","ReplayTheSpireMod:CursedCoin","Orbit","DollysMirror"],"campfire_rested":0,"item_purchase_floors":[8,8,22,22,22,38,39,39,39,46],"current_hp_per_floor":[79,79,79,68,43,43,43,43,43,43,43,43,43,43,43,41,79,79,79,79,79,79,79,77,72,72,72,72,72,72,72,72,72,79,79,79,79,79,79,79,79,79,79,79,25,25,25,25,25,25],"gold":154,"neow_bonus":"","is_daily":false,"chose_seed":false,"campfire_upgraded":6,"win_rate":0.0,"timestamp":1611469140,"path_taken":["M","M","?","?","?","E","E","$","T","R","E","E","?","?","R","BOSS","M","?","M","?","$","E","E","E","T","R","E","E","?","?","R","BOSS","M","?","?","?","$","R","E","R","T","E","E","$","E","E","R"],"items_purchased_type":["Relic","Card","Card","Relic","Relic","Card","Relic","Relic","Card","Relic"],"build_version":"2020-12-22","purchased_purges":1,"victory":false,"max_hp_per_floor":[79,79,79,79,79,79,79,79,79,79,79,79,79,79,79,79,79,79,79,79,79,79,79,79,79,79,79,79,79,79,79,79,79,79,79,79,79,79,79,79,79,79,79,79,79,79,79,89,89,89],"card_choices":[{"not_picked":["Starlight","Replace","Rewind"],"picked":"SKIP","floor":1},{"not_picked":["DancingSilver","Potential"],"picked":"GearUp","floor":2},{"not_picked":["ShiftingGears","Shuttle","Comet"],"picked":"SKIP","floor":6},{"not_picked":["TimeWarp","Collapse"],"picked":"Orbit","floor":7},{"not_picked":["ShatteredReality","Misdirection"],"picked":"SilverBlades","floor":11},{"not_picked":["DoubleEdge","ShatteredReality","Unruled"],"picked":"SKIP","floor":12},{"not_picked":["Hightail","TimeWarp","Ricochet"],"picked":"SKIP","floor":13},{"not_picked":["DualDimension","Starlight","SpecialFormula"],"picked":"SKIP","floor":13},{"not_picked":["Duplication","ForgedInTime"],"picked":"Dilation","floor":16},{"not_picked":["Rewind+1","Defy"],"picked":"Ricochet+1","floor":18},{"not_picked":["BestPractice","Rearm"],"picked":"TimeTheft","floor":18},{"not_picked":["Unruled","Gouge","DoubleEdge"],"picked":"SKIP","floor":20},{"not_picked":["Rewind","Defy","Rearm"],"picked":"SKIP","floor":20},{"not_picked":["Starlight","Unruled","Potential+1"],"picked":"SKIP","floor":21},{"not_picked":["Spin","DualDimension","Defy"],"picked":"SKIP","floor":21},{"not_picked":["Hightail","InstantArmor"],"picked":"RealityMarble+1","floor":23},{"not_picked":["ShiftingGears+1","Rewind"],"picked":"Sunlight","floor":24},{"not_picked":["TimeTheft","Desolation","DancingSilver"],"picked":"SKIP","floor":25},{"not_picked":["Rearm","Starlight+1","Alleviate"],"picked":"SKIP","floor":28},{"not_picked":["ReturningBlade","Unruled+1","Sabotage+1"],"picked":"SKIP","floor":29},{"not_picked":["StarChef","Orbit"],"picked":"Luminosity+1","floor":31},{"not_picked":["Replace","Potential","Alleviate"],"picked":"SKIP","floor":31},{"not_picked":["SoulSculpture","FlawlessForm"],"picked":"MurderousAura","floor":33},{"not_picked":["Rearm","Contraction+1","Collapse+1"],"picked":"SKIP","floor":35},{"not_picked":["BottledTime+1","MoonPhase","Starlight+1"],"picked":"SKIP","floor":35},{"not_picked":["Spin+1","Moondial","Potential+1"],"picked":"SKIP","floor":41},{"not_picked":["Spin","Replace","ReturningBlade+1"],"picked":"SKIP","floor":44},{"not_picked":["Deny","Alleviate","Hightail+1"],"picked":"SKIP","floor":45},{"not_picked":["Unruled+1","DancingSilver","Ricochet"],"picked":"SKIP","floor":47},{"not_picked":["Rewind+1","TimeWarp","Moondial"],"picked":"SKIP","floor":48}],"player_experience":224521,"relics_obtained":[{"floor":6,"key":"Quantum Egg"},{"floor":7,"key":"PaperSwan"},{"floor":9,"key":"Meat on the Bone"},{"floor":11,"key":"Bag of Marbles"},{"floor":12,"key":"Centennial Puzzle"},{"floor":23,"key":"Boot"},{"floor":24,"key":"Replay:PocketPolymizer"},{"floor":25,"key":"Pen Nib"},{"floor":26,"key":"Art of War"},{"floor":28,"key":"Omamori"},{"floor":29,"key":"MawBank"},{"floor":41,"key":"Mummified Hand"},{"floor":43,"key":"Blue Doll"},{"floor":44,"key":"Replay:Baseball"},{"floor":45,"key":"Du-Vu Doll"},{"floor":47,"key":"Incense Burner"},{"floor":48,"key":"Pear"}],"event_choices":[{"damage_healed":0,"gold_gain":0,"player_choice":"Ignored","damage_taken":0,"max_hp_gain":0,"max_hp_loss":0,"event_name":"Liars Game","floor":3,"gold_loss":0},{"damage_healed":0,"gold_gain":75,"player_choice":"Gather Gold","damage_taken":11,"max_hp_gain":0,"max_hp_loss":0,"event_name":"World of Goop","floor":4,"gold_loss":0},{"damage_healed":0,"gold_gain":0,"player_choice":"Success","damage_taken":25,"relics_obtained":["Prayer Wheel"],"max_hp_gain":0,"max_hp_loss":0,"event_name":"Scrap Ooze","floor":5,"gold_loss":0},{"damage_healed":0,"gold_gain":200,"player_choice":"Gold","damage_taken":0,"max_hp_gain":0,"max_hp_loss":0,"event_name":"Wheel of Change","floor":19,"gold_loss":0},{"cards_removed":["Starlight"],"damage_healed":0,"gold_gain":0,"player_choice":"Upgrade and Remove","damage_taken":0,"max_hp_gain":0,"max_hp_loss":0,"event_name":"Designer","floor":30,"gold_loss":90,"cards_upgraded":["SurpressingFire"]},{"damage_healed":0,"gold_gain":0,"player_choice":"Upgrade","damage_taken":0,"relics_obtained":["Mark of the Bloom"],"max_hp_gain":0,"max_hp_loss":0,"event_name":"MindBloom","floor":36,"gold_loss":0,"cards_upgraded":["Starlight","InstantArmor","Rearm","DancingSilver","DancingSilver","Sabotage","Ricochet","GearUp","Orbit","Ricochet","Dilation","TimeTheft","SoulSculpture","Orbit","MurderousAura"]},{"damage_healed":0,"gold_gain":0,"player_choice":"Memory 1","damage_taken":0,"max_hp_gain":0,"max_hp_loss":0,"event_name":"SensoryStone","floor":37,"gold_loss":0}],"is_beta":false,"boss_relics":[{"not_picked":["Honey Jar","Abe\u0027s Treasure"],"picked":"Coffee Dripper"},{"not_picked":["StoneMask","Fusion Hammer"],"picked":"Replay:Grab Bag"},{"not_picked":["Replay:Wanted Poster","MysterySword"],"picked":"Philosopher\u0027s Stone"},{"not_picked":["Cursed Key","Sozu"],"picked":"ReplayTheSpireMod:DimensionalGlitch"},{"not_picked":["Snecko Eye","Calling Bell"],"picked":"SacredBark"}],"items_purged_floors":[46],"is_endless":false,"potions_floor_spawned":[1,6,7,12,20,21,25,28,29,31,41,44,45,48],"ascension_level":1}}