{"host":"ydg0vn0pu4pubmdt","time":1611476710,"event":{"mods":["AchievementEnabler","BaseMod","Colored Map","Gold Saver","Minty Spire (QoL Compilation)","Quick Restart","SuperFastMode"],"gold_per_floor":[113,38,38,53,53,84,84,95,150,71,71,81,81,101,101,178,178,194,194,194,194,17,44,44,64,64,114,125,155,155,168,168,245,245,261,261,261,274,274,301,62,62,62,62,27,46,65,75,75,75,75],"floor_reached":50,"language":"KOR","playtime":1600,"items_purged":["Strike_B","Writhe","Defend_B"],"score":958,"play_id":"ded0d28e-e01a-4ab3-87dc-09c3cc212c73","local_time":"20210124172510","is_ascension_mode":true,"campfire_choices":[{"data":"Zap","floor":7.0,"key":"SMITH"},{"data":"Static Discharge","floor":13.0,"key":"SMITH"},{"data":"Echo Form","floor":15.0,"key":"SMITH"},{"data":"Zap","floor":24.0,"key":"SMITH"},{"floor":30.0,"key":"REST"},{"floor":32.0,"key":"REST"},{"data":"Reboot","floor":42.0,"key":"SMITH"},{"data":"Reboot","floor":44.0,"key":"SMITH"},{"floor":49.0,"key":"REST"}],"circlet_count":0,"master_deck":["AscendersBane","Defend_B","Defend_B+1","Zap+1","Dualcast+1","Streamline","Sweeping Beam","FTL","Static Discharge+1","Auto Shields","Echo Form+1","Reboot+1","Cold Snap","Bite","Bite","Bite","Bite","Bite","Seek","Zap+1","Self Repair","Defragment","Undo","Self Repair","Reboot+1","CurseOfTheBell","Force Field","Leap+1","Conserve Battery","Glacier","Defragment","Core Surge","Coolheaded+1"],"relics":["Cracked Core","NeowsBlessing","Dream Catcher","Toy Ornithopter","Cursed Key","Torii","Bottled Tornado","Nunchaku","Calling Bell","Akabeko","Pantograph","Dead Branch","Ginger","Membership Card"],"acts_visited":["Exordium","TheCity","TheBeyond"],"potions_floor_usage":[50,50],"damage_taken":[{"damage":0.0,"enemies":"Cultist","floor":1.0,"turns":1.0},{"damage":0.0,"enemies":"2 Louse","floor":4.0,"turns":1.0},{"damage":0.0,"enemies":"Gremlin Nob","floor":6.0,"turns":1.0},{"damage":0.0,"enemies":"Small Slimes","floor":8.0,"turns":2.0},{"damage":5.0,"enemies":"Red Slaver","floor":12.0,"turns":3.0},{"damage":3.0,"enemies":"Blue Slaver","floor":14.0,"turns":3.0},{"damage":5.0,"enemies":"Hexaghost","floor":16.0,"turns":7.0},{"damage":15.0,"enemies":"2 Thieves","floor":18.0,"turns":3.0},{"damage":39.0,"enemies":"Gremlin Leader","floor":23.0,"turns":9.0},{"damage":2.0,"enemies":"Chosen","floor":25.0,"turns":4.0},{"damage":22.0,"enemies":"Snecko","floor":28.0,"turns":5.0},{"damage":22.0,"enemies":"Book of Stabbing","floor":29.0,"turns":5.0},{"damage":34.0,"enemies":"Centurion and Healer","floor":31.0,"turns":5.0},{"damage":69.0,"enemies":"Automaton","floor":33.0,"turns":12.0},{"damage":20.0,"enemies":"Orb Walker","floor":35.0,"turns":2.0},{"damage":12.0,"enemies":"3 Shapes","floor":38.0,"turns":3.0},{"damage":23.0,"enemies":"Reptomancer","floor":40.0,"turns":8.0},{"damage":48.0,"enemies":"Spire Growth","floor":46.0,"turns":7.0},{"damage":25.0,"enemies":"Jaw Worm Horde","floor":47.0,"turns":5.0},{"damage":38.0,"enemies":"Transient","floor":48.0,"turns":5.0},{"damage":82,"enemies":"Time Eater","floor":50,"turns":11}],"seed_played":"5480913497454126431","potions_obtained":[{"floor":6.0,"key":"LiquidBronze"},{"floor":8.0,"key":"AttackPotion"},{"floor":11.0,"key":"FocusPotion"},{"floor":23.0,"key":"Ancient Potion"},{"floor":25.0,"key":"Block Potion"},{"floor":29.0,"key":"SkillPotion"},{"floor":35.0,"key":"SkillPotion"},{"floor":48.0,"key":"Regen Potion"}],"is_trial":false,"path_per_floor":["M","$","?","M","?","E","R","M","T","$","?","M","R","M","R","B",null,"M","?","T","?","$","E","R","M","T","?","M","E","R","M","R","B",null,"M","T","?","M","?","E","$","R","T","R","$","M","M","M","R","B"],"character_chosen":"DEFECT","items_purchased":["Static Discharge","Self Repair","Membership Card","Conserve Battery","Glacier"],"campfire_rested":3,"item_purchase_floors":[10,22,41,41,45],"current_hp_per_floor":[64,64,43,43,48,48,48,48,48,48,48,43,43,40,40,40,67,57,53,53,53,53,48,48,51,51,51,35,31,46,35,50,23,46,39,39,44,52,52,53,53,53,53,53,53,34,31,10,25,0,0],"gold":75,"neow_bonus":"THREE_ENEMY_KILL","is_daily":false,"chose_seed":false,"campfire_upgraded":6,"win_rate":0.0,"timestamp":1611476710,"path_taken":["M","$","?","M","?","E","R","M","T","$","?","?","R","M","R","BOSS","M","?","?","?","$","E","R","?","T","?","M","E","R","M","R","BOSS","M","?","?","?","?","E","$","R","T","R","$","M","M","M","R","BOSS"],"items_purchased_type":["Card","Card","Relic","Card","Card"],"build_version":"2020-12-22","purchased_purges":3,"victory":false,"max_hp_per_floor":[71,71,71,71,76,76,76,76,76,76,76,76,76,76,76,76,76,76,53,53,53,53,53,53,53,53,53,53,53,53,53,53,53,53,53,53,53,53,53,53,53,53,53,53,53,53,53,53,53,53,53],"card_choices":[{"not_picked":["Barrage","Cold Snap"],"picked":"Streamline","floor":1.0},{"not_picked":["Go for the Eyes","Turbo"],"picked":"Gash","floor":4.0},{"not_picked":["Tempest","Beam Cell"],"picked":"Sweeping Beam","floor":6.0},{"not_picked":["Steam","Barrage"],"picked":"FTL","floor":8.0},{"not_picked":["Go for the Eyes","Steam"],"picked":"Auto Shields","floor":12.0},{"not_picked":["Hologram","Stack"],"picked":"Echo Form","floor":14.0},{"not_picked":["Machine Learning","Meteor Strike"],"picked":"Reboot","floor":16.0},{"not_picked":["Steam","Go for the Eyes"],"picked":"Cold Snap","floor":18.0},{"not_picked":["Steam","Barrage","Static Discharge"],"picked":"SKIP","floor":23.0},{"not_picked":["Coolheaded","Redo"],"picked":"Defragment","floor":25.0},{"not_picked":["Storm","Heatsinks"],"picked":"Undo","floor":28.0},{"not_picked":["Stack","Steam","Multi-Cast"],"picked":"SKIP","floor":29.0},{"not_picked":["Defragment","Conserve Battery"],"picked":"Self Repair","floor":31.0},{"not_picked":["Echo Form","Machine Learning"],"picked":"Reboot","floor":33.0},{"not_picked":["Steam","Hologram"],"picked":"Force Field","floor":35.0},{"not_picked":["Sunder","Auto Shields"],"picked":"Leap+1","floor":38.0},{"not_picked":["Coolheaded","Lockon","Defragment"],"picked":"SKIP","floor":40.0},{"not_picked":["Coolheaded","Lockon","Defragment"],"picked":"SKIP","floor":40.0},{"not_picked":["Turbo","Compile Driver"],"picked":"Defragment","floor":46.0},{"not_picked":["Redo+1","Streamline"],"picked":"Core Surge","floor":47.0},{"not_picked":["Consume","Chaos+1"],"picked":"Coolheaded+1","floor":48.0}],"player_experience":572191,"relics_obtained":[{"floor":6.0,"key":"Dream Catcher"},{"floor":9.0,"key":"Toy Ornithopter"},{"floor":20.0,"key":"Torii"},{"floor":23.0,"key":"Bottled Tornado"},{"floor":29.0,"key":"Nunchaku"},{"floor":34.0,"key":"Akabeko"},{"floor":34.0,"key":"Pantograph"},{"floor":34.0,"key":"Dead Branch"},{"floor":40.0,"key":"Ginger"}],"event_choices":[{"damage_healed":0.0,"max_hp_gain":0.0,"max_hp_loss":0.0,"gold_gain":0.0,"event_name":"Shining Light","player_choice":"Entered Light","floor":3.0,"gold_loss":0.0,"damage_taken":21.0,"cards_upgraded":["Dualcast","Defend_B"]},{"damage_healed":0.0,"max_hp_gain":5.0,"max_hp_loss":0.0,"gold_gain":0.0,"event_name":"Big Fish","player_choice":"Donut","floor":5.0,"gold_loss":0.0,"damage_taken":0.0},{"damage_healed":0.0,"max_hp_gain":0.0,"max_hp_loss":0.0,"gold_gain":0.0,"event_name":"Lab","player_choice":"Got Potions","floor":11.0,"gold_loss":0.0,"damage_taken":0.0},{"damage_healed":0.0,"max_hp_gain":0.0,"max_hp_loss":23.0,"gold_gain":0.0,"event_name":"Vampires","player_choice":"Became a vampire","floor":19.0,"gold_loss":0.0,"damage_taken":0.0,"cards_obtained":["Bite","Bite","Bite","Bite","Bite"]},{"damage_healed":0.0,"max_hp_gain":0.0,"max_hp_loss":0.0,"gold_gain":0.0,"event_name":"Match and Keep!","player_choice":"2 cards matched","floor":21.0,"gold_loss":0.0,"damage_taken":0.0,"cards_obtained":["Seek","Zap"]},{"damage_healed":0.0,"max_hp_gain":0.0,"max_hp_loss":0.0,"gold_gain":100.0,"event_name":"The Joust","player_choice":"Bet on Murderer","floor":27.0,"gold_loss":50.0,"damage_taken":0.0},{"cards_removed":["Gash"],"damage_healed":5.0,"max_hp_gain":0.0,"max_hp_loss":0.0,"gold_gain":0.0,"event_name":"Bonfire Elementals","player_choice":"Offered Common","floor":37.0,"gold_loss":0.0,"damage_taken":0.0},{"cards_removed":["Gash"],"damage_healed":5.0,"max_hp_gain":0.0,"max_hp_loss":0.0,"gold_gain":0.0,"event_name":"Bonfire Elementals","player_choice":"Offered Special","floor":37.0,"gold_loss":0.0,"damage_taken":0.0},{"cards_removed":["Defend_B"],"damage_healed":0.0,"max_hp_gain":0.0,"max_hp_loss":0.0,"gold_gain":0.0,"event_name":"Purifier","player_choice":"Purged","floor":39.0,"gold_loss":0.0,"damage_taken":0.0}],"is_beta":false,"boss_relics":[{"not_picked":["Velvet Choker","Coffee Dripper"],"picked":"Cursed Key"},{"not_picked":["Sozu","Runic Dome"],"picked":"Calling Bell"}],"items_purged_floors":[2,22,41],"is_endless":false,"potions_floor_spawned":[6,8,12,14,23,25,29,35,48],"killed_by":"Time Eater","ascension_level":15}}