{"host":"8aoim7owc9xd4zca","time":1611460816,"event":{"mods":["AchievementEnabler","BaseMod","Better Altar","Better Match","Better Note","Better Sensory Stone","Better Skull","Better Third Choice","Colored Powertips","Downfall","Highlight Path","Minty Spire (QoL Compilation)","Permanent Neow","Quick Restart","RNG Fix","Rare Cards Sparkle","Replay The Spire","StSLib","SuperFastMode","The Disciple","The Jungle","The Runesmith"],"gold_per_floor":[115,75,93,268,281,311,311],"floor_reached":6,"language":"ENG","playtime":549,"items_purged":[],"score":46,"play_id":"84a9808b-187f-490b-af65-9a74675e48ec","local_time":"20210123200016","is_ascension_mode":false,"campfire_choices":[],"circlet_count":0,"master_deck":["Strike_Br","Strike_Br","Strike_Br","Strike_Br","Defend_Br","Defend_Br","Defend_Br","Defend_Br","SecondHand","PatternShift","LockedScales","LockedAnchor","Doubt","Keepsakes"],"relics":["Chronometer","Bronze Scales","Turnip"],"acts_visited":["Exordium"],"potions_floor_usage":[6],"damage_taken":[{"damage":2,"enemies":"Cultist","floor":1,"turns":5},{"damage":0,"enemies":"Small Slimes","floor":3,"turns":4},{"damage":1,"enemies":"2 Louse","floor":5,"turns":4},{"damage":33,"enemies":"Replay:BlueRogue","floor":6,"turns":10}],"seed_played":"5492888145298573347","potions_obtained":[{"floor":2,"key":"SmokeBomb"},{"floor":2,"key":"sneckomod:MuddlingPotion"},{"floor":2,"key":"CultistPotion"},{"floor":3,"key":"PowerPotion"},{"floor":6,"key":"champ:CounterPotion"}],"is_trial":false,"path_per_floor":["M","?","M","?","M","E"],"character_chosen":"CHRONO_CLASS","items_purchased":[],"campfire_rested":0,"item_purchase_floors":[],"current_hp_per_floor":[63,63,63,63,62,29,29],"gold":311,"neow_bonus":"RANDOM_COMMON_RELIC","is_daily":false,"chose_seed":false,"campfire_upgraded":0,"win_rate":0.0,"timestamp":1611460816,"path_taken":["M","?","M","?","?","E"],"items_purchased_type":[],"build_version":"2020-12-22","purchased_purges":0,"victory":false,"max_hp_per_floor":[65,65,65,65,65,65,65],"card_choices":[{"not_picked":["LockedMedicine","Echoward"],"picked":"LockedScales","floor":1},{"not_picked":["LockedBlood","BlueShift"],"picked":"LockedAnchor","floor":3},{"not_picked":["PrimeTime","BiteCommand"],"picked":"Keepsakes","floor":5}],"player_experience":309845,"relics_obtained":[{"floor":6,"key":"Turnip"}],"event_choices":[{"damage_healed":0,"gold_gain":0,"player_choice":"Bought 3 Potions","damage_taken":0,"max_hp_gain":0,"max_hp_loss":0,"event_name":"The Woman in Blue","floor":2,"gold_loss":0},{"damage_healed":0,"gold_gain":175,"player_choice":"AGREE","damage_taken":93,"max_hp_gain":0,"max_hp_loss":0,"event_name":"betterThird:BetterSerpent","floor":4,"gold_loss":0}],"is_beta":false,"boss_relics":[],"items_purged_floors":[],"is_endless":false,"potions_floor_spawned":[3,6],"killed_by":"Replay:BlueRogue","ascension_level":0}}