{"host":"oehe2dxjvdgux73m","time":1611476615,"event":{"mods":["AchievementEnabler","BaseMod","Colored Map","Colored Powertips","DeckTracker","Keyboard Shortcuts","Minty Spire (QoL Compilation)","Permanent Neow","Quick Restart","StSLib","SuperFastMode"],"gold_per_floor":[219,54,54,72,89,121,121,156,179,189,202,202,214,48,48,121,121,134,168,168,181,77,77,77,77],"floor_reached":24,"language":"KOR","playtime":652,"items_purged":["Strike_R"],"score":371,"play_id":"eaa09708-ae08-421e-862d-6be090bfe0a5","local_time":"20210124172335","is_ascension_mode":true,"campfire_choices":[{"data":"Carnage","floor":7.0,"key":"SMITH"},{"floor":12.0,"key":"REST"},{"data":"Fiend Fire","floor":15.0,"key":"SMITH"},{"data":"Corruption","floor":23.0,"key":"SMITH"}],"circlet_count":0,"master_deck":["AscendersBane","Strike_R","Strike_R","Strike_R","Defend_R","Defend_R","Defend_R","Defend_R","Bash","Inflame","Fire Breathing","Twin Strike","Carnage+1","Headbutt","Uppercut","Power Through","Shrug It Off","Pommel Strike","Fiend Fire+1","Corruption+1","Ghostly Armor+1"],"relics":["Burning Blood","Medical Kit","Tiny Chest","Juzu Bracelet","Smiling Mask","Orrery","Runic Pyramid","Red Mask"],"acts_visited":["Exordium","TheCity"],"potions_floor_usage":[24,24],"damage_taken":[{"damage":10.0,"enemies":"2 Louse","floor":1.0,"turns":3.0},{"damage":7.0,"enemies":"Jaw Worm","floor":4.0,"turns":3.0},{"damage":11.0,"enemies":"Small Slimes","floor":5.0,"turns":6.0},{"damage":36.0,"enemies":"Lagavulin","floor":6.0,"turns":6.0},{"damage":15.0,"enemies":"3 Sentries","floor":8.0,"turns":5.0},{"damage":5.0,"enemies":"Red Slaver","floor":10.0,"turns":2.0},{"damage":10.0,"enemies":"Exordium Wildlife","floor":11.0,"turns":5.0},{"damage":0.0,"enemies":"Large Slime","floor":13.0,"turns":4.0},{"damage":50.0,"enemies":"Hexaghost","floor":16.0,"turns":11.0},{"damage":0.0,"enemies":"Spheric Guardian","floor":18.0,"turns":3.0},{"damage":47.0,"enemies":"Masked Bandits","floor":19.0,"turns":5.0},{"damage":2.0,"enemies":"3 Byrds","floor":21.0,"turns":5.0},{"damage":48,"enemies":"Gremlin Leader","floor":24,"turns":4}],"seed_played":"7003427425563481685","potions_obtained":[{"floor":1.0,"key":"BlessingOfTheForge"},{"floor":6.0,"key":"Weak Potion"},{"floor":13.0,"key":"FairyPotion"},{"floor":18.0,"key":"BlessingOfTheForge"},{"floor":19.0,"key":"LiquidMemories"}],"is_trial":false,"path_per_floor":["M","$","?","M","M","E","R","E","T","M","M","R","M","$","R","B",null,"M","?","?","M","$","R","E"],"character_chosen":"IRONCLAD","items_purchased":["Medical Kit","Orrery","BloodPotion"],"campfire_rested":1,"item_purchase_floors":[2,14,22],"current_hp_per_floor":[64,64,64,63,58,28,28,19,19,20,16,38,44,44,44,28,63,69,28,28,32,32,32,0,0],"gold":77,"neow_bonus":"HUNDRED_GOLD","is_daily":false,"chose_seed":false,"campfire_upgraded":3,"win_rate":0.0,"timestamp":1611476615,"path_taken":["M","$","?","M","M","E","R","E","T","M","M","R","M","$","R","BOSS","M","?","?","M","$","R","E"],"items_purchased_type":["Relic","Relic","Potion"],"build_version":"2020-12-22","purchased_purges":1,"victory":false,"max_hp_per_floor":[75,75,75,75,75,75,75,75,75,75,75,75,75,75,75,75,75,75,75,75,75,75,75,75,75],"card_choices":[{"not_picked":["Dual Wield","Intimidate","True Grit"],"picked":"SKIP","floor":1.0},{"not_picked":["Sword Boomerang","Heavy Blade"],"picked":"Fire Breathing","floor":4.0},{"not_picked":["Rage","Wild Strike"],"picked":"Twin Strike","floor":5.0},{"not_picked":["Ghostly Armor","Flex"],"picked":"Carnage","floor":6.0},{"not_picked":["Sentinel","Clash"],"picked":"Headbutt","floor":8.0},{"not_picked":["Heavy Blade","Clash","Warcry"],"picked":"SKIP","floor":10.0},{"not_picked":["Cleave","Exhume","Dual Wield"],"picked":"SKIP","floor":11.0},{"not_picked":["Dark Embrace","Spot Weakness"],"picked":"Uppercut","floor":13.0},{"not_picked":["Feed","Sever Soul"],"picked":"Power Through","floor":14.0},{"not_picked":["Thunderclap","Whirlwind"],"picked":"Shrug It Off","floor":14.0},{"not_picked":["Clash","Twin Strike"],"picked":"Pommel Strike","floor":14.0},{"not_picked":["Flex","Perfected Strike"],"picked":"Fiend Fire","floor":14.0},{"not_picked":["Demon Form","Juggernaut"],"picked":"Corruption","floor":16.0},{"not_picked":["Twin Strike","Spot Weakness"],"picked":"Ghostly Armor+1","floor":18.0},{"not_picked":["True Grit","Uppercut","Inflame"],"picked":"SKIP","floor":21.0}],"player_experience":310934,"relics_obtained":[{"floor":6.0,"key":"Tiny Chest"},{"floor":8.0,"key":"Juzu Bracelet"},{"floor":9.0,"key":"Smiling Mask"},{"floor":19.0,"key":"Red Mask"}],"event_choices":[{"damage_healed":0.0,"max_hp_gain":0.0,"max_hp_loss":0.0,"gold_gain":0.0,"cards_transformed":["Strike_R"],"event_name":"Living Wall","player_choice":"Change","floor":3.0,"gold_loss":0.0,"damage_taken":0.0,"cards_obtained":["Inflame"]},{"damage_healed":0.0,"max_hp_gain":0.0,"max_hp_loss":0.0,"gold_gain":0.0,"event_name":"Masked Bandits","player_choice":"Fought Bandits","floor":19.0,"gold_loss":0.0,"damage_taken":0.0},{"damage_healed":0.0,"max_hp_gain":0.0,"max_hp_loss":0.0,"gold_gain":0.0,"event_name":"Vampires","player_choice":"Ignored","floor":20.0,"gold_loss":0.0,"damage_taken":0.0}],"is_beta":false,"boss_relics":[{"not_picked":["Calling Bell","SacredBark"],"picked":"Runic Pyramid"}],"items_purged_floors":[22],"is_endless":false,"potions_floor_spawned":[1,6,13,18,19],"killed_by":"Gremlin Leader","ascension_level":16}}