{"host":"j4g6ia6asvpyu2b0","time":1611514480,"event":{"mods":["BaseMod","Colored Map","Minty Spire (QoL Compilation)","Permanent Neow","Quick Restart","Relic Stats","StSLib","Unceasing Turn Reminder"],"gold_per_floor":[117,77,77,145,195,221,221,251,251,269,269,294,309,324,324,395,395,411,461,511,561,611,611,611],"floor_reached":23,"language":"ENG","playtime":751,"items_purged":[],"score":393,"play_id":"5f1cec77-8b7b-4260-b6a6-7eeb58a890b2","local_time":"20210124115440","is_ascension_mode":true,"campfire_choices":[{"data":"Rip and Tear","floor":7.0,"key":"SMITH"},{"floor":11.0,"key":"REST"},{"data":"Consume","floor":15.0,"key":"SMITH"}],"circlet_count":0,"master_deck":["AscendersBane","Strike_B+1","Strike_B+1","Strike_B+1","Strike_B+1","Defend_B+1","Defend_B+1","Defend_B+1","Defend_B+1","Zap","Dualcast","Compile Driver","White Noise","Rip and Tear+1","Cold Snap","Genetic Algorithm","Conserve Battery","White Noise","Consume+1","Hologram","Echo Form","Leap+1","Capacitor"],"relics":["Cracked Core","Bag of Preparation","SsserpentHead","Blue Candle","Boot","Mummified Hand","The Courier","Blood Vial","Black Star","Toxic Egg 2"],"acts_visited":["Exordium","TheCity"],"potions_floor_usage":[],"damage_taken":[{"damage":9.0,"enemies":"Jaw Worm","floor":1.0,"turns":5.0},{"damage":6.0,"enemies":"Cultist","floor":4.0,"turns":3.0},{"damage":10.0,"enemies":"Lagavulin","floor":6.0,"turns":7.0},{"damage":28.0,"enemies":"Gremlin Nob","floor":8.0,"turns":4.0},{"damage":3.0,"enemies":"Small Slimes","floor":10.0,"turns":3.0},{"damage":6.0,"enemies":"Lagavulin","floor":12.0,"turns":6.0},{"damage":8.0,"enemies":"Exordium Wildlife","floor":13.0,"turns":5.0},{"damage":9.0,"enemies":"3 Louse","floor":14.0,"turns":4.0},{"damage":2.0,"enemies":"Hexaghost","floor":16.0,"turns":11.0},{"damage":5.0,"enemies":"3 Byrds","floor":18.0,"turns":5.0},{"damage":67,"enemies":"Gremlin Leader","floor":23,"turns":9}],"seed_played":"-2428718696028448964","potions_obtained":[{"floor":8.0,"key":"ColorlessPotion"},{"floor":10.0,"key":"Fruit Juice"},{"floor":13.0,"key":"Strength Potion"},{"floor":16.0,"key":"DistilledChaos"}],"is_trial":false,"path_per_floor":["M","$","?","M","?","E","R","E","T","M","R","E","M","M","R","B",null,"M","?","?","?","T","E"],"character_chosen":"DEFECT","items_purchased":["White Noise"],"campfire_rested":1,"item_purchase_floors":[2],"current_hp_per_floor":[55,55,55,49,44,34,34,6,6,8,30,24,18,11,11,11,60,57,57,57,57,57,0,0],"gold":611,"neow_bonus":"RANDOM_COMMON_RELIC","is_daily":false,"chose_seed":false,"campfire_upgraded":2,"win_rate":0.0,"timestamp":1611514480,"path_taken":["M","$","?","?","?","E","R","E","T","M","R","E","M","M","R","BOSS","M","?","?","?","?","E"],"items_purchased_type":["Card"],"build_version":"2020-12-22","purchased_purges":0,"victory":false,"max_hp_per_floor":[71,71,71,71,71,71,71,71,71,76,76,76,76,76,76,76,76,76,76,76,76,76,76,76],"relic_stats":{"Blood Vial":10,"SsserpentHead":300,"counters":[11,62],"Mummified Hand":[14],"Blue Candle":[0],"Bag of Preparation":[22],"Black Star":0,"Boot":[30],"obtain_stats":[{"Blood Vial":12,"SsserpentHead":3,"Mummified Hand":8,"Blue Candle":5,"The Courier":9,"Bag of Preparation":0,"Black Star":17,"Toxic Egg 2":22,"Cracked Core":0,"Boot":6},{"Blood Vial":6,"SsserpentHead":1,"Mummified Hand":4,"Blue Candle":2,"The Courier":4,"Bag of Preparation":0,"Black Star":9,"Toxic Egg 2":10,"Cracked Core":0,"Boot":3},{"Blood Vial":28,"SsserpentHead":5,"Mummified Hand":19,"Blue Candle":8,"The Courier":19,"Bag of Preparation":0,"Black Star":48,"Toxic Egg 2":53,"Cracked Core":0,"Boot":15}]},"card_choices":[{"not_picked":["Hologram","Rebound"],"picked":"Compile Driver","floor":1.0},{"not_picked":["Barrage","Auto Shields"],"picked":"Rip and Tear","floor":4.0},{"not_picked":["Gash","Beam Cell"],"picked":"Cold Snap","floor":6.0},{"not_picked":["Amplify","Ball Lightning"],"picked":"Genetic Algorithm","floor":8.0},{"not_picked":["Beam Cell","Sweeping Beam"],"picked":"Conserve Battery","floor":10.0},{"not_picked":["Streamline","Blizzard"],"picked":"White Noise","floor":12.0},{"not_picked":["Gash","Rip and Tear"],"picked":"Consume","floor":13.0},{"not_picked":["Go for the Eyes","Reprogram"],"picked":"Hologram","floor":14.0},{"not_picked":["Buffer","Fission"],"picked":"Echo Form","floor":16.0},{"not_picked":["Gash+1","Barrage"],"picked":"Leap+1","floor":18.0}],"player_experience":988965,"relics_obtained":[{"floor":6.0,"key":"Boot"},{"floor":8.0,"key":"Mummified Hand"},{"floor":9.0,"key":"The Courier"},{"floor":12.0,"key":"Blood Vial"},{"floor":22,"key":"Toxic Egg 2"}],"event_choices":[{"damage_healed":0.0,"max_hp_gain":0.0,"max_hp_loss":0.0,"gold_gain":0.0,"event_name":"FaceTrader","player_choice":"Trade","floor":3.0,"gold_loss":0.0,"damage_taken":0.0,"relics_obtained":["SsserpentHead"]},{"damage_healed":0.0,"max_hp_gain":0.0,"max_hp_loss":0.0,"gold_gain":0.0,"event_name":"Scrap Ooze","player_choice":"Success","floor":5.0,"gold_loss":0.0,"damage_taken":5.0,"relics_obtained":["Blue Candle"]},{"damage_healed":0.0,"max_hp_gain":0.0,"max_hp_loss":0.0,"gold_gain":0.0,"event_name":"Back to Basics","player_choice":"Simplicity","floor":19.0,"gold_loss":0.0,"damage_taken":0.0,"cards_upgraded":["Strike_B","Strike_B","Strike_B","Strike_B","Defend_B","Defend_B","Defend_B","Defend_B"]},{"damage_healed":0.0,"max_hp_gain":0.0,"max_hp_loss":0.0,"gold_gain":0.0,"event_name":"The Library","player_choice":"Read","floor":20.0,"gold_loss":0.0,"damage_taken":0.0,"cards_obtained":["Capacitor"]},{"damage_healed":0,"gold_gain":0,"player_choice":"Ignored","damage_taken":0,"max_hp_gain":0,"max_hp_loss":0,"event_name":"The Mausoleum","floor":21,"gold_loss":0}],"is_beta":false,"boss_relics":[{"not_picked":["Busted Crown","Empty Cage"],"picked":"Black Star"}],"items_purged_floors":[],"is_endless":false,"potions_floor_spawned":[8,10,13,16],"killed_by":"Gremlin Leader","ascension_level":18}}