{"host":"jb40sdn36ct36hhv","time":1611529374,"event":{"mods":["Act Like it!","BaseMod","Better Third Choice","Hermit","Minty Spire (QoL Compilation)","StSLib"],"gold_per_floor":[116,41,54,54,129,155,155,167,179,216,247,277,289,320,332,445,457,486,498,521,359,359,388,388,400,400,432,447,447,447,458,458,559,559,574,574,590,590,176,207,224,256,256,306,306,316,328,344,344,344,344,344,47,73,73],"floor_reached":56,"language":"ENG","playtime":5723,"items_purged":["hermit:Covet","hermit:Strike_Hermit","hermit:Defend_Hermit"],"score":1382,"play_id":"d013ddb5-2142-4261-bb2f-32d563c95a6b","local_time":"20210124150254","is_ascension_mode":false,"campfire_choices":[{"data":"hermit:Dive","floor":13.0,"key":"SMITH"},{"data":"hermit:Snapshot","floor":15.0,"key":"SMITH"},{"data":"hermit:LuckOfTheDraw","floor":24.0,"key":"SMITH"},{"data":"hermit:Manifest","floor":30.0,"key":"SMITH"},{"data":"hermit:Headshot","floor":32.0,"key":"SMITH"},{"floor":49,"key":"RECALL"},{"data":"Parasite","floor":52,"key":"PURGE"}],"circlet_count":0,"master_deck":["hermit:Strike_Hermit+1","hermit:Strike_Hermit","hermit:Defend_Hermit+1","hermit:Defend_Hermit+1","hermit:Defend_Hermit+1","hermit:Snapshot+1","hermit:Manifest+1","hermit:Ricochet+1","hermit:Adapt","hermit:Dive+1","hermit:Headshot+1","hermit:GhostlyPresence+1","hermit:BigShot","hermit:LuckOfTheDraw+1","hermit:WideOpen+1","hermit:Roughhouse+1","hermit:Roulette+1","Apotheosis+1","Deep Breath+1","hermit:RoundhouseKick","hermit:Brawl+1","hermit:LoneWolf+1","hermit:LuckOfTheDraw+1","hermit:DeadMansHand+1","Finesse+1"],"relics":["Runic Dome","Happy Flower","MawBank","Mango","Centennial Puzzle","Coffee Dripper","Ornamental Fan","Toxic Egg 2","War Paint","Fusion Hammer","Unceasing Top","Peace Pipe","Art of War","Omamori","StoneCalendar","DollysMirror","Whetstone"],"acts_visited":["Exordium","TheCity","TheBeyond","TheEnding"],"potions_floor_usage":[41,42,55,55,55],"damage_taken":[{"damage":1.0,"enemies":"2 Louse","floor":1.0,"turns":2.0},{"damage":0.0,"enemies":"Small Slimes","floor":3.0,"turns":3.0},{"damage":10.0,"enemies":"Lagavulin","floor":6.0,"turns":6.0},{"damage":6.0,"enemies":"3 Sentries","floor":10.0,"turns":8.0},{"damage":0.0,"enemies":"Cultist","floor":11.0,"turns":3.0},{"damage":0.0,"enemies":"3 Louse","floor":12.0,"turns":3.0},{"damage":0.0,"enemies":"Large Slime","floor":14.0,"turns":5.0},{"damage":0.0,"enemies":"The Guardian","floor":16.0,"turns":8.0},{"damage":0.0,"enemies":"Chosen","floor":18.0,"turns":3.0},{"damage":0.0,"enemies":"Shell Parasite","floor":20.0,"turns":5.0},{"damage":2.0,"enemies":"Slavers","floor":23.0,"turns":10.0},{"damage":0.0,"enemies":"Snake Plant","floor":25.0,"turns":6.0},{"damage":18.0,"enemies":"Gremlin Leader","floor":27.0,"turns":8.0},{"damage":10.0,"enemies":"Centurion and Healer","floor":28.0,"turns":4.0},{"damage":0.0,"enemies":"Shelled Parasite and Fungi","floor":31.0,"turns":6.0},{"damage":0.0,"enemies":"Champ","floor":33.0,"turns":21.0},{"damage":0,"enemies":"3 Darklings","floor":35,"turns":5},{"damage":0,"enemies":"3 Shapes","floor":37,"turns":5},{"damage":0,"enemies":"Reptomancer","floor":40,"turns":6},{"damage":5,"enemies":"Writhing Mass","floor":41,"turns":4},{"damage":0,"enemies":"Giant Head","floor":42,"turns":7},{"damage":0,"enemies":"Mind Bloom Boss Battle","floor":44,"turns":4},{"damage":0,"enemies":"Maw","floor":46,"turns":6},{"damage":0,"enemies":"4 Shapes","floor":47,"turns":5},{"damage":3,"enemies":"Jaw Worm Horde","floor":48,"turns":4},{"damage":15,"enemies":"Awakened One","floor":50,"turns":8},{"damage":27,"enemies":"Shield and Spear","floor":54,"turns":5},{"damage":35,"enemies":"The Heart","floor":55,"turns":8}],"seed_played":"-3491883188596291752","potions_obtained":[{"floor":6.0,"key":"ColorlessPotion"},{"floor":10.0,"key":"hermit:Tonic"},{"floor":12.0,"key":"Block Potion"},{"floor":18.0,"key":"LiquidMemories"},{"floor":33.0,"key":"Dexterity Potion"},{"floor":35,"key":"Fruit Juice"},{"floor":41,"key":"ColorlessPotion"},{"floor":42,"key":"Swift Potion"},{"floor":54,"key":"DistilledChaos"}],"is_trial":false,"path_per_floor":["M","$","M","?","?","E","?","$","T","E","M","M","R","M","R","B",null,"M","?","M","$","?","E","R","M","T","E","M","T","R","M","R","B",null,"M","?","M","?","$","E","M","E","T","?","?","M","M","M","R","B",null,"R","$","E","B",null],"character_chosen":"HERMIT","items_purchased":["hermit:BigShot","Unceasing Top","DollysMirror","hermit:DeadMansHand+1","Finesse+1"],"campfire_rested":0,"item_purchase_floors":[21,39,53,53,53],"current_hp_per_floor":[74,74,74,59,48,38,38,38,52,46,46,46,46,46,46,46,89,89,72,72,72,72,70,70,70,70,52,42,42,42,42,42,42,94,94,94,94,84,84,84,79,84,84,84,84,84,84,81,81,66,99,96,96,69,34],"gold":73,"neow_bonus":"BOSS_RELIC","is_daily":false,"chose_seed":false,"campfire_upgraded":5,"win_rate":0.0,"timestamp":1611529374,"path_taken":["M","$","M","?","?","E","?","$","T","E","M","?","R","M","R","BOSS","M","?","M","$","?","E","R","?","T","E","M","?","R","M","R","BOSS","M","?","M","?","$","E","M","E","T","?","?","M","M","M","R","BOSS","R","$","E","BOSS"],"items_purchased_type":["Card","Relic","Relic","Card","Card"],"build_version":"2020-12-22","purchased_purges":3,"victory":true,"max_hp_per_floor":[75,75,75,75,75,75,75,75,89,89,89,89,89,89,89,89,89,89,94,94,94,94,94,94,94,94,94,94,94,94,94,94,94,94,94,94,94,94,94,94,94,99,99,99,99,99,99,99,99,99,99,96,96,96,96],"card_choices":[{"not_picked":["hermit:Headshot","hermit:Shortfuse"],"picked":"hermit:Manifest","floor":1.0},{"not_picked":["hermit:Dive","hermit:PistolWhip"],"picked":"hermit:Ricochet","floor":3.0},{"not_picked":["hermit:Virtue","hermit:Snipe","hermit:Midnight"],"picked":"SKIP","floor":6.0},{"not_picked":["hermit:OverwhelmingPower","hermit:Gestalt"],"picked":"hermit:Adapt","floor":10.0},{"not_picked":["hermit:Desperado","hermit:Quickdraw"],"picked":"hermit:Dive","floor":11.0},{"not_picked":["hermit:Manifest","hermit:Snipe","hermit:LoneWolf"],"picked":"SKIP","floor":12.0},{"not_picked":["hermit:ItchyTrigger","hermit:Ricochet"],"picked":"hermit:Headshot","floor":14.0},{"not_picked":["hermit:FromBeyond","hermit:Reprieve"],"picked":"hermit:FatalDesire","floor":16.0},{"not_picked":["hermit:SprayPray","hermit:GhostlyPresence","hermit:Manifest"],"picked":"SKIP","floor":18.0},{"not_picked":["hermit:Manifest","hermit:TakeAim"],"picked":"hermit:GhostlyPresence+1","floor":20.0},{"not_picked":["hermit:GhostlyPresence","hermit:NoHoldsBarred"],"picked":"hermit:LuckOfTheDraw","floor":23.0},{"not_picked":["hermit:Quickdraw+1","hermit:Glare","hermit:WideOpen+1"],"picked":"SKIP","floor":25.0},{"not_picked":["hermit:Virtue+1","hermit:LowProfile+1","hermit:WideOpen"],"picked":"SKIP","floor":27.0},{"not_picked":["hermit:Coalescence+1","hermit:ShadowCloak"],"picked":"hermit:WideOpen+1","floor":28.0},{"not_picked":["hermit:Glare+1","hermit:WideOpen+1","hermit:Vantage+1"],"picked":"SKIP","floor":31.0},{"not_picked":["hermit:RoundhouseKick","hermit:Dissolve+1"],"picked":"hermit:Roughhouse","floor":33.0},{"not_picked":["hermit:Headshot+1","hermit:TrackingShot","hermit:Glare+1"],"picked":"SKIP","floor":35},{"not_picked":["hermit:Feint+1","hermit:Manifest+1"],"picked":"hermit:Roulette+1","floor":37},{"not_picked":["Panacea+1","Discovery+1"],"picked":"Apotheosis+1","floor":38},{"not_picked":["Blind+1","Trip+1"],"picked":"Deep Breath+1","floor":38},{"not_picked":["hermit:Midnight+1","hermit:Quickdraw","hermit:CursedWeapon"],"picked":"SKIP","floor":40},{"not_picked":["hermit:Feint+1","hermit:GoldenBullet","hermit:Vantage+1"],"picked":"SKIP","floor":41},{"not_picked":["hermit:Desperado+1","hermit:CalledShot+1"],"picked":"hermit:RoundhouseKick","floor":42},{"not_picked":["hermit:Vantage+1","hermit:Ricochet+1"],"picked":"hermit:Brawl+1","floor":44},{"not_picked":["hermit:HighCaliber+1","hermit:BodyArmor+1","hermit:Malice+1"],"picked":"SKIP","floor":46},{"not_picked":["hermit:HighCaliber","hermit:WideOpen","hermit:Quickdraw+1"],"picked":"SKIP","floor":47},{"not_picked":["hermit:Feint+1","hermit:Purgatory"],"picked":"hermit:LoneWolf+1","floor":48},{"not_picked":["hermit:HighNoon","hermit:Spite","hermit:Misfire"],"picked":"SKIP","floor":54}],"player_experience":994931,"relics_obtained":[{"floor":6.0,"key":"Happy Flower"},{"floor":9.0,"key":"Mango"},{"floor":10.0,"key":"Centennial Puzzle"},{"floor":23.0,"key":"Ornamental Fan"},{"floor":26.0,"key":"Toxic Egg 2"},{"floor":27.0,"key":"War Paint"},{"floor":40,"key":"Peace Pipe"},{"floor":42,"key":"Art of War"},{"floor":43,"key":"Omamori"},{"floor":44,"key":"StoneCalendar"},{"floor":54,"key":"Whetstone"}],"event_choices":[{"damage_healed":74.0,"max_hp_gain":0.0,"max_hp_loss":75.0,"gold_gain":0.0,"event_name":"betterThird:BetterShining","player_choice":"Upgrade","floor":4.0,"gold_loss":0.0,"damage_taken":15.0,"cards_upgraded":["hermit:Defend_Hermit","hermit:Ricochet"]},{"damage_healed":0.0,"max_hp_gain":0.0,"max_hp_loss":0.0,"gold_gain":75.0,"event_name":"betterThird:BetterGoop","player_choice":"Gold","floor":5.0,"gold_loss":0.0,"damage_taken":11.0},{"damage_healed":0.0,"max_hp_gain":0.0,"max_hp_loss":0.0,"gold_gain":0.0,"event_name":"WeMeetAgain","player_choice":"Gave Potion","floor":7.0,"gold_loss":0.0,"damage_taken":0.0,"relics_obtained":["MawBank"]},{"damage_healed":0.0,"max_hp_gain":5.0,"max_hp_loss":0.0,"gold_gain":0.0,"event_name":"Forgotten Altar","player_choice":"Shed Blood","floor":19.0,"gold_loss":0.0,"damage_taken":22.0},{"cards_removed":["hermit:Strike_Hermit"],"damage_healed":0.0,"max_hp_gain":0.0,"max_hp_loss":0.0,"gold_gain":0.0,"event_name":"Bonfire Elementals","player_choice":"Offered Basic","floor":22.0,"gold_loss":0.0,"damage_taken":0.0},{"damage_healed":0,"gold_gain":0,"player_choice":"Ignored","damage_taken":0,"max_hp_gain":0,"max_hp_loss":0,"event_name":"Tomb of Lord Red Mask","floor":36,"gold_loss":0},{"damage_healed":0,"gold_gain":0,"player_choice":"Memory 3","damage_taken":10,"max_hp_gain":0,"max_hp_loss":0,"event_name":"SensoryStone","floor":38,"gold_loss":0},{"damage_healed":0,"gold_gain":0,"player_choice":"Fight","damage_taken":0,"max_hp_gain":0,"max_hp_loss":0,"event_name":"MindBloom","floor":44,"gold_loss":0},{"cards_removed":["hermit:FatalDesire"],"damage_healed":0,"gold_gain":0,"player_choice":"Removed Power","damage_taken":0,"max_hp_gain":0,"max_hp_loss":0,"event_name":"Falling","floor":45,"gold_loss":0}],"is_beta":false,"boss_relics":[{"not_picked":["Busted Crown","hermit:BartenderGlass"],"picked":"Coffee Dripper"},{"not_picked":["Empty Cage","Snecko Eye"],"picked":"Fusion Hammer"}],"items_purged_floors":[2,21,39],"is_endless":false,"potions_floor_spawned":[6,10,12,18,20,33,35,41,42,47,48,54],"ascension_level":0}}