{"host":"7k2a2omxz3voj5ax","time":1611496381,"event":{"mods":["BaseMod","Marisa£¨ìFÓê¡¡Ä§ÀíÉ³£©","Minty Spire (QoL Compilation)","Quick Restart","Spicy Shops","StSLib","Starting Relic: Pandora\u0027s Box","¡¾ÒÅÎï¿¨ÅÆ¡¿REMEMod","óô»ðÖ¸ÄÏ"],"gold_per_floor":[113,113,3126,2561,2561,2594,2126,2160,2176,2176,2187,2212,2227,2241,2291,2366,1945,2028,2040,2067,2091,2119,1684,1684,1718,1593,1146,1195,1195,928,941,728,763,144,220,220,238,238,256,281,334,344,372,12,12,12,12,41,41,60,93,93,153,153,103,4,44,71],"floor_reached":59,"language":"ZHS","playtime":2177,"items_purged":["REME_Compress","Zap","Rebound","Conserve Battery","Blizzard","Cold Snap","Dualcast","Glacier","Hologram","Coolheaded","Steam Power","Coolheaded","Blasphemy+1","Clumsy"],"score":2929,"play_id":"9eb6a876-ecd8-44c4-b085-388fa295ec65","local_time":"20210124225301","is_ascension_mode":true,"campfire_choices":[{"data":"Coolheaded","floor":45.0,"key":"SMITH"},{"data":"TalkToTheHand","floor":49.0,"key":"SMITH"},{"floor":52.0,"key":"RECALL"}],"circlet_count":0,"master_deck":["AscendersBane","Coolheaded+1","CasketOfStar+1","Turbo+1","TalkToTheHand+1","Singularity+1","Coolheaded+1","Madness+1","AlicesGift+1","MeteoricShower+1"],"relics":["Pandora\u0027s Box","REME_ComplimentaryCards","NeowsBlessing","Bag of Preparation","Singing Bowl","Medical Kit","Runic Capacitor","Pen Nib","Question Card","PrismaticShard","Pantograph","Nunchaku","Molten Egg 2","Old Coin","Membership Card","OrangePellets","MawBank","Runic Pyramid","Shuriken","Omamori","ClockworkSouvenir","Bottled Flame","Frozen Egg 2","TheAbacus","Lantern","Unceasing Top","Smiling Mask","TungstenRod","Orrery","Gremlin Horn","Tiny Chest","MealTicket","The Courier","DataDisk","Kunai","Toxic Egg 2","REME_HourglassOfDeath","Coffee Dripper","Ginger","CatCart","Mummified Hand","Sundial","Blood Vial","Ornamental Fan","InkBottle","White Beast Statue","Cables","War Paint","REME_ArchaeologicalTools","Calipers","Thread and Needle"],"acts_visited":["Exordium","TheCity","TheBeyond","TheEnding"],"potions_floor_usage":[58],"damage_taken":[{"damage":0.0,"enemies":"Small Slimes","floor":1.0,"turns":1.0},{"damage":0.0,"enemies":"Lagavulin","floor":6.0,"turns":4.0},{"damage":0.0,"enemies":"3 Sentries","floor":8.0,"turns":1.0},{"damage":0.0,"enemies":"Cultist","floor":9.0,"turns":4.0},{"damage":0.0,"enemies":"2 Louse","floor":11.0,"turns":2.0},{"damage":0.0,"enemies":"Gremlin Nob","floor":12.0,"turns":1.0},{"damage":0.0,"enemies":"Looter","floor":13.0,"turns":2.0},{"damage":0.0,"enemies":"2 Fungi Beasts","floor":14.0,"turns":2.0},{"damage":0.0,"enemies":"Hexaghost","floor":18.0,"turns":1.0},{"damage":1.0,"enemies":"Spheric Guardian","floor":20.0,"turns":3.0},{"damage":0.0,"enemies":"Chosen","floor":21.0,"turns":1.0},{"damage":0.0,"enemies":"Snecko","floor":22.0,"turns":1.0},{"damage":0.0,"enemies":"Book of Stabbing","floor":25.0,"turns":1.0},{"damage":0.0,"enemies":"3 Cultists","floor":31.0,"turns":3.0},{"damage":0.0,"enemies":"Slavers","floor":33.0,"turns":2.0},{"damage":0.0,"enemies":"Collector","floor":35.0,"turns":1.0},{"damage":0.0,"enemies":"3 Darklings","floor":37.0,"turns":1.0},{"damage":0.0,"enemies":"3 Shapes","floor":39.0,"turns":2.0},{"damage":0.0,"enemies":"Mind Bloom Boss Battle","floor":40.0,"turns":1.0},{"damage":0.0,"enemies":"Orin","floor":41.0,"turns":2.0},{"damage":0.0,"enemies":"Jaw Worm Horde","floor":42.0,"turns":1.0},{"damage":0.0,"enemies":"Nemesis","floor":43.0,"turns":1.0},{"damage":0.0,"enemies":"Giant Head","floor":48.0,"turns":1.0},{"damage":0.0,"enemies":"3 Darklings","floor":50.0,"turns":1.0},{"damage":10.0,"enemies":"Reptomancer","floor":51.0,"turns":2.0},{"damage":0.0,"enemies":"Time Eater","floor":53.0,"turns":4.0},{"damage":0.0,"enemies":"Shield and Spear","floor":57.0,"turns":1.0},{"damage":0,"enemies":"The Heart","floor":58,"turns":3}],"seed_played":"7100078005894041220","potions_obtained":[{"floor":1.0,"key":"Weak Potion"}],"is_trial":false,"path_per_floor":["M","?","$","$","?","E","R","E","M","T","M","E","M","M","R","?","R","B",null,"M","M","M","$","?","E","R","$","T","?","$","M","R","E","R","B",null,"M","?","M","?","?","M","E","$","R","T","T","E","R","M","E","R","B",null,"R","$","E","B",null],"character_chosen":"DEFECT","items_purchased":["DistilledChaos","Bag of Preparation","Singing Bowl","Medical Kit","Runic Capacitor","Pen Nib","PrismaticShard","Pantograph","Old Coin","Membership Card","OrangePellets","Coolheaded","MawBank","Shuriken","Omamori","ClockworkSouvenir","Bottled Flame","TheAbacus","Lantern","Unceasing Top","TungstenRod","Orrery","Gremlin Horn","Tiny Chest","Coolheaded","The Courier","DataDisk","Kunai","Toxic Egg 2","Coolheaded+1","REME_HourglassOfDeath","Mummified Hand","Sundial","Blood Vial","Ornamental Fan","InkBottle","Calipers"],"campfire_rested":0,"item_purchase_floors":[3,3,3,4,4,4,7,7,15,17,17,17,17,23,23,23,23,27,27,27,30,30,32,32,32,34,34,34,34,34,34,44,44,44,44,44,56],"current_hp_per_floor":[64,64,64,64,64,64,64,66,66,66,68,70,72,74,74,63,63,83,83,84,86,88,88,62,64,64,64,64,64,74,74,74,76,76,101,106,106,106,106,108,110,112,112,112,112,112,112,114,114,116,108,108,118,118,118,118,118,118],"gold":71,"neow_bonus":"THREE_ENEMY_KILL","is_daily":false,"chose_seed":false,"campfire_upgraded":2,"win_rate":0.0,"timestamp":1611496381,"path_taken":["M","?","?","$","?","E","R","E","M","T","M","E","M","M","R","?","R","BOSS","M","M","M","$","?","E","R","$","T","?","$","M","R","E","R","BOSS","M","?","M","?","?","M","E","$","R","T","?","E","R","?","E","R","BOSS","R","$","E","BOSS"],"items_purchased_type":["Potion","Relic","Relic","Relic","Relic","Relic","Relic","Relic","Relic","Relic","Relic","Card","Relic","Relic","Relic","Relic","Relic","Relic","Relic","Relic","Relic","Relic","Relic","Relic","Card","Relic","Relic","Relic","Relic","Card","Relic","Relic","Relic","Relic","Relic","Relic","Relic"],"build_version":"2020-12-22","purchased_purges":14,"victory":true,"max_hp_per_floor":[71,71,71,71,71,71,71,73,73,73,75,77,79,81,81,81,81,83,83,85,87,89,89,94,96,96,96,96,96,106,106,106,108,108,108,108,108,108,108,108,110,112,112,112,112,112,112,114,114,116,118,118,118,118,118,118,118,118],"card_choices":[{"not_picked":["Streamline","Gash","Stack"],"picked":"SKIP","floor":1.0},{"not_picked":["Aggregate","Conserve Battery"],"picked":"Turbo","floor":6.0},{"not_picked":["Reckless Charge","Blade Dance","Deadly Poison","Leg Sweep"],"picked":"Singing Bowl","floor":8.0},{"not_picked":["REME_Cut","Grand Finale","SashWhip"],"picked":"TalkToTheHand","floor":9.0},{"not_picked":["Metallicize","ClearTheMind","Flame Barrier","Halt"],"picked":"Singing Bowl","floor":11.0},{"not_picked":["Prepared","Barrage+1","PiercingWail","Blade Dance"],"picked":"Singing Bowl","floor":12.0},{"not_picked":["Alpha","Tantrum+1","Streamline+1","Prepared"],"picked":"Singing Bowl","floor":13.0},{"not_picked":["JustLucky+1","PropBag","Streamline+1","Dagger Spray+1"],"picked":"Singing Bowl","floor":14.0},{"not_picked":["Thunder Strike+1","REME_Shoggoth+1","StarDustReverie","Thinking Ahead"],"picked":"Singing Bowl","floor":18.0},{"not_picked":["Compile Driver+1","NonDirectionalLaser+1","GalacticHalo","Gash+1"],"picked":"Singing Bowl","floor":20.0},{"not_picked":["Shrug It Off","Sweeping Beam+1","Flying Knee+1","Dark Shackles"],"picked":"Singing Bowl","floor":21.0},{"not_picked":["SashWhip+1","Conserve Battery","REME_TheoryOfElimination","Dagger Throw+1"],"picked":"Singing Bowl","floor":22.0},{"not_picked":["ChargeUpSpray+1","DarkSpark+1","Reflex","FairyDestructionRay+1"],"picked":"Singing Bowl","floor":25.0},{"not_picked":["PathToVictory","Scrape+1","Anger+1","Prostrate"],"picked":"Singing Bowl","floor":30.0},{"not_picked":["Thunderclap+1","Poisoned Stab+1","Perfected Strike+1","Body Slam+1"],"picked":"Singing Bowl","floor":30.0},{"not_picked":["EarthLightRay","Shrug It Off+1","Heavy Blade+1","Flying Knee+1"],"picked":"Singing Bowl","floor":30.0},{"not_picked":["SprinkleStarSeal","GravityBeat+1","MillisecondPulsars+1","Battle Trance"],"picked":"Singing Bowl","floor":30.0},{"not_picked":["Noxious Fumes+1","Weave+1","A Thousand Cuts+1","Conclude+1"],"picked":"Singing Bowl","floor":30.0},{"not_picked":["PropBag","InnerPeace","DarkSpark+1"],"picked":"Steam Power","floor":31.0},{"not_picked":["DeepEcoloBomb+1","Warcry","Meditate","Sentinel"],"picked":"Singing Bowl","floor":33.0},{"not_picked":["Unload+1","Berserk+1","Fission+1"],"picked":"Blasphemy+1","floor":35.0},{"not_picked":["GravityBeat+1","Footwork+1","Clash+1"],"picked":"Singularity+1","floor":37.0},{"not_picked":["REME_ShadowStrike+1","ReachHeaven+1","Cold Snap+1"],"picked":"Coolheaded+1","floor":39.0},{"not_picked":["GrandCross+1","Deflect+1","REME_Repentance+1"],"picked":"Madness+1","floor":40.0},{"not_picked":["Melter+1","Footwork+1","MagicAbsorber+1","Steam+1"],"picked":"Singing Bowl","floor":41.0},{"not_picked":["Nirvana+1","OrrerysSun+1","Gash+1","Entrench+1"],"picked":"Singing Bowl","floor":42.0},{"not_picked":["GravityBeat+1","REME_TheoryOfElimination+1","Berserk+1"],"picked":"AlicesGift+1","floor":43.0},{"not_picked":["InnerPeace+1","GalacticHalo+1","Swift Strike+1","Underhanded Strike+1"],"picked":"Singing Bowl","floor":48.0},{"not_picked":["Clash+1","Madness+1","SporeBomb+1","GalacticHalo+1"],"picked":"Singing Bowl","floor":50.0},{"not_picked":["Masterful Stab+1","ClearTheMind+1","Machine Learning+1","Genetic Algorithm+1"],"picked":"Singing Bowl","floor":51.0},{"not_picked":["Beam Cell+1","Deflect+1","Evolve+1"],"picked":"MeteoricShower+1","floor":57.0}],"player_experience":506721,"relics_obtained":[{"floor":6.0,"key":"Question Card"},{"floor":8.0,"key":"Nunchaku"},{"floor":12.0,"key":"Molten Egg 2"},{"floor":25.0,"key":"Frozen Egg 2"},{"floor":28.0,"key":"Smiling Mask"},{"floor":33.0,"key":"MealTicket"},{"floor":40.0,"key":"Ginger"},{"floor":41.0,"key":"CatCart"},{"floor":46.0,"key":"White Beast Statue"},{"floor":47.0,"key":"Cables"},{"floor":48.0,"key":"War Paint"},{"floor":51.0,"key":"REME_ArchaeologicalTools"},{"floor":57.0,"key":"Thread and Needle"}],"event_choices":[{"damage_healed":0.0,"max_hp_gain":0.0,"max_hp_loss":0.0,"gold_gain":0.0,"event_name":"Upgrade Shrine","player_choice":"Upgraded","floor":2.0,"gold_loss":0.0,"damage_taken":0.0,"cards_upgraded":["CasketOfStar"]},{"damage_healed":0.0,"max_hp_gain":0.0,"max_hp_loss":0.0,"gold_gain":0.0,"event_name":"Liars Game","player_choice":"Ignored","floor":5.0,"gold_loss":0.0,"damage_taken":0.0},{"damage_healed":0.0,"max_hp_gain":0.0,"max_hp_loss":0.0,"gold_gain":75.0,"event_name":"World of Goop","player_choice":"Gather Gold","floor":16.0,"gold_loss":0.0,"damage_taken":11.0},{"damage_healed":0.0,"max_hp_gain":5.0,"max_hp_loss":0.0,"gold_gain":0.0,"event_name":"Forgotten Altar","player_choice":"Shed Blood","floor":24.0,"gold_loss":0.0,"damage_taken":31.0},{"damage_healed":0.0,"max_hp_gain":0.0,"max_hp_loss":0.0,"gold_gain":0.0,"event_name":"Vampires","player_choice":"Ignored","floor":29.0,"gold_loss":0.0,"damage_taken":0.0},{"cards_removed":["Coolheaded"],"damage_healed":0.0,"max_hp_gain":0.0,"max_hp_loss":0.0,"gold_gain":0.0,"event_name":"Falling","player_choice":"Removed Skill","floor":38.0,"gold_loss":0.0,"damage_taken":0.0},{"damage_healed":0.0,"max_hp_gain":0.0,"max_hp_loss":0.0,"gold_gain":0.0,"event_name":"MindBloom","player_choice":"Fight","floor":40.0,"gold_loss":0.0,"damage_taken":0.0},{"damage_healed":0.0,"max_hp_gain":0.0,"max_hp_loss":0.0,"gold_gain":0.0,"event_name":"OrinTheCat","player_choice":"Fight","floor":41.0,"gold_loss":0.0,"damage_taken":0.0}],"is_beta":false,"boss_relics":[{"not_picked":["Velvet Choker","REME_DuelDisc"],"picked":"Runic Pyramid"},{"not_picked":["Busted Crown","Astrolabe"],"picked":"Coffee Dripper"}],"items_purged_floors":[3,3,4,7,15,17,23,26,27,30,32,34,55,56],"is_endless":false,"potions_floor_spawned":[1,9,11,22,31,35,37,41,43,48,50,51,57],"ascension_level":15}}