{"host":"c97twqu0op5dg8i4","time":1611467818,"event":{"mods":["AchievementEnabler","BaseMod","Colored Map","Minty Spire (QoL Compilation)","Permanent Neow"],"gold_per_floor":[99,99,99,99,24,24,24,24,24,24,24,24,24,24,24,24,24,24,24,24,24,24,24,24],"floor_reached":23,"language":"ENG","playtime":726,"items_purged":["Strike_P"],"score":313,"play_id":"f47ef8d8-8650-421f-ae8b-680796d7ca72","local_time":"20210124005658","is_ascension_mode":true,"campfire_choices":[{"floor":8,"key":"REST"},{"data":"WreathOfFlame","floor":15,"key":"SMITH"}],"circlet_count":0,"master_deck":["Strike_P","Strike_P","Defend_P+1","Defend_P","Defend_P","Defend_P","Eruption+1","Vigilance","CutThroughFate","PathToVictory","Blasphemy","WreathOfFlame+1","Protect","Consecrate","Scrawl","LessonLearned","Wallop"],"relics":["Ectoplasm","Happy Flower","InkBottle","Golden Idol","Busted Crown"],"acts_visited":["Exordium","TheCity"],"potions_floor_usage":[13,18],"damage_taken":[{"damage":0,"enemies":"Small Slimes","floor":1,"turns":2},{"damage":0,"enemies":"2 Louse","floor":3,"turns":4},{"damage":49,"enemies":"3 Sentries","floor":6,"turns":10},{"damage":0,"enemies":"Jaw Worm","floor":7,"turns":3},{"damage":0,"enemies":"2 Fungi Beasts","floor":10,"turns":3},{"damage":0,"enemies":"Exordium Thugs","floor":13,"turns":3},{"damage":99999,"enemies":"3 Louse","floor":14,"turns":2},{"damage":0,"enemies":"Slime Boss","floor":16,"turns":6},{"damage":0,"enemies":"2 Thieves","floor":18,"turns":1},{"damage":43,"enemies":"Shell Parasite","floor":20,"turns":5},{"damage":12,"enemies":"Slavers","floor":23,"turns":3}],"seed_played":"5050121296126813964","potions_obtained":[{"floor":3,"key":"FairyPotion"},{"floor":6,"key":"ColorlessPotion"},{"floor":10,"key":"DuplicationPotion"},{"floor":14,"key":"FairyPotion"},{"floor":20,"key":"LiquidBronze"}],"is_trial":false,"path_per_floor":["M","?","M","?","$","E","M","R","T","M","$","?","M","M","R","B",null,"M","?","M","?","$","E"],"character_chosen":"WATCHER","items_purchased":[],"campfire_rested":1,"item_purchase_floors":[],"current_hp_per_floor":[65,70,70,70,70,21,21,44,44,44,44,44,44,21,21,21,59,59,46,3,3,3,22,22],"gold":24,"neow_bonus":"BOSS_RELIC","is_daily":false,"chose_seed":false,"campfire_upgraded":1,"win_rate":0.0,"timestamp":1611467818,"path_taken":["M","?","M","?","$","E","M","R","T","M","?","?","M","M","R","BOSS","M","?","M","?","?","E"],"items_purchased_type":[],"build_version":"2020-12-22","purchased_purges":1,"victory":false,"max_hp_per_floor":[72,77,77,77,77,77,77,77,77,77,77,71,71,71,71,71,71,71,76,76,76,76,76,76],"card_choices":[{"not_picked":["Halt","FollowUp"],"picked":"CutThroughFate","floor":1},{"not_picked":["CutThroughFate","Consecrate"],"picked":"PathToVictory","floor":3},{"not_picked":["SashWhip","InnerPeace"],"picked":"Blasphemy","floor":6},{"not_picked":["WindmillStrike","BowlingBash"],"picked":"WreathOfFlame","floor":7},{"not_picked":["SandsOfTime","FlyingSleeves"],"picked":"Protect","floor":10},{"not_picked":["JustLucky","ClearTheMind"],"picked":"Consecrate","floor":13},{"not_picked":["FlurryOfBlows","CrushJoints"],"picked":"Scrawl","floor":14},{"not_picked":["DeusExMachina","Scrawl"],"picked":"LessonLearned","floor":16},{"not_picked":["ThirdEye+1"],"picked":"SKIP","floor":18},{"not_picked":[],"picked":"Wallop","floor":20}],"player_experience":294494,"relics_obtained":[{"floor":6,"key":"Happy Flower"},{"floor":9,"key":"InkBottle"}],"event_choices":[{"damage_healed":0,"gold_gain":0,"player_choice":"Donut","damage_taken":0,"max_hp_gain":5,"max_hp_loss":0,"event_name":"Big Fish","floor":2,"gold_loss":0},{"damage_healed":0,"gold_gain":0,"player_choice":"Grow","damage_taken":0,"max_hp_gain":0,"max_hp_loss":0,"event_name":"Living Wall","floor":4,"gold_loss":0,"cards_upgraded":["Eruption"]},{"damage_healed":0,"gold_gain":0,"player_choice":"Lose Max HP","damage_taken":0,"relics_obtained":["Golden Idol"],"max_hp_gain":0,"max_hp_loss":6,"event_name":"Golden Idol","floor":12,"gold_loss":0},{"damage_healed":0,"gold_gain":0,"player_choice":"Shed Blood","damage_taken":18,"max_hp_gain":5,"max_hp_loss":0,"event_name":"Forgotten Altar","floor":19,"gold_loss":0},{"cards_removed":["Strike_P"],"damage_healed":0,"gold_gain":0,"player_choice":"Elegance","damage_taken":0,"max_hp_gain":0,"max_hp_loss":0,"event_name":"Back to Basics","floor":21,"gold_loss":0}],"is_beta":false,"boss_relics":[{"not_picked":["Runic Pyramid","Philosopher\u0027s Stone"],"picked":"Busted Crown"}],"items_purged_floors":[5],"is_endless":false,"potions_floor_spawned":[3,6,10,14,20],"killed_by":"Slavers","ascension_level":6}}