{"host":"h51tltv0izczgxti","time":1611459490,"event":{"mods":["2.2 Compatiblity","AchievementEnabler","Act Like it!","Aspiration","BaseMod","Beaked The Cultist","Better Altar","Better Match","Better Note","Better Sensory Stone","Better Skull","Better Third Choice","Better Vampires","BetterRewards","Clockwork Mod","Gensokyo","Halation","Hallownest","Hermit","HololiveMod","Hubris","Infinite Spire","Koishi","Mad Scientist","Magitek Elite","Marisa????????","Melee Mod","Minty Spire (QoL Compilation)","Pale of the Ancients","Poor People Problems","Prisma Mod","Random Character Button","Remilia??????","Replay The Spire","Retaliation","Robot Space Explorer","Shade Mod","Spicy Shops","Spire Arcade","StS++","StSLib","Strawberry Spire","The Animator","The Bug Knight","The Gatherer","The Kombatant","The Poker Player","The Servant 0.9.4","The Wild Card","TheBandit","WarShipGirlsR/????R mod","Yuyuko"],"gold_per_floor":[116,127,146,8,20,20,20],"floor_reached":6,"language":"ENG","playtime":523,"items_purged":[],"score":40,"play_id":"b550a2a8-0d90-4d7f-be72-df3f94bce0b6","local_time":"20210123213810","is_ascension_mode":true,"campfire_choices":[],"circlet_count":0,"master_deck":["MadScienceMod:Strike_MadScience","MadScienceMod:Strike_MadScience","MadScienceMod:Strike_MadScience","MadScienceMod:Strike_MadScience","MadScienceMod:Defend_MadScience","MadScienceMod:Defend_MadScience","MadScienceMod:Defend_MadScience","MadScienceMod:Defend_MadScience","MadScienceMod:PoweredStrike","MadScienceMod:HideBehindJunk","MadScienceMod:EnergyBarrier","MadScienceMod:AcidSpray","MadScienceMod:FlexibleSpear","Gensokyo:RustyChest","Gensokyo:ScrapIron","MadScienceMod:ArtilleryShot+1","MadScienceMod:Sprocket"],"relics":["MadScienceMod:FuelTank","aspiration:DSix"],"acts_visited":["Gensokyo:Gensokyo"],"potions_floor_usage":[5,6,6,6],"damage_taken":[{"damage":3,"enemies":"Gensokyo:Gryphon","floor":1,"turns":4},{"damage":0,"enemies":"Gensokyo:2_Kodama","floor":2,"turns":4},{"damage":2,"enemies":"Gensokyo:Python","floor":3,"turns":4},{"damage":24,"enemies":"Gensokyo:2_Rabbits","floor":5,"turns":6},{"damage":55,"enemies":"Gensokyo:Cirno","floor":6,"turns":9}],"seed_played":"-5351886073829695236","potions_obtained":[{"floor":1,"key":"Weak Potion"},{"floor":2,"key":"MadScienceMod:TrinketPotion"},{"floor":3,"key":"Weak Potion"},{"floor":5,"key":"Block Potion"}],"is_trial":false,"path_per_floor":["M","M","M","COS","M","E"],"character_chosen":"MAD_SCIENTIST","items_purchased":[],"campfire_rested":0,"item_purchase_floors":[],"current_hp_per_floor":[72,72,70,70,46,0,0],"gold":20,"neow_bonus":"DSIX","is_daily":false,"chose_seed":false,"campfire_upgraded":0,"win_rate":0.0,"timestamp":1611459490,"path_taken":["M","M","M","COS","M","E"],"items_purchased_type":[],"build_version":"2020-12-22","purchased_purges":0,"victory":false,"max_hp_per_floor":[75,75,75,75,75,75,75],"card_choices":[{"not_picked":["MadScienceMod:LightOnFire","MadScienceMod:CaptureMomentum"],"picked":"MadScienceMod:EnergyBarrier","floor":1},{"not_picked":["MadScienceMod:Bombardment","MadScienceMod:NowOrNever"],"picked":"MadScienceMod:AcidSpray","floor":2},{"not_picked":["MadScienceMod:Virus","MadScienceMod:Poke"],"picked":"MadScienceMod:FlexibleSpear","floor":3},{"not_picked":["MadScienceMod:EnergyBarrier+1","MadScienceMod:AssemblyLine+1"],"picked":"MadScienceMod:ArtilleryShot+1","floor":5},{"not_picked":["MadScienceMod:EnergyBarrier","MadScienceMod:AutoStrike"],"picked":"MadScienceMod:Sprocket","floor":5}],"player_experience":919697,"relics_obtained":[],"event_choices":[],"is_beta":false,"boss_relics":[],"items_purged_floors":[],"is_endless":false,"potions_floor_spawned":[1,2,3,5],"killed_by":"Gensokyo:Cirno","ascension_level":1}}