{"host":"c2bue2hyafvtxka5","time":1611507433,"event":{"mods":["BaseMod","Hermit","Minty Spire (QoL Compilation)","Replay The Spire","StSLib","SuperFastMode","The Cursed","The Disciple","The Necromancer","The Servant 0.9.4"],"gold_per_floor":[117,117,117,192,192,219,219,252,252,267,298,310,94,104,104,209,209,226,236,248,248,262,262,262],"floor_reached":23,"language":"ENG","playtime":722,"items_purged":["Strike_W"],"score":274,"play_id":"e32165d4-bf92-4e9f-8d09-3fca417f50bd","local_time":"20210124115713","is_ascension_mode":true,"campfire_choices":[{"data":"Skeleton_Dragon","floor":7,"key":"SMITH"}],"circlet_count":0,"master_deck":["Strike_W","Strike_W","Defend_W","Defend_W","Defend_W","Defend_W","Negative_Energy_Arrows","Bone_Wall","Life_Drain+1","Skeleton_Dragon+1","Summon_Vampire_Lady","Summon_Lich","Skeleton_Dragon","Bone_Bullets","Uncharnel","Bone_Armor"],"relics":["Vampire_Amulet","NeowsBlessing","Bronze Scales","ReplayTheSpireMod:TigerMarble","Replay:Bottled Steam","Replay:Wax Seal","Membership Card","ReplayTheSpireMod:DimensionalGlitch","Dream Catcher"],"acts_visited":["Exordium","TheCity"],"potions_floor_usage":[16,16,22,22,23],"damage_taken":[{"damage":0,"enemies":"Small Slimes","floor":1,"turns":1},{"damage":0,"enemies":"Jaw Worm","floor":3,"turns":1},{"damage":0,"enemies":"Gremlin Nob","floor":6,"turns":1},{"damage":55,"enemies":"3 Sentries","floor":8,"turns":11},{"damage":6,"enemies":"Cultist","floor":10,"turns":4},{"damage":46,"enemies":"Lagavulin","floor":11,"turns":9},{"damage":36,"enemies":"Lots of Slimes","floor":12,"turns":4},{"damage":0,"enemies":"Large Slime","floor":14,"turns":5},{"damage":67,"enemies":"Hexaghost","floor":16,"turns":11},{"damage":32,"enemies":"Shell Parasite","floor":18,"turns":11},{"damage":20,"enemies":"Chosen","floor":19,"turns":6},{"damage":59,"enemies":"Snake Plant","floor":20,"turns":6},{"damage":33,"enemies":"Cultist and Chosen","floor":22,"turns":8},{"damage":11,"enemies":"Book of Stabbing","floor":23,"turns":1}],"seed_played":"-5311421128036210692","potions_obtained":[{"floor":1,"key":"ColorlessPotion"},{"floor":8,"key":"Block Potion"},{"floor":12,"key":"GamblersBrew"},{"floor":18,"key":"EssenceOfSteel"},{"floor":20,"key":"Weak Potion"},{"floor":22,"key":"SkillPotion"}],"is_trial":false,"path_per_floor":["M","?","M","?","?","E","R","E","T","M","E","M","$","M","R","B",null,"M","M","M","?","M","E"],"character_chosen":"NECROMANCER","items_purchased":["Membership Card","Summon_Lich"],"campfire_rested":0,"item_purchase_floors":[13,13],"current_hp_per_floor":[75,75,75,64,64,66,66,29,29,40,27,21,21,50,72,46,75,70,65,20,20,6,0,0],"gold":262,"neow_bonus":"THREE_ENEMY_KILL","is_daily":false,"chose_seed":false,"campfire_upgraded":1,"win_rate":0.0,"timestamp":1611507433,"path_taken":["M","?","M","?","?","E","R","E","T","M","E","M","$","M","R","BOSS","M","M","M","?","M","E"],"items_purchased_type":["Relic","Card"],"build_version":"2020-12-22","purchased_purges":1,"victory":false,"max_hp_per_floor":[75,75,75,75,75,75,75,75,75,75,75,75,75,75,75,75,75,75,75,75,75,75,75,75],"card_choices":[{"not_picked":["Blood_Is_Power","Spectral_Walk","Consume_Illness"],"picked":"SKIP","floor":1},{"not_picked":["Vampiric_Strike","Negative_Energy_Sphere","Scare"],"picked":"SKIP","floor":3},{"not_picked":["Toxic_Smoke_Screen","Necromantic_Selection"],"picked":"Skeleton_Dragon","floor":6},{"not_picked":["Flesh_Made_Foul","Finger_Of_Death"],"picked":"Summon_Vampire_Lady","floor":8},{"not_picked":["Negative_Energy_Burst","Toxic_Smoke_Screen","Bones_to_Steel"],"picked":"SKIP","floor":10},{"not_picked":["Flesh_Made_Foul","Epidemic","Blood_Is_Power"],"picked":"SKIP","floor":11},{"not_picked":["Slay_Living","Blood_Curse","Reap_The_Weak"],"picked":"SKIP","floor":12},{"not_picked":["Life_Drain","Blood_Is_Power","Bone_Spikes"],"picked":"SKIP","floor":14},{"not_picked":["Grasp_Heart","Hellfire"],"picked":"Skeleton_Dragon","floor":16},{"not_picked":["Death_Coil+1","Blood_Is_Power+1"],"picked":"Bone_Bullets","floor":18},{"not_picked":["Death_March_Dance","Scare"],"picked":"Uncharnel","floor":19},{"not_picked":["Toxic_Smoke_Screen","Negative_Energy_Mist"],"picked":"Bone_Armor","floor":20},{"not_picked":["Vampiric_Strike+1","Requiem","Negative_Energy_Sphere"],"picked":"SKIP","floor":22}],"player_experience":98310,"relics_obtained":[{"floor":6,"key":"Bronze Scales"},{"floor":8,"key":"ReplayTheSpireMod:TigerMarble"},{"floor":9,"key":"Replay:Bottled Steam"},{"floor":11,"key":"Replay:Wax Seal"}],"event_choices":[{"damage_healed":0,"gold_gain":0,"cards_transformed":["Strike_W"],"player_choice":"Change","damage_taken":0,"max_hp_gain":0,"max_hp_loss":0,"event_name":"Living Wall","floor":2,"gold_loss":0,"cards_obtained":["Life_Drain"]},{"damage_healed":0,"gold_gain":75,"player_choice":"Gather Gold","damage_taken":11,"max_hp_gain":0,"max_hp_loss":0,"event_name":"World of Goop","floor":4,"gold_loss":0},{"damage_healed":0,"gold_gain":0,"player_choice":"Bought 0 Potions","damage_taken":0,"max_hp_gain":0,"max_hp_loss":0,"event_name":"The Woman in Blue","floor":5,"gold_loss":0},{"damage_healed":0,"gold_gain":0,"player_choice":"Gave Potion","damage_taken":0,"relics_obtained":["Dream Catcher"],"max_hp_gain":0,"max_hp_loss":0,"event_name":"WeMeetAgain","floor":21,"gold_loss":0}],"is_beta":false,"boss_relics":[{"not_picked":["Honey Jar","Calling Bell"],"picked":"ReplayTheSpireMod:DimensionalGlitch"}],"items_purged_floors":[13],"is_endless":false,"potions_floor_spawned":[1,8,12,18,20,22],"killed_by":"Book of Stabbing","ascension_level":3}}