{"host":"v7f6n6ea3j6on08h","time":1611483612,"event":{"mods":["AchievementEnabler","Aspiration","BaseMod","Duelist Mod","Friendly Minions","Hubris","Minty Spire (QoL Compilation)","Replay The Spire","StSLib"],"gold_per_floor":[144,144,204,223,244,277,103,118,118,134,175,175,190,223,223,316,316,334,357,377,377,377,418,430,483,518,574,586,617,629,675,687,790,802,833,478,497,497,497,497],"floor_reached":39,"language":"ENG","playtime":2788,"items_purged":["theDuelist:CastleWalls","theDuelist:CastleWalls"],"score":1058,"play_id":"a1fca2c1-77d4-4f4e-9aae-f277cca58ca7","local_time":"20210124052012","is_ascension_mode":true,"campfire_choices":[{"data":"theDuelist:WhiteHowling","floor":12,"key":"SMITH"},{"data":"theDuelist:IrisEarthMother","floor":15,"key":"SMITH"},{"data":"theDuelist:ApprenticeIllusionMagician+1","floor":24,"key":"SMITH"},{"data":"theDuelist:ApprenticeIllusionMagician+2","floor":28,"key":"SMITH"},{"floor":32,"key":"RECALL"}],"circlet_count":0,"master_deck":["AscendersBane","theDuelist:DarkMagician","theDuelist:MysticalElf","theDuelist:MysticalElf","theDuelist:NeoMagic","theDuelist:NeoMagic","theDuelist:Sparks","theDuelist:Sparks","theDuelist:Sparks","theDuelist:SangaThunder","theDuelist:SolemnStrike","theDuelist:WhiteHowling+1","theDuelist:Fissure","theDuelist:InjectionFairy","theDuelist:CosmoBrain","theDuelist:IrisEarthMother+1","theDuelist:SolemnStrike","theDuelist:SpellShatteringArrow","theDuelist:SilentDoom","theDuelist:WonderWand","theDuelist:SpellShatteringArrow","theDuelist:MythicalBeast","theDuelist:ApprenticeIllusionMagician+3","theDuelist:NeoMagic","theDuelist:TimeWizard+1","theDuelist:FuryFire+1","theDuelist:DiffusionWaveMotion+1","theDuelist:InjectionFairy+1","theDuelist:SpellShatteringArrow"],"relics":["theDuelist:MillenniumPuzzle","theDuelist:CardPoolRelic","theDuelist:CardPoolBasicRelic","theDuelist:BoosterPackPoolRelic","theDuelist:CardPoolAddRelic","theDuelist:CardPoolMinusRelic","theDuelist:CardPoolSaveRelic","theDuelist:CardPoolOptionsRelic","Golden Idol","Letter Opener","theDuelist:ZombieRelic","hubris:SphereOfDissonance","Regal Pillow","Darkstone Periapt","Coffee Dripper","MawBank","Mummified Hand","Pantograph","Bottled Tornado","ReplayTheSpireMod:Lightbulb","hubris:Backtick","theDuelist:SpellcasterOrb","hubris:BallOfYels","Dream Catcher"],"acts_visited":["Exordium","TheCity","TheBeyond"],"potions_floor_usage":[6,6,14,14,16,23,25,31,31,33,35],"damage_taken":[{"damage":0,"enemies":"Small Slimes","floor":1,"turns":3},{"damage":0,"enemies":"2 Louse","floor":4,"turns":2},{"damage":1,"enemies":"Jaw Worm","floor":5,"turns":4},{"damage":12,"enemies":"3 Sentries","floor":6,"turns":6},{"damage":0,"enemies":"Exordium Wildlife","floor":8,"turns":3},{"damage":0,"enemies":"3 Louse","floor":10,"turns":2},{"damage":0,"enemies":"Gremlin Nob","floor":11,"turns":3},{"damage":2,"enemies":"Blue Slaver","floor":13,"turns":2},{"damage":13,"enemies":"Lagavulin","floor":14,"turns":4},{"damage":22,"enemies":"The Guardian","floor":16,"turns":14},{"damage":8,"enemies":"Shell Parasite","floor":18,"turns":3},{"damage":2,"enemies":"Chosen","floor":19,"turns":3},{"damage":8,"enemies":"Snake Plant","floor":20,"turns":4},{"damage":11,"enemies":"Book of Stabbing","floor":23,"turns":4},{"damage":20,"enemies":"Replay:Snechameleon","floor":25,"turns":5},{"damage":0,"enemies":"theDuelist:KaibaA2","floor":27,"turns":5},{"damage":0,"enemies":"3 Cultists","floor":29,"turns":5},{"damage":12,"enemies":"Book of Stabbing","floor":31,"turns":3},{"damage":36,"enemies":"Automaton","floor":33,"turns":11},{"damage":0,"enemies":"Orb Walker","floor":35,"turns":2},{"damage":34,"enemies":"3 Darklings","floor":37,"turns":6},{"damage":29,"enemies":"4 Shapes","floor":39,"turns":2}],"seed_played":"4697414434641895782","potions_obtained":[{"floor":3,"key":"DuplicationPotion"},{"floor":5,"key":"Adrenaline Potion"},{"floor":8,"key":"Reflective Coating"},{"floor":13,"key":"theDuelist:WaterBottle"},{"floor":14,"key":"ColorlessPotion"},{"floor":20,"key":"theDuelist:FireBottle"},{"floor":23,"key":"Fire Potion"},{"floor":25,"key":"Energy Potion"},{"floor":27,"key":"Languid Potion"},{"floor":31,"key":"theDuelist:VoidBottle"},{"floor":33,"key":"ColorlessPotion"},{"floor":35,"key":"SpeedPotion"}],"is_trial":false,"path_per_floor":["M","?","?","M","M","E","$","M","T","M","E","R","M","E","R","B",null,"M","M","M","?","?","E","R","E","T","E","R","M","T","E","R","B",null,"M","$","M","?","M"],"character_chosen":"THE_DUELIST","items_purchased":["theDuelist:InjectionFairy","theDuelist:CosmoBrain","theDuelist:InjectionFairy+1","theDuelist:SpellShatteringArrow","hubris:BallOfYels"],"campfire_rested":0,"item_purchase_floors":[7,7,36,36,36],"current_hp_per_floor":[70,70,47,47,46,34,34,38,38,38,38,38,40,31,31,21,58,54,56,52,52,52,45,45,25,25,29,29,33,33,25,25,18,57,57,57,28,28,0,0],"gold":497,"neow_bonus":"TEN_PERCENT_HP_BONUS","is_daily":false,"chose_seed":false,"campfire_upgraded":4,"win_rate":0.0,"timestamp":1611483612,"path_taken":["M","?","?","M","M","E","$","M","T","M","E","R","M","E","R","BOSS","M","M","M","?","?","E","R","E","T","E","R","M","?","E","R","BOSS","M","$","M","?","M"],"items_purchased_type":["Card","Card","Card","Card","Relic"],"build_version":"2020-12-22","purchased_purges":2,"victory":false,"max_hp_per_floor":[77,70,70,70,70,70,70,70,70,70,70,70,70,70,70,70,70,70,70,70,70,70,70,70,70,70,70,70,70,70,70,70,70,70,70,70,70,70,70,70],"card_choices":[{"not_picked":["theDuelist:CallAtlanteans","theDuelist:SpiritHarp","theDuelist:PowerKaishin","theDuelist:WhiteHowling"],"picked":"theDuelist:SangaThunder","floor":1},{"not_picked":["theDuelist:BattleOx","theDuelist:ClearKuriboh","theDuelist:Sangan","theDuelist:WormKing"],"picked":"theDuelist:SolemnStrike","floor":3},{"not_picked":["theDuelist:StatueAnguishPattern","theDuelist:GoblinSecret","theDuelist:TimeWizard"],"picked":"theDuelist:WhiteHowling","floor":4},{"not_picked":["theDuelist:HammerShot","theDuelist:RainbowKuriboh","theDuelist:WeepingIdol","theDuelist:RainbowGravity"],"picked":"theDuelist:Fissure","floor":5},{"not_picked":["theDuelist:BattleOx","theDuelist:GaiaMidNightSun","theDuelist:HaneHane","theDuelist:MirrorForce","theDuelist:WeepingIdol"],"picked":"SKIP","floor":6},{"not_picked":["theDuelist:RainbowDarkDragon","theDuelist:RainbowMagician","theDuelist:RainbowKuriboh","theDuelist:RainbowOverdragon"],"picked":"theDuelist:IrisEarthMother","floor":8},{"not_picked":["theDuelist:WhiteHowling","theDuelist:Fissure"],"picked":"theDuelist:SolemnStrike","floor":10},{"not_picked":["theDuelist:CallAtlanteans","theDuelist:Mudballman","theDuelist:Illusionist","theDuelist:DoomShaman"],"picked":"theDuelist:SpellShatteringArrow","floor":11},{"not_picked":["theDuelist:LegendaryExodia","theDuelist:DarkPaladin"],"picked":"theDuelist:SilentDoom","floor":13},{"not_picked":["theDuelist:StatueAnguishPattern","theDuelist:MindAir","theDuelist:TimeWizard","theDuelist:WhiteHowling"],"picked":"theDuelist:WonderWand","floor":14},{"not_picked":["theDuelist:CrystalWingDragon+1","theDuelist:BlueBloodedOni+1","theDuelist:GreenGraveOni","theDuelist:RainbowOverdragon","theDuelist:RedHeadedOni"],"picked":"SKIP","floor":18},{"not_picked":["theDuelist:DarkMagician","theDuelist:CallAtlanteans","theDuelist:WhiteMagicalHat+1","theDuelist:GuardianAngel"],"picked":"theDuelist:SpellShatteringArrow","floor":19},{"not_picked":["theDuelist:RainbowMagician","theDuelist:MagicalBlast"],"picked":"theDuelist:MythicalBeast","floor":20},{"not_picked":["theDuelist:ExodiaRA","theDuelist:GateGuardian"],"picked":"theDuelist:ApprenticeIllusionMagician+1","floor":23},{"not_picked":["theDuelist:SpellShatteringArrow","theDuelist:BlizzardWarrior","theDuelist:SangaThunder+1","theDuelist:DarkMagician"],"picked":"theDuelist:NeoMagic","floor":25},{"not_picked":["theDuelist:SangaThunder","theDuelist:OnslaughtFireKings","theDuelist:ExodiaLL","theDuelist:CosmicHorrorGangiel"],"picked":"theDuelist:TimeWizard+1","floor":27},{"not_picked":["theDuelist:RainbowDarkDragon","theDuelist:IrisEarthMother","theDuelist:SwordsRevealing","theDuelist:ThousandEyesRestrict","theDuelist:IceQueen"],"picked":"SKIP","floor":29},{"not_picked":["theDuelist:ApprenticeIllusionMagician","theDuelist:Cloning+1","theDuelist:SphereKuriboh+1","theDuelist:Wiretap"],"picked":"theDuelist:FuryFire+1","floor":31},{"not_picked":["theDuelist:FlyingSaucer","theDuelist:ThousandEyesIdol","theDuelist:FairyBox","theDuelist:CosmoBrain"],"picked":"theDuelist:DiffusionWaveMotion+1","floor":35},{"not_picked":["theDuelist:LegendaryFlameLord","theDuelist:MythicalBeast","theDuelist:FlyingSaucer","theDuelist:CosmoBrain+1","theDuelist:WitchBlackRose"],"picked":"SKIP","floor":37}],"player_experience":1074607,"relics_obtained":[{"floor":3,"key":"Letter Opener"},{"floor":6,"key":"theDuelist:ZombieRelic"},{"floor":9,"key":"hubris:SphereOfDissonance"},{"floor":11,"key":"Regal Pillow"},{"floor":14,"key":"Darkstone Periapt"},{"floor":23,"key":"MawBank"},{"floor":25,"key":"Mummified Hand"},{"floor":27,"key":"Pantograph"},{"floor":30,"key":"Bottled Tornado"},{"floor":31,"key":"ReplayTheSpireMod:Lightbulb"}],"event_choices":[{"damage_healed":0,"gold_gain":0,"player_choice":"Lose Max HP","damage_taken":0,"relics_obtained":["Golden Idol"],"max_hp_gain":0,"max_hp_loss":7,"event_name":"Golden Idol","floor":2,"gold_loss":0},{"damage_healed":0,"gold_gain":0,"player_choice":"Leave","duelist":true,"damage_taken":0,"max_hp_gain":0,"max_hp_loss":0,"event_name":"Tomb of the Nameless","floor":21,"gold_loss":0},{"damage_healed":0,"gold_gain":0,"player_choice":"Ignored","damage_taken":0,"max_hp_gain":0,"max_hp_loss":0,"event_name":"Vampires","floor":22,"gold_loss":0},{"damage_healed":0,"gold_gain":0,"player_choice":"Gave Potion","damage_taken":0,"relics_obtained":["Dream Catcher"],"max_hp_gain":0,"max_hp_loss":0,"event_name":"WeMeetAgain","floor":38,"gold_loss":0}],"is_beta":false,"boss_relics":[{"not_picked":["Replay:Bronze Core","Philosopher\u0027s Stone"],"picked":"Coffee Dripper"},{"not_picked":["aspiration:RunicSpoon","Fusion Hammer"],"picked":"hubris:Backtick"}],"items_purged_floors":[7,36],"is_endless":false,"potions_floor_spawned":[5,8,13,14,20,23,25,27,31,33,35],"killed_by":"4 Shapes","ascension_level":20}}