{"host":"wuk1ltmmka824l9y","time":1611490277,"event":{"mods":["AchievementEnabler","BaseMod","Custom Start","DeckTracker","Minty Spire (QoL Compilation)","Quick Restart","StSLib","SuperFastMode"],"gold_per_floor":[109,129,139,152,73,73,90,90,90,118,118,118,118,148,148,245,245,265,535,525,536,536,536],"floor_reached":22,"language":"KOR","playtime":948,"items_purged":[],"score":274,"play_id":"47ed5b7f-4cf9-4f49-947e-94682eeab25f","local_time":"20210124211117","is_ascension_mode":true,"campfire_choices":[{"data":"Footwork","floor":6.0,"key":"SMITH"},{"floor":8.0,"key":"REST"},{"data":"Tactician","floor":11.0,"key":"SMITH"},{"data":"Malaise","floor":15.0,"key":"SMITH"}],"circlet_count":0,"master_deck":["Survivor","Neutralize","Acrobatics","Tactician+1","Poisoned Stab","Blur","Footwork+1","Malaise+1","Backflip","Wraith Form v2","Skewer","Sucker Punch","Expertise","Flechettes","Adrenaline","Choke","Skewer","Deflect","Infinite Blades","Crippling Poison+1"],"relics":["Ring of the Snake","Bronze Scales","Toy Ornithopter","Blue Candle","Pandora\u0027s Box"],"acts_visited":["Exordium","TheCity"],"potions_floor_usage":[16,20,20],"damage_taken":[{"damage":4.0,"enemies":"Jaw Worm","floor":1.0,"turns":7.0},{"damage":8.0,"enemies":"2 Louse","floor":2.0,"turns":2.0},{"damage":1.0,"enemies":"Cultist","floor":3.0,"turns":4.0},{"damage":14.0,"enemies":"3 Louse","floor":4.0,"turns":4.0},{"damage":1.0,"enemies":"2 Fungi Beasts","floor":7.0,"turns":5.0},{"damage":18.0,"enemies":"Lagavulin","floor":10.0,"turns":11.0},{"damage":29.0,"enemies":"Gremlin Nob","floor":14.0,"turns":7.0},{"damage":14,"enemies":"The Guardian","floor":16,"turns":15},{"damage":20,"enemies":"Shell Parasite","floor":18,"turns":9},{"damage":5,"enemies":"2 Thieves","floor":20,"turns":4},{"damage":7,"enemies":"Centurion and Healer","floor":21,"turns":8},{"damage":0,"enemies":"Snake Plant","floor":22,"turns":1}],"seed_played":"-8913101939308348017","potions_obtained":[{"floor":2.0,"key":"Block Potion"},{"floor":4.0,"key":"Energy Potion"},{"floor":14.0,"key":"Fire Potion"},{"floor":18,"key":"PowerPotion"},{"floor":20,"key":"PowerPotion"},{"floor":21,"key":"SpeedPotion"}],"is_trial":false,"path_per_floor":["M","M","M","M","$","R","M","R","T","E","R","?","?","E","R","B",null,"M","?","M","M","M"],"character_chosen":"THE_SILENT","items_purchased":["Footwork"],"campfire_rested":1,"item_purchase_floors":[5],"current_hp_per_floor":[59,51,50,36,36,36,35,56,56,38,38,43,36,12,12,3,57,37,10,15,8,8,8],"gold":536,"neow_bonus":"THREE_CARDS","is_daily":false,"chose_seed":false,"campfire_upgraded":3,"win_rate":0.0,"timestamp":1611490277,"path_taken":["M","M","M","M","$","R","M","R","T","E","R","?","?","E","R","BOSS","M","?","M","M","M"],"items_purchased_type":["Card"],"build_version":"2020-12-22","purchased_purges":0,"victory":false,"max_hp_per_floor":[70,70,70,70,70,70,70,70,70,70,70,75,75,75,75,75,75,75,75,75,75,75,75],"card_choices":[{"not_picked":["Prepared","Riddle With Holes"],"picked":"Acrobatics","floor":0.0},{"not_picked":["PiercingWail","Poisoned Stab"],"picked":"Tactician","floor":1.0},{"not_picked":["Sucker Punch","All Out Attack"],"picked":"Poisoned Stab","floor":2.0},{"not_picked":["Escape Plan","All Out Attack"],"picked":"Blur","floor":3.0},{"not_picked":["Skewer","Blade Dance","Bane"],"picked":"SKIP","floor":4.0},{"not_picked":["Backflip","Quick Slash"],"picked":"Malaise","floor":7.0},{"not_picked":["All Out Attack","Dagger Throw","Underhanded Strike"],"picked":"SKIP","floor":10.0},{"not_picked":["Phantasmal Killer","Malaise"],"picked":"Backflip","floor":14.0},{"not_picked":["Burst","Unload"],"picked":"Wraith Form v2","floor":16},{"not_picked":["Bouncing Flask+1","Dagger Spray"],"picked":"Crippling Poison+1","floor":18},{"not_picked":["Finisher+1","Outmaneuver","Dodge and Roll"],"picked":"SKIP","floor":20},{"not_picked":["Sucker Punch","Bane+1","Finisher"],"picked":"SKIP","floor":21}],"player_experience":361286,"relics_obtained":[{"floor":9.0,"key":"Bronze Scales"},{"floor":10.0,"key":"Toy Ornithopter"},{"floor":14.0,"key":"Blue Candle"}],"event_choices":[{"damage_healed":0.0,"max_hp_gain":5.0,"max_hp_loss":0.0,"gold_gain":0.0,"event_name":"Big Fish","player_choice":"Donut","floor":12.0,"gold_loss":0.0,"damage_taken":0.0},{"cards_removed":["Strike_G"],"damage_healed":0.0,"max_hp_gain":0.0,"max_hp_loss":0.0,"gold_gain":0.0,"event_name":"Golden Wing","player_choice":"Card Removal","floor":13.0,"gold_loss":0.0,"damage_taken":7.0},{"damage_healed":0,"gold_gain":270,"player_choice":"GOLD GOLD GOLD ","damage_taken":27,"max_hp_gain":0,"max_hp_loss":0,"event_name":"Knowing Skull","floor":19,"potions_obtained":[],"gold_loss":0,"cards_obtained":[]}],"is_beta":false,"boss_relics":[{"not_picked":["Busted Crown","Runic Dome"],"picked":"Pandora\u0027s Box"}],"items_purged_floors":[],"is_endless":false,"potions_floor_spawned":[2,4,14,18,20,21],"killed_by":"Snake Plant","ascension_level":8}}