{"host":"b1dzdo8uo7e6jx8g","time":1611522010,"event":{"mods":["AchievementEnabler","Astrologer","BaseMod","BetterRewards","Colored Map","Downfall","Highlight Path","Minty Spire (QoL Compilation)","StSLib","Td1madao Mod","The Animator","The Bug Knight","The Construct","The Cursed","The Disciple","The Jungle","The Necromancer","The Runesmith","The Servant 0.9.4"],"gold_per_floor":[118,83,96,115,127,127,140,160,184,184,201,213,239,252,252,357,357,367,367,367,367,367,367,382,398,398,398,415,415,427,35,35,133,133,146,0,11,11,11],"floor_reached":38,"language":"ENG","playtime":1697,"items_purged":["Shame"],"score":457,"play_id":"83bbcbe1-0edf-45e7-acb8-3c4b0f5d0876","local_time":"20210124220010","is_ascension_mode":false,"campfire_choices":[{"floor":6,"key":"REST"},{"floor":10,"key":"REST"},{"data":"Revenge","floor":15,"key":"SMITH"},{"data":"Retrieval Recycling","floor":23,"key":"SMITH"},{"floor":29,"key":"REST"},{"floor":32,"key":"REST"}],"circlet_count":0,"master_deck":["Strike_C","Strike_C","Strike_C","Strike_C","Defend_C","Defend_C","Knight Kick","Chip","Black Execution","Light Attack","Machining","Judgment","Fire Up","Preparedness","Twin Teeth","Black Shadow","Fire Up","Revenge+1","Retrieval Recycling+1","E MP+1","Machining+1","Machining","Fire Blade+1","Black Contract","Bursts","downfall:Aged","Resistance+1","Lore+1","Awareness"],"relics":["Apod","Turnip","Lsj Skin","Potion Belt","Cola","SacredBark","theJungle:WildMango","theJungle:SneckoAutograph","Akabeko","Shovel","Membership Card","Boot","Runesmith:Nanobots","Astrolabe","Red Mask"],"acts_visited":["Exordium","Exordium","TheBeyond"],"potions_floor_usage":[16,33,38],"damage_taken":[{"damage":4,"enemies":"Cultist","floor":1,"turns":3},{"damage":7,"enemies":"Jaw Worm","floor":3,"turns":4},{"damage":0,"enemies":"Small Slimes","floor":4,"turns":2},{"damage":9,"enemies":"2 Fungi Beasts","floor":5,"turns":3},{"damage":8,"enemies":"Red Slaver","floor":7,"turns":2},{"damage":13,"enemies":"Looter","floor":8,"turns":3},{"damage":0,"enemies":"Exordium Thugs","floor":11,"turns":2},{"damage":10,"enemies":"Blue Slaver","floor":12,"turns":2},{"damage":45,"enemies":"3 Sentries","floor":13,"turns":6},{"damage":18,"enemies":"3 Louse","floor":14,"turns":4},{"damage":0,"enemies":"Slime Boss","floor":16,"turns":6},{"damage":33,"enemies":"theJungle:MUSHROOMGANG","floor":18,"turns":5},{"damage":21,"enemies":"Shell Parasite","floor":24,"turns":4},{"damage":40,"enemies":"theJungle:SlimyTreeVines","floor":25,"turns":6},{"damage":26,"enemies":"theJungle:Lyon","floor":28,"turns":4},{"damage":35,"enemies":"theJungle:JungleHuntersEncounter","floor":30,"turns":5},{"damage":17,"enemies":"theJungle:FunGuy","floor":33,"turns":7},{"damage":39,"enemies":"Orb Walker","floor":35,"turns":4},{"damage":25,"enemies":"3 Shapes","floor":37,"turns":3},{"damage":69,"enemies":"Spire Growth","floor":38,"turns":4}],"seed_played":"1887430764838110384","potions_obtained":[{"floor":3,"key":"Fire Potion"},{"floor":4,"key":"Guardian:BlockOnCardUsePotion"},{"floor":13,"key":"Regen Potion"},{"floor":16,"key":"ColorlessPotion"},{"floor":18,"key":"DistilledChaos"},{"floor":25,"key":"Strength Potion"},{"floor":33,"key":"SteroidPotion"}],"is_trial":false,"path_per_floor":["M","?","M","M","M","R","M","M","T","R","M","M","E","M","R","B",null,"M","?","?","?","?","R","M","M","T","?","M","R","M","$","R","B",null,"M","?","M","M"],"character_chosen":"TD1MADAO_CLASS","items_purchased":["FairyPotion","Lsj Skin","Black Execution","Membership Card","Black Contract","Runesmith:Nanobots"],"campfire_rested":4,"item_purchase_floors":[0,0,0,31,31,31],"current_hp_per_floor":[34,51,44,44,35,56,48,35,35,56,56,46,1,4,4,4,70,37,51,46,46,99,99,78,44,44,44,18,47,12,12,41,24,99,60,60,35,0,0],"gold":11,"neow_bonus":"","is_daily":false,"chose_seed":false,"campfire_upgraded":2,"win_rate":0.0,"timestamp":1611522010,"path_taken":["M","?","M","M","M","R","M","M","T","R","M","M","E","M","R","BOSS","M","?","?","?","?","R","?","M","T","?","M","R","M","$","R","BOSS","M","?","M","M"],"items_purchased_type":["Potion","Relic","Card","Relic","Card","Relic"],"build_version":"2020-12-22","purchased_purges":1,"victory":false,"max_hp_per_floor":[70,70,70,70,70,70,70,70,70,70,70,70,70,70,70,70,70,70,84,89,89,99,99,99,99,99,99,99,99,99,99,99,99,99,99,99,99,99,99],"card_choices":[{"not_picked":["White Contract","Recovery Mechanism"],"picked":"Light Attack","floor":1},{"not_picked":["Money Cant Rescue","Sudden Beat"],"picked":"Machining","floor":3},{"not_picked":["Black Shadow","Gravity Defend"],"picked":"Judgment","floor":4},{"not_picked":["Here Defend Chip","Cooling Song"],"picked":"Fire Up","floor":5},{"not_picked":["White Contract","Ruin Defend"],"picked":"Preparedness","floor":7},{"not_picked":["Preloading","Light Attack"],"picked":"Twin Teeth","floor":8},{"not_picked":["Here Defend Chip","Cursed Blade"],"picked":"Black Shadow","floor":11},{"not_picked":["Floating Swing Kick","Provocative"],"picked":"Data Freezing","floor":12},{"not_picked":["Twin Teeth","Ruin Defend"],"picked":"Fire Up","floor":13},{"not_picked":["Black Spear","Floating Swing Kick"],"picked":"Revenge","floor":14},{"not_picked":["Bursts","Furious"],"picked":"Retrieval Recycling","floor":16},{"not_picked":["Floating Even","Oblique Hack"],"picked":"E MP+1","floor":18},{"not_picked":["Provocative","Bursts"],"picked":"Machining+1","floor":24},{"not_picked":["New Defend Magic","Cursed Blade+1"],"picked":"Machining","floor":25},{"not_picked":["Thunder Jump","Trader","Provocative"],"picked":"SKIP","floor":28},{"not_picked":["Black Shadow","Oblique Hack+1"],"picked":"Fire Blade+1","floor":30},{"not_picked":["Furious","Black Warm Hole"],"picked":"Bursts","floor":33},{"not_picked":["Ruin Defend","White Contract"],"picked":"Awareness","floor":35},{"not_picked":["Gravity Defend","Three Hit+1","Paralysis"],"picked":"SKIP","floor":37}],"player_experience":252193,"relics_obtained":[{"floor":9,"key":"Potion Belt"},{"floor":13,"key":"Cola"},{"floor":26,"key":"Akabeko"}],"event_choices":[{"damage_healed":17,"gold_gain":0,"player_choice":"Healed","damage_taken":0,"max_hp_gain":0,"max_hp_loss":0,"event_name":"The Cleric","floor":2,"gold_loss":35},{"cards_removed":["Data Freezing"],"damage_healed":43,"gold_gain":0,"player_choice":"Offered Rare","damage_taken":0,"max_hp_gain":10,"max_hp_loss":0,"event_name":"Bonfire Elementals","floor":22,"gold_loss":0},{"damage_healed":0,"gold_gain":0,"player_choice":"Paid","damage_taken":0,"relics_obtained":["Red Mask"],"max_hp_gain":0,"max_hp_loss":0,"event_name":"Tomb of Lord Red Mask","floor":36,"gold_loss":146}],"is_beta":false,"boss_relics":[{"not_picked":["Runesmith:UraniumAnvil","Ectoplasm"],"picked":"SacredBark"},{"not_picked":["Runic Dome","Coffee Dripper"],"picked":"Astrolabe"}],"items_purged_floors":[31],"is_endless":false,"potions_floor_spawned":[3,4,8,13,16,18,25,33,35],"killed_by":"Spire Growth","ascension_level":0}}