{"host":"4qkvkh7pd9qr2mca","time":1611501163,"event":{"mods":["AchievementEnabler","Act Like it!","BaseMod","Colored Map","Colored Powertips","Highlight Path","Minty Spire (QoL Compilation)","Pale of the Ancients","Permanent Neow","Quick Restart","Relic Stats","StSLib","SuperFastMode"],"gold_per_floor":[112,112,124,135,151,151,151],"floor_reached":6,"language":"ENG","playtime":315,"items_purged":[],"score":76,"play_id":"82fa8100-a9e3-4eec-a29b-c879f9b78250","local_time":"20210124161243","is_ascension_mode":true,"campfire_choices":[],"circlet_count":0,"master_deck":["AscendersBane","Strike_B","Strike_B","Strike_B","Defend_B","Defend_B","Defend_B","Zap","Dualcast","Undo","Reinforced Body","Barrage","Coolheaded","Coolheaded","Turbo"],"relics":["Cracked Core"],"acts_visited":["Exordium"],"potions_floor_usage":[5,6],"damage_taken":[{"damage":0,"enemies":"Small Slimes","floor":1,"turns":3},{"damage":0,"enemies":"Cultist","floor":3,"turns":3},{"damage":0,"enemies":"2 Louse","floor":4,"turns":3},{"damage":25,"enemies":"Exordium Thugs","floor":5,"turns":8},{"damage":13,"enemies":"Lagavulin","floor":6,"turns":7}],"seed_played":"8152110736680447251","potions_obtained":[{"floor":3,"key":"SpeedPotion"},{"floor":4,"key":"Regen Potion"}],"is_trial":false,"path_per_floor":["M","?","M","M","M","E"],"character_chosen":"DEFECT","items_purchased":[],"campfire_rested":0,"item_purchase_floors":[],"current_hp_per_floor":[64,64,64,64,39,41,41],"gold":151,"neow_bonus":"TRANSFORM_TWO_CARDS","is_daily":false,"chose_seed":false,"campfire_upgraded":0,"win_rate":0.0,"timestamp":1611501163,"path_taken":["M","?","M","M","M","E"],"items_purchased_type":[],"build_version":"2020-12-22","purchased_purges":0,"victory":false,"max_hp_per_floor":[64,64,64,64,64,64,64],"relic_stats":{"counters":[5,24],"obtain_stats":[{"Cracked Core":0},{"Cracked Core":0},{"Cracked Core":0}]},"card_choices":[{"not_picked":["Streamline","Beam Cell"],"picked":"Barrage","floor":1},{"not_picked":["Rip and Tear","Go for the Eyes"],"picked":"Coolheaded","floor":3},{"not_picked":["Lockon","FTL"],"picked":"Coolheaded","floor":4},{"not_picked":["Aggregate","Redo"],"picked":"Turbo","floor":5}],"player_experience":582742,"relics_obtained":[],"event_choices":[{"damage_healed":0,"gold_gain":0,"player_choice":"0 cards matched","damage_taken":0,"max_hp_gain":0,"max_hp_loss":0,"event_name":"Match and Keep!","floor":2,"gold_loss":0,"cards_obtained":[]}],"is_beta":false,"boss_relics":[],"items_purged_floors":[],"is_endless":false,"potions_floor_spawned":[3,4],"killed_by":"Lagavulin","ascension_level":20}}