{"host":"j4g6ia6asvpyu2b0","time":1611448549,"event":{"mods":["BaseMod","Colored Map","Minty Spire (QoL Compilation)","Permanent Neow","Quick Restart","Relic Stats","StSLib","Unceasing Turn Reminder"],"gold_per_floor":[359,359,434,584,137,137,137,137],"floor_reached":7,"language":"ENG","playtime":91,"items_purged":["Doubt"],"score":68,"play_id":"4545c46b-f6c1-49ef-b1ae-9aa0f12aacf9","local_time":"20210123173549","is_ascension_mode":true,"campfire_choices":[{"data":"Anger","floor":6,"key":"SMITH"}],"circlet_count":0,"master_deck":["AscendersBane","Strike_R+1","Strike_R","Strike_R","Strike_R+1","Strike_R","Defend_R","Defend_R","Defend_R","Defend_R","Bash","Anger+1","Disarm"],"relics":["Burning Blood","Shuriken"],"acts_visited":["Exordium"],"potions_floor_usage":[],"damage_taken":[{"damage":4,"enemies":"2 Louse","floor":1,"turns":4},{"damage":44,"enemies":"Gremlin Nob","floor":7,"turns":4}],"seed_played":"-7458917689802507746","potions_obtained":[],"is_trial":false,"path_per_floor":["M","?","?","?","$","R","E"],"character_chosen":"IRONCLAD","items_purchased":["Shuriken","Disarm"],"campfire_rested":0,"item_purchase_floors":[5,5],"current_hp_per_floor":[68,48,37,37,37,37,0,0],"gold":137,"neow_bonus":"TWO_FIFTY_GOLD","is_daily":false,"chose_seed":false,"campfire_upgraded":1,"win_rate":0.0,"timestamp":1611448549,"path_taken":["M","?","?","?","$","R","E"],"items_purchased_type":["Relic","Card"],"build_version":"2020-12-22","purchased_purges":1,"victory":false,"max_hp_per_floor":[68,68,68,68,68,68,68,68],"relic_stats":{"counters":[2,8],"Shuriken":[2],"obtain_stats":[{"Shuriken":5,"Burning Blood":0},{"Shuriken":1,"Burning Blood":0},{"Shuriken":4,"Burning Blood":0}],"Burning Blood":4},"card_choices":[{"not_picked":["Thunderclap","Twin Strike"],"picked":"Anger","floor":1}],"player_experience":966845,"relics_obtained":[],"event_choices":[{"damage_healed":0,"gold_gain":0,"player_choice":"Entered Light","damage_taken":20,"max_hp_gain":0,"max_hp_loss":0,"event_name":"Shining Light","floor":2,"gold_loss":0,"cards_upgraded":["Strike_R","Strike_R"]},{"damage_healed":0,"gold_gain":75,"player_choice":"Gather Gold","damage_taken":11,"max_hp_gain":0,"max_hp_loss":0,"event_name":"World of Goop","floor":3,"gold_loss":0},{"damage_healed":0,"gold_gain":150,"player_choice":"AGREE","damage_taken":0,"max_hp_gain":0,"max_hp_loss":0,"event_name":"Liars Game","floor":4,"gold_loss":0,"cards_obtained":["Doubt"]}],"is_beta":false,"boss_relics":[],"items_purged_floors":[5],"is_endless":false,"potions_floor_spawned":[],"killed_by":"Gremlin Nob","ascension_level":17}}