{"host":"jmumkimrafwvkspb","time":1611460750,"event":{"mods":["AchievementEnabler","BaseMod","Colored Map","Minty Spire (QoL Compilation)","Replay The Spire","StSLib"],"gold_per_floor":[116,116,132,132,132,165,165,205,205,205,230,244,264,298,298,394,394,413,413,413,432,456,456,497,497,497,555,470,19,61,122,122,238,238,271,271,56,2,2,2,56,56,56,56,93,207,231,231],"floor_reached":47,"language":"ENG","playtime":1826,"items_purged":["Strike_P+1","Strike_P+1"],"score":1079,"play_id":"fc245846-eefb-490c-b8ee-ce28f8d300b0","local_time":"20210124045910","is_ascension_mode":true,"campfire_choices":[{"data":"Eruption","floor":7.0,"key":"SMITH"},{"data":"Magnetism","floor":10.0,"key":"SMITH"},{"data":"Wallop","floor":15.0,"key":"SMITH"},{"floor":23.0,"key":"REST"},{"floor":25.0,"key":"REST"},{"floor":32.0,"key":"REST"},{"floor":40.0,"key":"REST"},{"floor":42,"key":"REST"},{"floor":44,"key":"RECALL"}],"circlet_count":0,"master_deck":["AscendersBane","Strike_P+1","Strike_P+1","Defend_P+1","Defend_P+1","Defend_P+1","Defend_P+1","Eruption+1","Vigilance","Magnetism+1","EmptyFist+1","Wallop+1","FlurryOfBlows+1","JustLucky+1","InnerPeace","CrushJoints+1","Ragnarok+1","Omniscience","Crescendo","FlurryOfBlows+1","MentalFortress+1","FearNoEvil+1","Apotheosis+1","Replay:AllIn+1","ConjureBlade+1","ThirdEye+1","Madness+1","Madness+1","DeusExMachina+1","WaveOfTheHand+1","Adaptation+1","DeusExMachina+1","CutThroughFate+1"],"relics":["PureWater","Golden Idol","Molten Egg 2","Du-Vu Doll","ReplayFunnel","Replay:Wax Seal","VioletLotus","Toxic Egg 2","Replay:Bandana","Mirror","Replay:Mystery Machine","Oddly Smooth Stone","Ring of Chaos","BargainBundle","Blood Vial"],"acts_visited":["Exordium","TheCity","TheBeyond"],"potions_floor_usage":[41,41,45],"damage_taken":[{"damage":5.0,"enemies":"Cultist","floor":1.0,"turns":6.0},{"damage":0.0,"enemies":"2 Louse","floor":3.0,"turns":2.0},{"damage":10.0,"enemies":"Lagavulin","floor":6.0,"turns":8.0},{"damage":6.0,"enemies":"Replay:BlueRogue","floor":8.0,"turns":8.0},{"damage":0.0,"enemies":"Small Slimes","floor":11.0,"turns":4.0},{"damage":0.0,"enemies":"Exordium Thugs","floor":12.0,"turns":3.0},{"damage":6.0,"enemies":"Large Slime","floor":13.0,"turns":3.0},{"damage":7.0,"enemies":"3 Sentries","floor":14.0,"turns":4.0},{"damage":7.0,"enemies":"Hexaghost","floor":16.0,"turns":7.0},{"damage":6.0,"enemies":"3 Byrds","floor":18.0,"turns":4.0},{"damage":28.0,"enemies":"2 Thieves","floor":21.0,"turns":3.0},{"damage":0.0,"enemies":"Snecko","floor":22.0,"turns":3.0},{"damage":15.0,"enemies":"Gremlin Leader","floor":24.0,"turns":4.0},{"damage":16.0,"enemies":"Slavers","floor":27.0,"turns":6.0},{"damage":0.0,"enemies":"Cultist and Chosen","floor":30.0,"turns":4.0},{"damage":2.0,"enemies":"Book of Stabbing","floor":31.0,"turns":3.0},{"damage":15.0,"enemies":"Automaton","floor":33.0,"turns":6.0},{"damage":35.0,"enemies":"3 Darklings","floor":35.0,"turns":4.0},{"damage":9,"enemies":"Reptomancer","floor":41,"turns":6},{"damage":0,"enemies":"Orb Walker","floor":45,"turns":3},{"damage":41,"enemies":"Transient","floor":47,"turns":4}],"seed_played":"-261815040824521077","potions_obtained":[{"floor":3.0,"key":"Explosive Potion"},{"floor":16.0,"key":"Swift Potion"},{"floor":21.0,"key":"Fire Potion"},{"floor":30.0,"key":"Strength Potion"},{"floor":31.0,"key":"Ambrosia"},{"floor":36.0,"key":"Death Potion"},{"floor":36.0,"key":"SteroidPotion"},{"floor":41,"key":"GamblersBrew"}],"is_trial":false,"path_per_floor":["M","?","M","?","?","E","R","E","T","R","M","M","M","E","R","B",null,"M","?","?","M","M","R","E","R","T","E","?","$","M","E","R","B",null,"M","?","$","$","?","R","E","R","T","R","M","?","M"],"character_chosen":"WATCHER","items_purchased":["Apotheosis+1","Replay:AllIn+1","BargainBundle","ThirdEye+1","PowerPotion"],"campfire_rested":5,"item_purchase_floors":[29,29,37,37,38],"current_hp_per_floor":[56,37,37,42,42,32,32,26,26,26,26,26,20,13,13,6,47,41,41,41,13,13,31,16,34,34,18,18,18,18,16,34,19,51,16,16,16,16,5,23,14,32,32,32,34,34,0,0],"gold":231,"neow_bonus":"RANDOM_COLORLESS_2","is_daily":false,"chose_seed":false,"campfire_upgraded":3,"win_rate":0.0,"timestamp":1611460750,"path_taken":["M","?","M","?","?","E","R","E","T","R","M","M","M","E","R","BOSS","M","?","?","M","M","R","E","R","T","E","?","?","M","E","R","BOSS","M","?","?","$","?","R","E","R","T","R","M","?","M"],"items_purchased_type":["Card","Card","Relic","Card","Potion"],"build_version":"2020-12-22","purchased_purges":2,"victory":false,"max_hp_per_floor":[62,62,62,67,61,61,61,61,61,61,61,61,61,61,61,61,61,61,61,61,61,61,61,61,61,61,61,61,61,61,61,61,61,61,61,61,61,61,61,61,61,61,61,61,61,61,61,61],"card_choices":[{"not_picked":["Secret Weapon","ReplayTheSpireMod:Necrogeddon"],"picked":"Magnetism","floor":0.0},{"not_picked":["Worship","Replay:AtTheReady"],"picked":"EmptyFist","floor":1.0},{"not_picked":["Weave","DeceiveReality"],"picked":"Wallop","floor":3.0},{"not_picked":["Replay:ManipulateFuture","LikeWater"],"picked":"FlurryOfBlows+1","floor":6.0},{"not_picked":["PathToVictory","LikeWater"],"picked":"JustLucky+1","floor":8.0},{"not_picked":["JustLucky+1","EmptyMind"],"picked":"InnerPeace","floor":11.0},{"not_picked":["Prostrate","Vengeance","ThirdEye"],"picked":"SKIP","floor":12.0},{"not_picked":["Replay:BluntJabs+1","Crescendo"],"picked":"CrushJoints+1","floor":13.0},{"not_picked":["Evaluate","SashWhip+1"],"picked":"Ragnarok+1","floor":14.0},{"not_picked":["Ragnarok+1","MasterReality"],"picked":"Omniscience","floor":16.0},{"not_picked":["Consecrate+1","Replay:AtTheReady"],"picked":"Crescendo","floor":18.0},{"not_picked":["Replay:Vibes","BowlingBash+1"],"picked":"FlurryOfBlows+1","floor":21.0},{"not_picked":["Weave+1","EmptyBody"],"picked":"MentalFortress+1","floor":22.0},{"not_picked":["MentalFortress","Replay:Anticipation+1"],"picked":"FearNoEvil+1","floor":24.0},{"not_picked":["LikeWater","Prostrate+1","Replay:BluntJabs+1"],"picked":"SKIP","floor":27.0},{"not_picked":["Replay:BluntJabs+1","Replay:AtTheReady+1","Evaluate+1"],"picked":"SKIP","floor":30.0},{"not_picked":["BowlingBash+1","Replay:AtTheReady+1","FlyingSleeves+1"],"picked":"SKIP","floor":31.0},{"not_picked":["Establishment","Ragnarok+1"],"picked":"ConjureBlade+1","floor":33.0},{"not_picked":["Vengeance+1","EmptyFist+1","Replay:AtTheReady+1"],"picked":"SKIP","floor":35.0},{"not_picked":["InnerPeace+1","EmptyBody+1"],"picked":"DeusExMachina+1","floor":41},{"not_picked":["Protect+1","Crescendo+1"],"picked":"WaveOfTheHand+1","floor":45},{"not_picked":["Crescendo+1","Worship+1"],"picked":"Adaptation+1","floor":46},{"not_picked":["Sanctity+1","BowlingBash+1"],"picked":"DeusExMachina+1","floor":46},{"not_picked":["Replay:ManipulateFuture+1","Halt+1"],"picked":"CutThroughFate+1","floor":46}],"player_experience":1588468,"relics_obtained":[{"floor":6.0,"key":"Molten Egg 2"},{"floor":8.0,"key":"Du-Vu Doll"},{"floor":9.0,"key":"ReplayFunnel"},{"floor":14.0,"key":"Replay:Wax Seal"},{"floor":24.0,"key":"Toxic Egg 2"},{"floor":26.0,"key":"Replay:Bandana"},{"floor":27.0,"key":"Mirror"},{"floor":31.0,"key":"Oddly Smooth Stone"},{"floor":41,"key":"Blood Vial"}],"event_choices":[{"damage_healed":0.0,"max_hp_gain":0.0,"max_hp_loss":0.0,"gold_gain":0.0,"event_name":"Shining Light","player_choice":"Entered Light","floor":2.0,"gold_loss":0.0,"damage_taken":19.0,"cards_upgraded":["Defend_P","EmptyFist"]},{"damage_healed":0.0,"max_hp_gain":5.0,"max_hp_loss":0.0,"gold_gain":0.0,"event_name":"Big Fish","player_choice":"Donut","floor":4.0,"gold_loss":0.0,"damage_taken":0.0},{"damage_healed":0.0,"max_hp_gain":0.0,"max_hp_loss":6.0,"gold_gain":0.0,"event_name":"Golden Idol","player_choice":"Lose Max HP","floor":5.0,"gold_loss":0.0,"damage_taken":0.0,"relics_obtained":["Golden Idol"]},{"damage_healed":0.0,"max_hp_gain":0.0,"max_hp_loss":0.0,"gold_gain":0.0,"event_name":"Back to Basics","player_choice":"Simplicity","floor":19.0,"gold_loss":0.0,"damage_taken":0.0,"cards_upgraded":["Strike_P","Strike_P","Strike_P","Strike_P","Defend_P","Defend_P","Defend_P"]},{"damage_healed":0.0,"max_hp_gain":0.0,"max_hp_loss":0.0,"gold_gain":0.0,"event_name":"The Mausoleum","player_choice":"Ignored","floor":20.0,"gold_loss":0.0,"damage_taken":0.0},{"damage_healed":0.0,"max_hp_gain":0.0,"max_hp_loss":0.0,"gold_gain":0.0,"event_name":"Addict","player_choice":"Obtained Relic","floor":28.0,"gold_loss":85.0,"damage_taken":0.0,"relics_obtained":["Replay:Mystery Machine"]},{"damage_healed":0.0,"max_hp_gain":0.0,"max_hp_loss":0.0,"gold_gain":0.0,"event_name":"Lab","player_choice":"Got Potions","floor":36.0,"gold_loss":0.0,"damage_taken":0.0},{"damage_healed":0.0,"max_hp_gain":0.0,"max_hp_loss":0.0,"gold_gain":0.0,"event_name":"Winding Halls","player_choice":"Embrace Madness","floor":39.0,"gold_loss":0.0,"damage_taken":11.0,"cards_obtained":["Madness","Madness"]}],"is_beta":false,"boss_relics":[{"not_picked":["Coffee Dripper","ChewingGum"],"picked":"VioletLotus"},{"not_picked":["Tiny House","Runic Pyramid"],"picked":"Ring of Chaos"}],"items_purged_floors":[29,37],"is_endless":false,"potions_floor_spawned":[3,11,12,16,21,30,31,41],"killed_by":"Transient","ascension_level":20}}