{"host":"36umirwmj0u9xjg7","time":1611495692,"event":{"mods":["Aspiration","BaseMod","CCEM","ChefMod","Downfall","Minty Spire (QoL Compilation)","Reliquary","Replay The Spire","StS++","StSLib","The Construct","The Gatherer","The Hierophant","The Necromancer","The Runesmith","The Servant 0.9.4"],"gold_per_floor":[110,128,139,139,139,139,171,171,171,18,46,63,90,38,38,135,135,151,151,36,51,51,86,102,112,112,145,162,172,172,172,172,172],"floor_reached":32,"language":"ENG","playtime":1499,"items_purged":["Injury"],"score":280,"play_id":"242a0ed5-9ef3-45ef-8ec0-e9424c231b59","local_time":"20210124144132","is_ascension_mode":false,"campfire_choices":[{"data":"Bone_Wall","floor":6,"key":"SMITH"},{"floor":8,"key":"REST"},{"floor":15,"key":"REST"}],"circlet_count":0,"master_deck":["Strike_W","Strike_W","Strike_W","Strike_W","Defend_W","Defend_W","Defend_W","Defend_W","Negative_Energy_Arrows","Bone_Wall+1","Vampiric_Strike","Blood_Whip+1","Vampiric_Strike","Pandemic+1","Summon_Vampire_Lady","Summon_Undead+1","Siphon_Strength+1","Finger_Of_Death","Cloudkill+1","Summon_Undead+1","Summon_Undead_Army","Summon_Death_Knight","Uncharnel+1","Life_Tap+1","Bone_Armor+1"],"relics":["Vampire_Amulet","NeowsBlessing","Toxic Egg 2","aspiration:Lifesprig","Replay:Multitool","Odd Mushroom","PreservedInsect","aspiration:MobileForge","CCEMRelics:Sandal","CCEMRelics:SpiritsEdge","Frozen Egg 2","CCEMRelics:PorcelainBowl"],"acts_visited":["Exordium","TheCity"],"potions_floor_usage":[21,23,27,29],"damage_taken":[{"damage":0,"enemies":"Cultist","floor":1,"turns":1},{"damage":0,"enemies":"2 Louse","floor":2,"turns":1},{"damage":2,"enemies":"Small Slimes","floor":3,"turns":1},{"damage":48,"enemies":"Lagavulin","floor":7,"turns":7},{"damage":22,"enemies":"The Mushroom Lair","floor":11,"turns":5},{"damage":14,"enemies":"Looter","floor":12,"turns":3},{"damage":38,"enemies":"The Guardian","floor":16,"turns":10},{"damage":12,"enemies":"Chosen","floor":18,"turns":4},{"damage":12,"enemies":"2 Thieves","floor":21,"turns":2},{"damage":28,"enemies":"Book of Stabbing","floor":23,"turns":4},{"damage":17,"enemies":"Centurion and Healer","floor":24,"turns":7},{"damage":20,"enemies":"Snecko","floor":25,"turns":4},{"damage":39,"enemies":"Slavers","floor":27,"turns":5},{"damage":7,"enemies":"Snake Plant","floor":28,"turns":3},{"damage":38,"enemies":"Sentry and Sphere","floor":29,"turns":5},{"damage":7,"enemies":"Book of Stabbing","floor":32,"turns":2}],"seed_played":"2254372728054222893","potions_obtained":[{"floor":7,"key":"LiquidMemories"},{"floor":11,"key":"Reflective Coating"},{"floor":16,"key":"PowerPotion"},{"floor":21,"key":"hexamod:SoulburnPotion"},{"floor":23,"key":"ColorlessPotion"},{"floor":27,"key":"Swift Potion"}],"is_trial":false,"path_per_floor":["M","M","M","?","?","R","E","R","T","$","?","M","T","$","R","B",null,"M","?","$","M","?","E","M","M","T","E","M","M","PTL","PTL","E"],"character_chosen":"NECROMANCER","items_purchased":["Summon_Vampire_Lady","Finger_Of_Death","Summon_Undead_Army"],"campfire_rested":2,"item_purchase_floors":[10,14,20],"current_hp_per_floor":[75,75,75,75,75,75,35,57,57,57,53,45,45,45,67,75,75,65,65,65,59,59,39,48,50,50,27,22,6,6,6,0,0],"gold":172,"neow_bonus":"THREE_ENEMY_KILL","is_daily":false,"chose_seed":false,"campfire_upgraded":1,"win_rate":0.0,"timestamp":1611495692,"path_taken":["M","M","?","?","?","R","E","R","T","$","?","M","?","$","R","BOSS","M","?","$","M","?","E","M","M","T","E","M","M","PTL","PTL","E"],"items_purchased_type":["Card","Card","Card"],"build_version":"2020-12-22","purchased_purges":1,"victory":false,"max_hp_per_floor":[75,75,75,75,75,75,75,75,75,75,75,75,75,75,75,75,75,75,75,75,75,75,75,75,75,75,75,75,75,75,75,75,75],"card_choices":[{"not_picked":["Negative_Energy_Shield","Toxic_Smoke_Screen"],"picked":"Vampiric_Strike","floor":1},{"not_picked":["Vampiric_Strike","Necromantic_Selection"],"picked":"Blood_Whip","floor":2},{"not_picked":["Life_Drain","Shackles_Of_Pain"],"picked":"Vampiric_Strike","floor":3},{"not_picked":["Violent_Necrosis+1","Shackles_Of_Pain+1"],"picked":"Pandemic+1","floor":7},{"not_picked":["Bones_to_Steel+1","Bone_Armor+1"],"picked":"Summon_Undead+1","floor":11},{"not_picked":["Death_Coil","Bone_Bullets"],"picked":"Siphon_Strength+1","floor":12},{"not_picked":["Hellfire","Negative_Energy_Bomb"],"picked":"Cloudkill+1","floor":16},{"not_picked":["Blood_Whip+1","Spectral_Walk+1","Shackles_Of_Pain+1"],"picked":"SKIP","floor":18},{"not_picked":["Bones_to_Steel+1","Violent_Necrosis+1","Bone_Bullets"],"picked":"SKIP","floor":21},{"not_picked":["Necrotic_Claws+1","Bone_Shift+1"],"picked":"Summon_Death_Knight","floor":23},{"not_picked":["Finger_Of_Death+1","Blood_Whip+1","Death_Coil"],"picked":"SKIP","floor":24},{"not_picked":["Death_Coil","Toxic_Smoke_Screen+1"],"picked":"Uncharnel+1","floor":25},{"not_picked":["Life_Tap+1","Death_March_Dance","Bone_Bullets+1"],"picked":"SKIP","floor":27},{"not_picked":["Death_March_Dance","Bone_Bullets+1"],"picked":"Life_Tap+1","floor":27},{"not_picked":["Negative_Energy_Burst+1","Exploit","Shackles_Of_Pain+1"],"picked":"SKIP","floor":28},{"not_picked":["Violent_Necrosis+1","Life_Tap+1"],"picked":"Bone_Armor+1","floor":29}],"player_experience":141571,"relics_obtained":[{"floor":7,"key":"aspiration:Lifesprig"},{"floor":9,"key":"Replay:Multitool"},{"floor":11,"key":"Odd Mushroom"},{"floor":13,"key":"PreservedInsect"},{"floor":22,"key":"CCEMRelics:Sandal"},{"floor":23,"key":"CCEMRelics:SpiritsEdge"},{"floor":26,"key":"Frozen Egg 2"},{"floor":27,"key":"CCEMRelics:PorcelainBowl"}],"event_choices":[{"damage_healed":0,"gold_gain":0,"player_choice":"Grow","damage_taken":0,"max_hp_gain":0,"max_hp_loss":0,"event_name":"Living Wall","floor":4,"gold_loss":0,"cards_upgraded":["Blood_Whip"]},{"damage_healed":0,"gold_gain":0,"player_choice":"Fought Mushrooms","damage_taken":0,"max_hp_gain":0,"max_hp_loss":0,"event_name":"Mushrooms","floor":11,"gold_loss":0},{"damage_healed":0,"gold_gain":0,"player_choice":"Read","damage_taken":0,"max_hp_gain":0,"max_hp_loss":0,"event_name":"The Library","floor":19,"gold_loss":0,"cards_obtained":["Summon_Undead"]},{"damage_healed":0,"gold_gain":0,"player_choice":"Relic","damage_taken":0,"max_hp_gain":0,"max_hp_loss":0,"event_name":"Wheel of Change","floor":22,"gold_loss":0}],"is_beta":false,"boss_relics":[{"not_picked":["reliquary:KinkedSpring","aspiration:WatcherSkillbook"],"picked":"aspiration:MobileForge"}],"items_purged_floors":[20],"is_endless":false,"potions_floor_spawned":[7,11,16,21,23,27],"killed_by":"Book of Stabbing","ascension_level":0}}