{"host":"v5j5rnxu2olnd6jo","time":1611471483,"event":{"mods":["BaseMod","Custom Start","DeckTracker","Keyboard Shortcuts","Minty Spire (QoL Compilation)","Permanent Neow","Quick Restart","StSLib","SuperFastMode"],"gold_per_floor":[119,132,143,163,163,163,195,210,290,7,7,27,61,77,77,151,151,151,151,151,151,151,151,151,151,151,151,151,151,151,91,91,91,91,91,91,29,29,0,0,0,0,0,0,0,0,0,0,0,0,0],"floor_reached":50,"language":"KOR","playtime":2748,"items_purged":["Strike_G"],"score":1154,"play_id":"0d47983d-9e44-4868-9a6a-82ab5afae8c4","local_time":"20210124155803","is_ascension_mode":true,"campfire_choices":[{"data":"Neutralize","floor":6.0,"key":"SMITH"},{"data":"Terror","floor":15.0,"key":"SMITH"},{"floor":23.0,"key":"REST"},{"data":"A Thousand Cuts","floor":25.0,"key":"SMITH"},{"data":"Blade Dance","floor":32.0,"key":"SMITH"},{"data":"Burst","floor":41.0,"key":"SMITH"},{"floor":49.0,"key":"RECALL"}],"circlet_count":0,"master_deck":["AscendersBane","Strike_G+1","Strike_G","Strike_G+1","Strike_G","Defend_G","Defend_G","Defend_G","Defend_G","Defend_G","Survivor","Neutralize+1","Finisher","Blade Dance+1","Backstab+1","Blade Dance+1","Caltrops","Terror+1","Crippling Poison","Escape Plan","A Thousand Cuts+1","Backflip","Accuracy","Blade Dance","Acrobatics","Burst+1","Tactician","Prepared","Accuracy","Leg Sweep","Deflect+1"],"relics":["Ring of the Snake","Blood Vial","Strawberry","Unceasing Top","Bottled Lightning","Shuriken","Odd Mushroom","Snake Skull","Ectoplasm","Ancient Tea Set","Mummified Hand","The Courier","Runic Pyramid","Red Mask","Paper Crane","Whetstone"],"acts_visited":["Exordium","TheCity","TheBeyond"],"potions_floor_usage":[],"damage_taken":[{"damage":1.0,"enemies":"Cultist","floor":1.0,"turns":5.0},{"damage":1.0,"enemies":"2 Louse","floor":2.0,"turns":2.0},{"damage":0.0,"enemies":"Jaw Worm","floor":3.0,"turns":3.0},{"damage":0.0,"enemies":"2 Fungi Beasts","floor":4.0,"turns":1.0},{"damage":14.0,"enemies":"3 Sentries","floor":7.0,"turns":7.0},{"damage":0.0,"enemies":"3 Louse","floor":8.0,"turns":2.0},{"damage":0.0,"enemies":"The Mushroom Lair","floor":12.0,"turns":3.0},{"damage":22.0,"enemies":"Lagavulin","floor":13.0,"turns":4.0},{"damage":0.0,"enemies":"Looter","floor":14.0,"turns":1.0},{"damage":4.0,"enemies":"Hexaghost","floor":16.0,"turns":6.0},{"damage":0.0,"enemies":"3 Byrds","floor":18.0,"turns":3.0},{"damage":17.0,"enemies":"Shell Parasite","floor":21.0,"turns":3.0},{"damage":16.0,"enemies":"3 Cultists","floor":22.0,"turns":5.0},{"damage":2.0,"enemies":"Book of Stabbing","floor":27.0,"turns":2.0},{"damage":0.0,"enemies":"Snake Plant","floor":28.0,"turns":2.0},{"damage":18.0,"enemies":"Gremlin Leader","floor":29.0,"turns":4.0},{"damage":25.0,"enemies":"Collector","floor":33.0,"turns":5.0},{"damage":1.0,"enemies":"Orb Walker","floor":35.0,"turns":2.0},{"damage":7.0,"enemies":"3 Darklings","floor":36.0,"turns":3.0},{"damage":18.0,"enemies":"Maw","floor":38.0,"turns":5.0},{"damage":4.0,"enemies":"Giant Head","floor":40.0,"turns":3.0},{"damage":0.0,"enemies":"Transient","floor":44.0,"turns":6.0},{"damage":0.0,"enemies":"Spire Growth","floor":45.0,"turns":2.0},{"damage":9.0,"enemies":"Nemesis","floor":46.0,"turns":5.0},{"damage":7.0,"enemies":"Writhing Mass","floor":48.0,"turns":3.0},{"damage":32,"enemies":"Time Eater","floor":50,"turns":4}],"seed_played":"4617299731598846195","potions_obtained":[{"floor":1.0,"key":"CunningPotion"},{"floor":4.0,"key":"Regen Potion"},{"floor":12.0,"key":"PowerPotion"},{"floor":16.0,"key":"Explosive Potion"},{"floor":28.0,"key":"Ancient Potion"},{"floor":38.0,"key":"AttackPotion"},{"floor":42.0,"key":"LiquidMemories"},{"floor":42.0,"key":"Swift Potion"}],"is_trial":false,"path_per_floor":["M","M","M","M","?","R","E","M","T","$","?","?","E","M","R","B",null,"M","?","?","M","M","R","?","R","T","E","M","E","?","$","R","B",null,"M","M","$","M","?","E","R","?","T","M","M","E","?","M","R","B"],"character_chosen":"THE_SILENT","items_purchased":["Shuriken","Accuracy"],"campfire_rested":1,"item_purchase_floors":[10,37],"current_hp_per_floor":[60,61,63,65,54,54,56,58,58,58,36,38,18,20,20,18,59,61,61,61,46,32,53,53,53,53,53,55,39,39,39,39,16,59,60,55,55,39,39,37,37,37,37,39,41,34,34,29,29,0,0],"gold":0,"neow_bonus":"RANDOM_COMMON_RELIC","is_daily":false,"chose_seed":false,"campfire_upgraded":5,"win_rate":0.0,"timestamp":1611471483,"path_taken":["M","M","M","?","?","R","E","M","T","$","?","?","E","M","R","BOSS","M","?","?","M","M","R","?","R","T","E","M","E","?","$","R","BOSS","M","M","$","M","?","E","R","?","T","M","?","E","?","?","R","BOSS"],"items_purchased_type":["Relic","Card"],"build_version":"2020-12-22","purchased_purges":1,"victory":false,"max_hp_per_floor":[66,66,66,66,73,73,73,73,73,73,73,73,73,73,73,73,73,73,73,73,73,73,73,73,73,73,73,73,73,73,73,73,73,73,73,73,73,73,73,73,73,73,73,73,73,73,73,73,73,73,73],"card_choices":[{"not_picked":["Riddle With Holes","Cloak And Dagger"],"picked":"Finisher","floor":1.0},{"not_picked":["Quick Slash","Expertise"],"picked":"Blade Dance","floor":2.0},{"not_picked":["Bane","Slice"],"picked":"Backstab","floor":3.0},{"not_picked":["Backstab","Caltrops"],"picked":"Blade Dance","floor":4.0},{"not_picked":["Prepared","Predator"],"picked":"Caltrops","floor":7.0},{"not_picked":["Flying Knee","Backflip"],"picked":"Terror","floor":8.0},{"not_picked":["Tools of the Trade","Slice"],"picked":"Crippling Poison","floor":13.0},{"not_picked":["PiercingWail","Bouncing Flask"],"picked":"Escape Plan","floor":14.0},{"not_picked":["Doppelganger","Grand Finale"],"picked":"A Thousand Cuts","floor":16.0},{"not_picked":["Sucker Punch","Endless Agony+1"],"picked":"Backflip","floor":18.0},{"not_picked":["Quick Slash","Prepared","Bane"],"picked":"SKIP","floor":21.0},{"not_picked":["Deflect","Catalyst+1"],"picked":"Accuracy","floor":22.0},{"not_picked":["Poisoned Stab","Eviscerate"],"picked":"Blade Dance","floor":27.0},{"not_picked":["Heel Hook","Endless Agony","Quick Slash"],"picked":"SKIP","floor":28.0},{"not_picked":["Prepared","Bouncing Flask"],"picked":"Acrobatics","floor":29.0},{"not_picked":["Glass Knife","Doppelganger"],"picked":"Burst","floor":33.0},{"not_picked":["Deadly Poison","Eviscerate"],"picked":"Tactician","floor":35.0},{"not_picked":["Sucker Punch","Blade Dance"],"picked":"Prepared","floor":36.0},{"not_picked":["Underhanded Strike","Escape Plan","Dagger Throw+1"],"picked":"SKIP","floor":38.0},{"not_picked":["Terror","Blade Dance"],"picked":"Leg Sweep","floor":40.0},{"not_picked":["Cloak And Dagger+1","Quick Slash","Escape Plan"],"picked":"SKIP","floor":44.0},{"not_picked":["Leg Sweep","Deadly Poison"],"picked":"Deflect+1","floor":45.0},{"not_picked":["Cloak And Dagger","Storm of Steel","Flying Knee"],"picked":"SKIP","floor":46.0},{"not_picked":["Cloak And Dagger","Storm of Steel","Flying Knee"],"picked":"SKIP","floor":46.0},{"not_picked":["Masterful Stab","Underhanded Strike","Bouncing Flask+1"],"picked":"SKIP","floor":48.0}],"player_experience":889974,"relics_obtained":[{"floor":7.0,"key":"Unceasing Top"},{"floor":9.0,"key":"Bottled Lightning"},{"floor":12.0,"key":"Odd Mushroom"},{"floor":13.0,"key":"Snake Skull"},{"floor":26.0,"key":"Ancient Tea Set"},{"floor":27.0,"key":"Mummified Hand"},{"floor":29.0,"key":"The Courier"},{"floor":40.0,"key":"Paper Crane"},{"floor":46.0,"key":"Whetstone"}],"event_choices":[{"damage_healed":0.0,"max_hp_gain":0.0,"max_hp_loss":0.0,"gold_gain":0.0,"event_name":"Scrap Ooze","player_choice":"Success","floor":5.0,"gold_loss":0.0,"damage_taken":18.0,"relics_obtained":["Strawberry"]},{"damage_healed":0.0,"max_hp_gain":0.0,"max_hp_loss":0.0,"gold_gain":0.0,"event_name":"Shining Light","player_choice":"Entered Light","floor":11.0,"gold_loss":0.0,"damage_taken":22.0,"cards_upgraded":["Blade Dance","Strike_G"]},{"damage_healed":0.0,"max_hp_gain":0.0,"max_hp_loss":0.0,"gold_gain":0.0,"event_name":"Mushrooms","player_choice":"Fought Mushrooms","floor":12.0,"gold_loss":0.0,"damage_taken":0.0},{"damage_healed":0.0,"max_hp_gain":0.0,"max_hp_loss":0.0,"gold_gain":0.0,"event_name":"The Mausoleum","player_choice":"Ignored","floor":19.0,"gold_loss":0.0,"damage_taken":0.0},{"damage_healed":0.0,"max_hp_gain":0.0,"max_hp_loss":0.0,"gold_gain":50.0,"event_name":"Nest","player_choice":"Stole From Cult","floor":20.0,"gold_loss":0.0,"damage_taken":0.0},{"damage_healed":0.0,"max_hp_gain":0.0,"max_hp_loss":0.0,"gold_gain":0.0,"event_name":"Ghosts","player_choice":"Ignored","floor":24.0,"gold_loss":0.0,"damage_taken":0.0},{"damage_healed":0.0,"max_hp_gain":0.0,"max_hp_loss":0.0,"gold_gain":0.0,"event_name":"Beggar","player_choice":"Ignored","floor":30.0,"gold_loss":0.0,"damage_taken":0.0},{"damage_healed":0.0,"max_hp_gain":0.0,"max_hp_loss":0.0,"gold_gain":0.0,"event_name":"Tomb of Lord Red Mask","player_choice":"Paid","floor":39.0,"gold_loss":29.0,"damage_taken":0.0,"relics_obtained":["Red Mask"]},{"damage_healed":0.0,"max_hp_gain":0.0,"max_hp_loss":0.0,"gold_gain":0.0,"event_name":"Lab","player_choice":"Got Potions","floor":42.0,"gold_loss":0.0,"damage_taken":0.0},{"damage_healed":0.0,"max_hp_gain":0.0,"max_hp_loss":0.0,"gold_gain":50.0,"event_name":"Golden Shrine","player_choice":"Pray","floor":47.0,"gold_loss":0.0,"damage_taken":0.0}],"is_beta":false,"boss_relics":[{"not_picked":["Ring of the Serpent","Tiny House"],"picked":"Ectoplasm"},{"not_picked":["Busted Crown","Philosopher\u0027s Stone"],"picked":"Runic Pyramid"}],"items_purged_floors":[31],"is_endless":false,"potions_floor_spawned":[1,4,12,16,21,22,28,38,44,45,46],"killed_by":"Time Eater","ascension_level":20}}