{"host":"n91w9dq5l8qws978","time":1611515877,"event":{"mods":["BaseMod","Bestiary","Challenge The Spire","Custom Start","Defuse TimeMaze Blight","Keyboard Shortcuts","Minty Spire (QoL Compilation)","MonsterHotkey","Relic Stats","StSLib","Uncapped"],"gold_per_floor":[115,134,134,56,80,111,111,152,152,152,166,166,166,204,204,303,303,316,331,344,358,358,389,389,422,422,466,479,479,497,516,516],"floor_reached":31,"language":"ENG","playtime":1567,"items_purged":[],"score":756,"play_id":"4595c445-629f-4026-ba63-8f5b9584c912","local_time":"20210124191757","is_ascension_mode":true,"campfire_choices":[{"data":"Noxious Fumes","floor":7,"key":"SMITH"},{"data":"Catalyst","floor":10,"key":"SMITH"},{"data":"Deadly Poison","floor":15,"key":"SMITH"},{"data":"Bullet Time","floor":24,"key":"SMITH"},{"data":"Poisoned Stab","floor":29,"key":"SMITH"}],"circlet_count":2,"master_deck":["AscendersBane","Strike_G","Strike_G","Strike_G","Strike_G","Strike_G","Defend_G","Defend_G","Defend_G","Defend_G","Defend_G+1","Survivor","Neutralize","Deadly Poison+1","Catalyst+1","Poisoned Stab+1","Deflect","Bane","Noxious Fumes+1","Dodge and Roll","Poisoned Stab+1","Deadly Poison","Infinite Blades","Crippling Poison","Poisoned Stab","Bullet Time+1","Dagger Spray+1","Catalyst+1","Poisoned Stab+1"],"relics":["Ring of the Snake","Ice Cream","Golden Idol","PreservedInsect","Prayer Wheel","Singing Bowl","Nunchaku","Kunai","Shuriken","Snake Skull","The Specimen","Black Star","Ancient Tea Set","WarpedTongs","Anchor","Du-Vu Doll","Matryoshka","Molten Egg 2","Orichalcum","Letter Opener","Circlet","Happy Flower","Blue Candle"],"acts_visited":["Exordium","TheCity"],"potions_floor_usage":[6,8,16],"damage_taken":[{"damage":0.0,"enemies":"Jaw Worm","floor":1.0,"turns":7.0},{"damage":0.0,"enemies":"2 Louse","floor":2.0,"turns":3.0},{"damage":0.0,"enemies":"Cultist","floor":5.0,"turns":3.0},{"damage":29,"enemies":"Lagavulin","floor":6,"turns":6},{"damage":16,"enemies":"3 Sentries","floor":8,"turns":6},{"damage":11,"enemies":"Lots of Slimes","floor":11,"turns":3},{"damage":10,"enemies":"Gremlin Nob","floor":14,"turns":3},{"damage":28,"enemies":"Slime Boss","floor":16,"turns":9},{"damage":7,"enemies":"2 Thieves","floor":18,"turns":4},{"damage":3,"enemies":"Chosen","floor":19,"turns":5},{"damage":9,"enemies":"Sentry and Sphere","floor":20,"turns":4},{"damage":15,"enemies":"Chosen and Byrds","floor":21,"turns":6},{"damage":21,"enemies":"Slavers","floor":23,"turns":4},{"damage":0,"enemies":"Gremlin Leader","floor":25,"turns":4},{"damage":0,"enemies":"Slavers","floor":27,"turns":2},{"damage":0,"enemies":"Snake Plant","floor":28,"turns":3},{"damage":14,"enemies":"Sentry and Sphere","floor":30,"turns":5},{"damage":0,"enemies":"Shelled Parasite and Fungi","floor":31,"turns":3}],"seed_played":"7425548285167875031","potions_obtained":[{"floor":1.0,"key":"FearPotion"},{"floor":5.0,"key":"PowerPotion"},{"floor":6,"key":"AttackPotion"},{"floor":11,"key":"AttackPotion"},{"floor":20,"key":"PowerPotion"},{"floor":23,"key":"Strength Potion"},{"floor":27,"key":"BlessingOfTheForge"}],"is_trial":false,"path_per_floor":["M","M","?","$","M","E","R","E","T","R","M","?","?","E","R","B",null,"M","M","M","M","?","E","R","E","T","E","M","R","M","M"],"character_chosen":"THE_SILENT","items_purchased":["Poisoned Stab","Deflect"],"campfire_rested":0,"item_purchase_floors":[4,4],"current_hp_per_floor":[65,65,65,65,65,36,36,20,20,20,13,20,20,12,12,6,56,49,48,43,30,30,11,11,11,11,13,67,67,53,57,57],"gold":516,"neow_bonus":"TEN_PERCENT_HP_BONUS","is_daily":false,"chose_seed":false,"campfire_upgraded":5,"win_rate":0.0,"timestamp":1611515877,"path_taken":["M","M","?","$","M","E","R","E","T","R","M","?","?","E","R","BOSS","M","M","M","M","?","E","R","E","T","E","M","R","M","?"],"items_purchased_type":["Card","Card"],"build_version":"2020-12-22","purchased_purges":0,"victory":false,"max_hp_per_floor":[72,72,65,65,65,65,65,65,65,65,69,69,69,71,71,73,73,73,75,79,81,81,83,83,83,83,85,89,89,89,93,93],"relic_stats":{"Singing Bowl":28,"Happy Flower":[3],"counters":[18,80],"Golden Idol":95,"Blue Candle":[0],"PreservedInsect":198,"Snake Skull":[93],"Letter Opener":[48],"Orichalcum":[12],"WarpedTongs":[20],"Nunchaku":[10],"Shuriken":[18],"Prayer Wheel":8,"Black Star":3,"Kunai":[18],"obtain_stats":[{"Ice Cream":1,"Singing Bowl":9,"The Specimen":16,"Happy Flower":27,"Golden Idol":3,"Blue Candle":27,"Circlet":27,"PreservedInsect":6,"Snake Skull":16,"Letter Opener":26,"Orichalcum":26,"Ancient Tea Set":22,"WarpedTongs":23,"Du-Vu Doll":23,"Nunchaku":14,"Anchor":23,"Matryoshka":25,"Shuriken":16,"Prayer Wheel":8,"Molten Egg 2":25,"Black Star":17,"Kunai":16,"Ring of the Snake":0},{"Ice Cream":1,"Singing Bowl":5,"The Specimen":8,"Happy Flower":15,"Golden Idol":2,"Blue Candle":15,"Circlet":15,"PreservedInsect":4,"Snake Skull":8,"Letter Opener":14,"Orichalcum":14,"Ancient Tea Set":12,"WarpedTongs":13,"Du-Vu Doll":13,"Nunchaku":7,"Anchor":13,"Matryoshka":14,"Shuriken":8,"Prayer Wheel":5,"Molten Egg 2":14,"Black Star":8,"Kunai":8,"Ring of the Snake":0},{"Ice Cream":5,"Singing Bowl":25,"The Specimen":39,"Happy Flower":69,"Golden Idol":10,"Blue Candle":69,"Circlet":68,"PreservedInsect":19,"Snake Skull":39,"Letter Opener":67,"Orichalcum":67,"Ancient Tea Set":59,"WarpedTongs":60,"Du-Vu Doll":63,"Nunchaku":31,"Anchor":63,"Matryoshka":67,"Shuriken":39,"Prayer Wheel":25,"Molten Egg 2":67,"Black Star":40,"Kunai":39,"Ring of the Snake":0}],"Ring of the Snake":[36]},"card_choices":[{"not_picked":["All Out Attack","PiercingWail"],"picked":"Deadly Poison","floor":1.0},{"not_picked":["Outmaneuver","Backstab"],"picked":"Catalyst","floor":2.0},{"not_picked":["Deadly Poison","Dash"],"picked":"Bane","floor":5.0},{"not_picked":["Prepared","Finisher"],"picked":"Dodge and Roll","floor":6},{"not_picked":["Acrobatics","Concentrate"],"picked":"Poisoned Stab","floor":8},{"not_picked":["PiercingWail","Skewer","Caltrops"],"picked":"Singing Bowl","floor":11},{"not_picked":["Concentrate","Riddle With Holes","Bane"],"picked":"Singing Bowl","floor":11},{"not_picked":["Quick Slash","Night Terror","Slice"],"picked":"Singing Bowl","floor":14},{"not_picked":["After Image","Phantasmal Killer","Unload"],"picked":"Singing Bowl","floor":16},{"not_picked":["Heel Hook","Prepared"],"picked":"Crippling Poison","floor":18},{"not_picked":["Escape Plan","Flying Knee"],"picked":"Poisoned Stab","floor":18},{"not_picked":["Cloak And Dagger","Acrobatics","Deflect"],"picked":"Singing Bowl","floor":19},{"not_picked":["Underhanded Strike","Escape Plan","Deadly Poison"],"picked":"SKIP","floor":19},{"not_picked":["Poisoned Stab","Choke","Flying Knee"],"picked":"Singing Bowl","floor":20},{"not_picked":["Caltrops","Backflip","Cloak And Dagger+1"],"picked":"Singing Bowl","floor":20},{"not_picked":["Distraction","Underhanded Strike","Quick Slash"],"picked":"Singing Bowl","floor":21},{"not_picked":["Poisoned Stab","Setup"],"picked":"Bullet Time","floor":21},{"not_picked":["Outmaneuver","Backstab","Calculated Gamble"],"picked":"Singing Bowl","floor":23},{"not_picked":["Bane+1","Quick Slash+1"],"picked":"Dagger Spray+1","floor":25},{"not_picked":["Unload+1","Quick Slash+1","Backstab+1"],"picked":"Singing Bowl","floor":27},{"not_picked":["Deadly Poison","Heel Hook+1","All Out Attack+1"],"picked":"Singing Bowl","floor":28},{"not_picked":["Setup","Slice+1","Dodge and Roll"],"picked":"Singing Bowl","floor":28},{"not_picked":["Slice+1","Flechettes+1"],"picked":"Catalyst+1","floor":30},{"not_picked":["Distraction","Acrobatics"],"picked":"Poisoned Stab+1","floor":30},{"not_picked":["Sucker Punch+1","Endless Agony+1","Eviscerate+1"],"picked":"Singing Bowl","floor":31},{"not_picked":["Backflip","Sucker Punch+1","PiercingWail"],"picked":"Singing Bowl","floor":31}],"player_experience":417345,"relics_obtained":[{"floor":6,"key":"PreservedInsect"},{"floor":8,"key":"Prayer Wheel"},{"floor":9,"key":"Singing Bowl"},{"floor":14,"key":"Nunchaku"},{"floor":23,"key":"Anchor"},{"floor":23,"key":"Du-Vu Doll"},{"floor":25,"key":"Matryoshka"},{"floor":25,"key":"Molten Egg 2"},{"floor":26,"key":"Orichalcum"},{"floor":26,"key":"Letter Opener"},{"floor":27,"key":"Happy Flower"},{"floor":27,"key":"Blue Candle"}],"event_choices":[{"damage_healed":0.0,"max_hp_gain":0.0,"max_hp_loss":7.0,"gold_gain":0.0,"event_name":"Golden Idol","player_choice":"Lose Max HP","floor":3.0,"gold_loss":0.0,"damage_taken":0.0,"relics_obtained":["Golden Idol"]},{"damage_healed":0,"gold_gain":0,"player_choice":"Entered Light","damage_taken":21,"max_hp_gain":0,"max_hp_loss":0,"event_name":"Shining Light","floor":12,"gold_loss":0,"cards_upgraded":["Poisoned Stab","Defend_G"]},{"damage_healed":0,"gold_gain":0,"player_choice":"2 cards matched","damage_taken":0,"max_hp_gain":0,"max_hp_loss":0,"event_name":"Match and Keep!","floor":13,"gold_loss":0,"cards_obtained":["Deadly Poison","Infinite Blades"]},{"damage_healed":0,"gold_gain":0,"player_choice":"Gave Potion","damage_taken":0,"relics_obtained":["Ancient Tea Set"],"max_hp_gain":0,"max_hp_loss":0,"event_name":"WeMeetAgain","floor":22,"gold_loss":0}],"is_beta":false,"boss_relics":[{"not_picked":["Velvet Choker","HoveringKite"],"picked":"Black Star"}],"items_purged_floors":[],"is_endless":false,"potions_floor_spawned":[1,5,6,11,20,23,27,30,31],"killed_by":"Shelled Parasite and Fungi","ascension_level":16}}