{"host":"359hz4210ybch7ku","time":1611514638,"event":{"mods":["BaseMod","Block Reminder","Colored Map","Colored Powertips","Highlight Path","Minty Spire (QoL Compilation)","Slay the Relics Exporter","StSLib"],"gold_per_floor":[112,112,287,298,298,298,332,332,358,10,27,46,78,91,91,91,91],"floor_reached":16,"language":"ENG","playtime":1219,"items_purged":["Regret"],"score":132,"play_id":"1e58daf2-838e-40c3-b138-c5ca7888df51","local_time":"20210124105718","is_ascension_mode":true,"campfire_choices":[{"data":"Ghostly Armor","floor":6,"key":"SMITH"},{"data":"Body Slam","floor":8,"key":"SMITH"},{"data":"Dual Wield","floor":15,"key":"SMITH"}],"circlet_count":0,"master_deck":["Strike_R","Strike_R","Strike_R","Strike_R","Defend_R","Defend_R","Defend_R","Defend_R","Bash","Body Slam+1","Doubt","Ghostly Armor+1","Ghostly Armor","Reaper","Dual Wield+1","Shrug It Off","Flame Barrier","Shrug It Off"],"relics":["Burning Blood","Oddly Smooth Stone","Smiling Mask","Thread and Needle","Strawberry","Potion Belt","Bottled Flame"],"acts_visited":[],"potions_floor_usage":[7,16,16],"damage_taken":[{"damage":0,"enemies":"2 Louse","floor":1,"turns":3},{"damage":6,"enemies":"Small Slimes","floor":4,"turns":4},{"damage":57,"enemies":"Gremlin Nob","floor":7,"turns":6},{"damage":0,"enemies":"Cultist","floor":11,"turns":5},{"damage":0,"enemies":"2 Fungi Beasts","floor":12,"turns":6},{"damage":11,"enemies":"Lagavulin","floor":13,"turns":6},{"damage":13,"enemies":"Exordium Wildlife","floor":14,"turns":7},{"damage":78,"enemies":"Slime Boss","floor":16,"turns":15}],"seed_played":"-5757595718279998097","potions_obtained":[{"floor":4,"key":"HeartOfIron"},{"floor":11,"key":"FearPotion"},{"floor":13,"key":"Regen Potion"},{"floor":14,"key":"DuplicationPotion"}],"is_trial":false,"path_per_floor":["M","?","?","M","?","R","E","R","T","$","M","M","E","M","R","B"],"character_chosen":"IRONCLAD","items_purchased":["Reaper","Potion Belt"],"campfire_rested":0,"item_purchase_floors":[10,10],"current_hp_per_floor":[80,80,80,80,80,80,29,29,36,36,46,60,55,51,51,0,0],"gold":91,"neow_bonus":"RANDOM_COMMON_RELIC","is_daily":false,"chose_seed":false,"campfire_upgraded":3,"win_rate":0.0,"timestamp":1611514638,"path_taken":["M","?","?","M","?","R","E","R","T","$","M","M","E","M","R","BOSS"],"items_purchased_type":["Card","Relic"],"build_version":"2020-12-22","purchased_purges":1,"victory":false,"max_hp_per_floor":[80,80,80,80,80,80,80,80,87,87,87,87,87,87,87,87,87],"card_choices":[{"not_picked":["True Grit","Dual Wield"],"picked":"Body Slam","floor":1},{"not_picked":["Warcry","Flex"],"picked":"Ghostly Armor","floor":4},{"not_picked":["Flex","Bloodletting"],"picked":"Ghostly Armor","floor":7},{"not_picked":["Wild Strike","Clash"],"picked":"Dual Wield","floor":11},{"not_picked":["Anger","Iron Wave"],"picked":"Shrug It Off","floor":12},{"not_picked":["Feed","Sword Boomerang"],"picked":"Flame Barrier","floor":13},{"not_picked":["Warcry","Body Slam"],"picked":"Shrug It Off","floor":14}],"player_experience":282186,"relics_obtained":[{"floor":7,"key":"Thread and Needle"},{"floor":9,"key":"Strawberry"},{"floor":13,"key":"Bottled Flame"}],"event_choices":[{"cards_removed":["Strike_R"],"damage_healed":0,"gold_gain":0,"player_choice":"Forget","damage_taken":0,"max_hp_gain":0,"max_hp_loss":0,"event_name":"Living Wall","floor":2,"gold_loss":0},{"damage_healed":0,"gold_gain":175,"player_choice":"AGREE","damage_taken":0,"max_hp_gain":0,"max_hp_loss":0,"event_name":"Liars Game","floor":3,"gold_loss":0,"cards_obtained":["Doubt"]},{"damage_healed":0,"gold_gain":0,"player_choice":"Box","damage_taken":0,"relics_obtained":["Smiling Mask"],"max_hp_gain":0,"max_hp_loss":0,"event_name":"Big Fish","floor":5,"gold_loss":0,"cards_obtained":["Regret"]}],"is_beta":false,"boss_relics":[],"items_purged_floors":[10],"is_endless":false,"potions_floor_spawned":[4,11,13,14],"killed_by":"Slime Boss","ascension_level":4}}