{"host":"hnfelxnirsihwvcb","time":1611531308,"event":{"mods":["BaseMod","Colored Map","DeckTracker","Highlight Path","Minty Spire (QoL Compilation)","Quick Restart","Relic Sorter","Relic Stats","Shop Mod","StSLib","SuperFastMode"],"gold_per_floor":[117,34,51,51,65,65,65,92,140,140,140,140,168,187,187,290,290,307,88,88,107,123,148,168,184,184,210,28,28,57,7,7,106,106,120,169,183,405,419,454,454,468,468,24,55,55,65,118,118,118],"floor_reached":51,"language":"ENG","playtime":2183,"items_purged":["Turbo","Finesse","Writhe"],"score":1083,"play_id":"ea67eba6-e475-4000-bb1e-c639a4b72449","local_time":"20210125003508","daily_mods":["SealedDeck","Vintage","Binary"],"is_ascension_mode":false,"campfire_choices":[{"data":"Reprogram","floor":6,"key":"SMITH"},{"data":"FTL","floor":10,"key":"SMITH"},{"data":"FTL","floor":12,"key":"SMITH"},{"data":"Beam Cell","floor":15,"key":"SMITH"},{"data":"Go for the Eyes","floor":32,"key":"SMITH"},{"data":"BootSequence","floor":41,"key":"SMITH"},{"floor":46,"key":"REST"},{"floor":49,"key":"REST"}],"circlet_count":0,"master_deck":["White Noise+1","FTL+1","Beam Cell+1","Reprogram+1","FTL+1","BootSequence+1","Go for the Eyes+1","Gash+1","Dramatic Entrance+1","Good Instincts+1"],"relics":["Unceasing Top","Busted Crown","War Paint","Cables","Gremlin Horn","Toxic Egg 2","Regal Pillow","Tiny Chest","Oddly Smooth Stone","Bottled Lightning","Inserter","Meat on the Bone","Medical Kit","Boot","Akabeko","The Courier","Molten Egg 2","Smiling Mask","Mercury Hourglass","Happy Flower","Blood Vial","Red Mask","Nuclear Battery","Question Card","Juzu Bracelet","Lantern","Eternal Feather","Whetstone","Emotion Chip","Mango","Sundial","Bag of Marbles","Strawberry","CeramicFish","Torii","Incense Burner"],"acts_visited":["Exordium","TheCity","TheBeyond"],"potions_floor_usage":[],"damage_taken":[{"damage":0,"enemies":"2 Louse","floor":1,"turns":2},{"damage":0,"enemies":"Cultist","floor":3,"turns":1},{"damage":0,"enemies":"Small Slimes","floor":5,"turns":2},{"damage":0,"enemies":"Lagavulin","floor":8,"turns":3},{"damage":0,"enemies":"Gremlin Nob","floor":13,"turns":2},{"damage":0,"enemies":"2 Fungi Beasts","floor":14,"turns":2},{"damage":14,"enemies":"The Guardian","floor":16,"turns":5},{"damage":0,"enemies":"2 Thieves","floor":18,"turns":2},{"damage":0,"enemies":"3 Byrds","floor":21,"turns":1},{"damage":0,"enemies":"Snake Plant","floor":22,"turns":1},{"damage":0,"enemies":"Gremlin Leader","floor":23,"turns":2},{"damage":0,"enemies":"Centurion and Healer","floor":24,"turns":1},{"damage":0,"enemies":"Cultist and Chosen","floor":25,"turns":1},{"damage":0,"enemies":"Masked Bandits","floor":30,"turns":2},{"damage":0,"enemies":"Champ","floor":33,"turns":3},{"damage":0,"enemies":"Orb Walker","floor":35,"turns":1},{"damage":0,"enemies":"3 Shapes","floor":37,"turns":1},{"damage":0,"enemies":"Transient","floor":39,"turns":3},{"damage":0,"enemies":"Reptomancer","floor":40,"turns":3},{"damage":0,"enemies":"Maw","floor":42,"turns":1},{"damage":0,"enemies":"Giant Head","floor":45,"turns":1},{"damage":0,"enemies":"Spire Growth","floor":47,"turns":1},{"damage":0,"enemies":"2 Orb Walkers","floor":48,"turns":1},{"damage":9,"enemies":"Time Eater","floor":50,"turns":5}],"seed_played":"2921347144992838738","potions_obtained":[{"floor":13,"key":"Swift Potion"},{"floor":21,"key":"FearPotion"},{"floor":23,"key":"Explosive Potion"}],"is_trial":true,"path_per_floor":["M","$","M","?","M","R","$","E","T","R","?","R","E","M","R","B",null,"M","$","?","M","M","E","M","M","T","T","$","?","?","$","R","B",null,"M","T","M","?","M","E","R","M","T","$","E","R","M","?","R","B",null],"character_chosen":"DEFECT","items_purchased":["Finesse","Medical Kit","Dramatic Entrance+1","Good Instincts+1","Sundial","Bag of Marbles","Strawberry"],"campfire_rested":2,"item_purchase_floors":[2,19,28,28,44,44,44],"current_hp_per_floor":[75,75,75,75,75,75,75,75,75,75,75,75,75,75,75,61,75,75,75,75,75,75,75,75,75,75,75,75,75,75,75,75,75,75,75,75,75,75,75,75,75,75,89,96,96,96,96,96,96,87],"gold":118,"neow_bonus":"","is_daily":false,"chose_seed":false,"campfire_upgraded":6,"win_rate":0.0,"timestamp":1611531308,"path_taken":["M","$","M","?","M","R","?","E","T","R","?","R","E","M","R","BOSS","M","$","?","M","M","E","?","M","T","?","$","?","?","?","R","BOSS","M","?","M","?","M","E","R","M","T","$","E","R","M","?","R","BOSS"],"items_purchased_type":["Card","Relic","Card","Card","Relic","Relic","Relic"],"build_version":"2020-12-22","purchased_purges":3,"victory":true,"max_hp_per_floor":[75,75,75,75,75,75,75,75,75,75,75,75,75,75,75,75,75,75,75,75,75,75,75,75,75,75,75,75,75,75,75,75,75,75,75,75,75,75,75,75,75,75,89,96,96,96,96,96,96,96],"relic_stats":{"Regal Pillow":0,"Gremlin Horn":[17,17],"Torii":2,"CeramicFish":0,"Juzu Bracelet":0,"Whetstone":["Gash"],"Boot":[24],"Smiling Mask":80,"Blood Vial":0,"Emotion Chip":[2,0,0,0,2],"Sundial":[8],"Tiny Chest":2,"Inserter":[15],"Happy Flower":[7],"counters":[24,47],"Eternal Feather":0,"War Paint":["White Noise","White Noise"],"Medical Kit":[0],"Question Card":3,"Cables":[25,6,0,0,19],"Mercury Hourglass":[88],"Busted Crown":18,"obtain_stats":[{"Regal Pillow":8,"Lantern":37,"Gremlin Horn":4,"Torii":47,"CeramicFish":45,"Mango":43,"Juzu Bracelet":36,"Incense Burner":48,"Whetstone":40,"Boot":21,"Smiling Mask":25,"Blood Vial":29,"Emotion Chip":42,"Sundial":44,"Strawberry":44,"Tiny Chest":9,"Red Mask":30,"Toxic Egg 2":5,"Inserter":17,"Happy Flower":27,"Oddly Smooth Stone":13,"Eternal Feather":39,"The Courier":23,"War Paint":1,"Medical Kit":19,"Question Card":35,"Akabeko":22,"Cables":3,"Mercury Hourglass":26,"Nuclear Battery":34,"Busted Crown":0,"Molten Egg 2":24,"Bag of Marbles":44,"Bottled Lightning":14,"Unceasing Top":0,"Meat on the Bone":18},{"Regal Pillow":4,"Lantern":17,"Gremlin Horn":2,"Torii":22,"CeramicFish":21,"Mango":20,"Juzu Bracelet":16,"Incense Burner":23,"Whetstone":19,"Boot":9,"Smiling Mask":13,"Blood Vial":13,"Emotion Chip":20,"Sundial":20,"Strawberry":20,"Tiny Chest":4,"Red Mask":14,"Toxic Egg 2":3,"Inserter":7,"Happy Flower":13,"Oddly Smooth Stone":5,"Eternal Feather":18,"The Courier":11,"War Paint":1,"Medical Kit":8,"Question Card":16,"Akabeko":10,"Cables":2,"Mercury Hourglass":13,"Nuclear Battery":15,"Busted Crown":0,"Molten Egg 2":12,"Bag of Marbles":20,"Bottled Lightning":6,"Unceasing Top":0,"Meat on the Bone":8},{"Regal Pillow":8,"Lantern":32,"Gremlin Horn":3,"Torii":41,"CeramicFish":40,"Mango":39,"Juzu Bracelet":31,"Incense Burner":42,"Whetstone":38,"Boot":20,"Smiling Mask":25,"Blood Vial":25,"Emotion Chip":39,"Sundial":39,"Strawberry":39,"Tiny Chest":8,"Red Mask":27,"Toxic Egg 2":5,"Inserter":17,"Happy Flower":25,"Oddly Smooth Stone":10,"Eternal Feather":35,"The Courier":23,"War Paint":2,"Medical Kit":19,"Question Card":31,"Akabeko":21,"Cables":3,"Mercury Hourglass":25,"Nuclear Battery":30,"Busted Crown":0,"Molten Egg 2":24,"Bag of Marbles":39,"Bottled Lightning":12,"Unceasing Top":0,"Meat on the Bone":19}],"Unceasing Top":[270],"Meat on the Bone":0},"card_choices":[{"not_picked":["Streamline+1"],"picked":"SKIP","floor":40},{"not_picked":["Turbo+1"],"picked":"SKIP","floor":45}],"player_experience":836834,"relics_obtained":[{"floor":1,"key":"War Paint"},{"floor":3,"key":"Cables"},{"floor":4,"key":"Gremlin Horn"},{"floor":5,"key":"Toxic Egg 2"},{"floor":8,"key":"Regal Pillow"},{"floor":9,"key":"Tiny Chest"},{"floor":13,"key":"Oddly Smooth Stone"},{"floor":14,"key":"Bottled Lightning"},{"floor":18,"key":"Meat on the Bone"},{"floor":21,"key":"Boot"},{"floor":22,"key":"Akabeko"},{"floor":23,"key":"The Courier"},{"floor":24,"key":"Molten Egg 2"},{"floor":25,"key":"Smiling Mask"},{"floor":26,"key":"Mercury Hourglass"},{"floor":27,"key":"Happy Flower"},{"floor":30,"key":"Red Mask"},{"floor":35,"key":"Question Card"},{"floor":36,"key":"Juzu Bracelet"},{"floor":37,"key":"Lantern"},{"floor":39,"key":"Eternal Feather"},{"floor":40,"key":"Whetstone"},{"floor":42,"key":"Emotion Chip"},{"floor":43,"key":"Mango"},{"floor":45,"key":"CeramicFish"},{"floor":47,"key":"Torii"},{"floor":48,"key":"Incense Burner"}],"event_choices":[{"damage_healed":0,"gold_gain":0,"player_choice":"Relic","damage_taken":0,"max_hp_gain":0,"max_hp_loss":0,"event_name":"Wheel of Change","floor":4,"gold_loss":0},{"damage_healed":0,"gold_gain":0,"player_choice":"Ignored","damage_taken":0,"max_hp_gain":0,"max_hp_loss":0,"event_name":"Liars Game","floor":11,"gold_loss":0},{"cards_removed":["White Noise"],"damage_healed":0,"gold_gain":0,"player_choice":"Offered Uncommon","damage_taken":0,"max_hp_gain":0,"max_hp_loss":0,"event_name":"Bonfire Elementals","floor":20,"gold_loss":0},{"damage_healed":0,"gold_gain":0,"player_choice":"Opened","damage_taken":0,"relics_obtained":["Blood Vial"],"max_hp_gain":0,"max_hp_loss":0,"event_name":"The Mausoleum","floor":29,"gold_loss":0,"cards_obtained":["Writhe"]},{"damage_healed":0,"gold_gain":0,"player_choice":"Fought Bandits","damage_taken":0,"max_hp_gain":0,"max_hp_loss":0,"event_name":"Masked Bandits","floor":30,"gold_loss":0},{"damage_healed":0,"gold_gain":222,"player_choice":"Wore Mask","damage_taken":0,"max_hp_gain":0,"max_hp_loss":0,"event_name":"Tomb of Lord Red Mask","floor":38,"gold_loss":0},{"damage_healed":0,"gold_gain":0,"player_choice":"Fight","damage_taken":0,"max_hp_gain":0,"max_hp_loss":0,"event_name":"Mysterious Sphere","floor":48,"gold_loss":0}],"is_beta":false,"boss_relics":[{"not_picked":["Snecko Eye","Runic Pyramid"],"picked":"Inserter"},{"not_picked":["Velvet Choker","SlaversCollar"],"picked":"Nuclear Battery"}],"items_purged_floors":[19,28,31],"is_endless":false,"potions_floor_spawned":[13,21,23,24,30,40,45,47],"ascension_level":0}}