{"host":"hw9lt6p3yhr90vz0","time":1611469264,"event":{"mods":["BaseMod","DeckTracker","Minty Spire (QoL Compilation)","Relic Stats"],"gold_per_floor":[118,118,132,142,156,191,205,240,240,240,253,265,265,282,282,282,282],"floor_reached":16,"language":"ENG","playtime":1290,"items_purged":[],"score":142,"play_id":"d2397e48-9148-457e-8246-bfce8587e6da","local_time":"20210124012104","is_ascension_mode":true,"campfire_choices":[{"floor":13,"key":"REST"},{"floor":15,"key":"REST"}],"circlet_count":0,"master_deck":["Strike_P","Strike_P","Strike_P","Defend_P","Defend_P","Defend_P","Defend_P","Eruption","Vigilance","Adaptation","Worship","FollowUp+1","EmptyFist","SashWhip","CrushJoints+1","FollowUp","DeusExMachina","Crescendo","Devotion","Halt"],"relics":["PureWater","GremlinMask","White Beast Statue","Whetstone","Bird Faced Urn"],"acts_visited":["Exordium"],"potions_floor_usage":[6,8,8,10,14],"damage_taken":[{"damage":0,"enemies":"Small Slimes","floor":1,"turns":2},{"damage":2,"enemies":"Cultist","floor":3,"turns":4},{"damage":0,"enemies":"2 Louse","floor":4,"turns":2},{"damage":4,"enemies":"Large Slime","floor":5,"turns":5},{"damage":16,"enemies":"Gremlin Nob","floor":6,"turns":4},{"damage":19,"enemies":"Exordium Wildlife","floor":7,"turns":4},{"damage":19,"enemies":"3 Sentries","floor":8,"turns":8},{"damage":0,"enemies":"Exordium Thugs","floor":10,"turns":1},{"damage":0,"enemies":"2 Fungi Beasts","floor":11,"turns":3},{"damage":3,"enemies":"Looter","floor":12,"turns":2},{"damage":18,"enemies":"Red Slaver","floor":14,"turns":4},{"damage":46,"enemies":"Slime Boss","floor":16,"turns":9}],"seed_played":"703912246388358342","potions_obtained":[{"floor":1,"key":"FearPotion"},{"floor":6,"key":"DuplicationPotion"},{"floor":7,"key":"GamblersBrew"},{"floor":8,"key":"SmokeBomb"},{"floor":11,"key":"LiquidBronze"},{"floor":12,"key":"PowerPotion"},{"floor":14,"key":"Energy Potion"}],"is_trial":false,"path_per_floor":["M","?","M","M","M","E","M","E","T","M","M","M","R","M","R","B"],"character_chosen":"WATCHER","items_purchased":[],"campfire_rested":2,"item_purchase_floors":[],"current_hp_per_floor":[72,72,70,70,66,50,31,12,12,12,12,11,32,20,41,0,0],"gold":282,"neow_bonus":"TRANSFORM_CARD","is_daily":false,"chose_seed":false,"campfire_upgraded":0,"win_rate":0.0,"timestamp":1611469264,"path_taken":["M","?","M","M","M","E","M","E","T","M","M","M","R","M","R","BOSS"],"items_purchased_type":[],"build_version":"2020-12-22","purchased_purges":0,"victory":false,"max_hp_per_floor":[72,72,72,72,72,72,72,72,72,72,72,72,72,72,72,72,72],"relic_stats":{"counters":[12,48],"Bird Faced Urn":[12],"Whetstone":["CrushJoints","FollowUp"],"obtain_stats":[{"Bird Faced Urn":9,"GremlinMask":2,"Whetstone":8,"PureWater":0,"White Beast Statue":6},{"Bird Faced Urn":7,"GremlinMask":1,"Whetstone":7,"PureWater":0,"White Beast Statue":5},{"Bird Faced Urn":29,"GremlinMask":2,"Whetstone":29,"PureWater":0,"White Beast Statue":17}]},"card_choices":[{"not_picked":["CutThroughFate","BowlingBash"],"picked":"Worship","floor":1},{"not_picked":["BowlingBash","SashWhip"],"picked":"FollowUp","floor":3},{"not_picked":["JustLucky","Adaptation"],"picked":"EmptyFist","floor":4},{"not_picked":["FlyingSleeves","Fasting2"],"picked":"SashWhip","floor":5},{"not_picked":["WreathOfFlame","Prostrate"],"picked":"CrushJoints","floor":6},{"not_picked":["FlurryOfBlows","BowlingBash"],"picked":"FollowUp","floor":7},{"not_picked":["ClearTheMind","EmptyFist"],"picked":"DeusExMachina","floor":8},{"not_picked":["Consecrate","WaveOfTheHand"],"picked":"Crescendo","floor":11},{"not_picked":["EmptyFist","Protect"],"picked":"Devotion","floor":12},{"not_picked":["Protect","JustLucky"],"picked":"Halt","floor":14}],"player_experience":1247784,"relics_obtained":[{"floor":6,"key":"White Beast Statue"},{"floor":8,"key":"Whetstone"},{"floor":9,"key":"Bird Faced Urn"}],"event_choices":[{"damage_healed":0,"gold_gain":0,"player_choice":"Trade","damage_taken":0,"relics_obtained":["GremlinMask"],"max_hp_gain":0,"max_hp_loss":0,"event_name":"FaceTrader","floor":2,"gold_loss":0}],"is_beta":false,"boss_relics":[],"items_purged_floors":[],"is_endless":false,"potions_floor_spawned":[1,6,7,8,10,11,12,14],"killed_by":"Slime Boss","ascension_level":4}}