{"host":"j4g6ia6asvpyu2b0","time":1611501699,"event":{"mods":["BaseMod","Colored Map","Minty Spire (QoL Compilation)","Permanent Neow","Quick Restart","Relic Stats","StSLib","Unceasing Turn Reminder"],"gold_per_floor":[117,134,188,263,197,197,231,231,255,267,267,302,314,62,62,140,140,157,127,143,158,208,208,208,208],"floor_reached":24,"language":"ENG","playtime":970,"items_purged":[],"score":486,"play_id":"95e9d761-ee36-4c28-9a37-4c6a35b25979","local_time":"20210124082139","is_ascension_mode":true,"campfire_choices":[{"data":"Noxious Fumes","floor":6,"key":"SMITH"},{"floor":8,"key":"REST"},{"data":"Apotheosis","floor":15,"key":"SMITH"},{"floor":23,"key":"REST"}],"circlet_count":0,"master_deck":["AscendersBane","Strike_G+1","Strike_G","Strike_G","Strike_G","Defend_G+1","Defend_G","Defend_G","Defend_G","Survivor","Neutralize","Noxious Fumes+1","Footwork","Storm of Steel","Deadly Poison","Dodge and Roll","Dodge and Roll","Apotheosis+1","Caltrops","Adrenaline","Dagger Throw","Cloak And Dagger","PiercingWail","Dodge and Roll+1"],"relics":["Ring of the Snake","PreservedInsect","Lantern","Oddly Smooth Stone","Nunchaku","Fusion Hammer"],"acts_visited":["Exordium","TheCity"],"potions_floor_usage":[7,12,24],"damage_taken":[{"damage":0,"enemies":"Cultist","floor":1,"turns":4},{"damage":1,"enemies":"Small Slimes","floor":2,"turns":4},{"damage":14,"enemies":"Gremlin Nob","floor":7,"turns":4},{"damage":0,"enemies":"Jaw Worm","floor":10,"turns":5},{"damage":20,"enemies":"3 Sentries","floor":12,"turns":6},{"damage":0,"enemies":"3 Louse","floor":13,"turns":4},{"damage":0,"enemies":"Hexaghost","floor":16,"turns":9},{"damage":39,"enemies":"Chosen","floor":18,"turns":6},{"damage":5,"enemies":"2 Thieves","floor":19,"turns":4},{"damage":0,"enemies":"Snake Plant","floor":20,"turns":4},{"damage":0,"enemies":"Snecko","floor":21,"turns":7},{"damage":39,"enemies":"Gremlin Leader","floor":24,"turns":4}],"seed_played":"-8334463050909408311","potions_obtained":[{"floor":1,"key":"DistilledChaos"},{"floor":7,"key":"Poison Potion"},{"floor":10,"key":"FairyPotion"},{"floor":16,"key":"LiquidBronze"},{"floor":18,"key":"EssenceOfSteel"}],"is_trial":false,"path_per_floor":["M","M","T","?","?","R","E","R","T","M","?","E","M","$","R","B",null,"M","M","M","M","?","R","E"],"character_chosen":"THE_SILENT","items_purchased":["Apotheosis","Caltrops"],"campfire_rested":2,"item_purchase_floors":[14,14],"current_hp_per_floor":[44,43,43,32,32,32,18,37,37,37,17,19,19,19,19,19,54,15,10,10,10,10,29,0,0],"gold":208,"neow_bonus":"REMOVE_TWO","is_daily":false,"chose_seed":false,"campfire_upgraded":2,"win_rate":0.0,"timestamp":1611501699,"path_taken":["M","M","?","?","?","R","E","R","T","?","?","E","M","$","R","BOSS","M","M","M","M","?","R","E"],"items_purchased_type":["Card","Card"],"build_version":"2020-12-22","purchased_purges":0,"victory":false,"max_hp_per_floor":[66,66,66,66,66,66,66,66,66,66,66,66,66,66,66,66,66,66,66,66,66,66,66,66,66],"relic_stats":{"Nunchaku":[7],"counters":[12,61],"PreservedInsect":105,"obtain_stats":[{"Lantern":7,"Nunchaku":12,"Oddly Smooth Stone":9,"PreservedInsect":5,"Fusion Hammer":17,"Ring of the Snake":0},{"Lantern":3,"Nunchaku":5,"Oddly Smooth Stone":3,"PreservedInsect":2,"Fusion Hammer":7,"Ring of the Snake":0},{"Lantern":12,"Nunchaku":23,"Oddly Smooth Stone":12,"PreservedInsect":8,"Fusion Hammer":36,"Ring of the Snake":0}],"Ring of the Snake":[24]},"card_choices":[{"not_picked":["Dagger Spray","Reflex"],"picked":"Noxious Fumes","floor":1},{"not_picked":["Underhanded Strike","Heel Hook"],"picked":"Footwork","floor":2},{"not_picked":["Flechettes","Deflect"],"picked":"Storm of Steel","floor":7},{"not_picked":["Blade Dance","Dagger Spray"],"picked":"Deadly Poison","floor":10},{"not_picked":["Sucker Punch","Calculated Gamble"],"picked":"Dodge and Roll","floor":12},{"not_picked":["Deadly Poison","Bane"],"picked":"Dodge and Roll","floor":13},{"not_picked":["Unload","Phantasmal Killer"],"picked":"Adrenaline","floor":16},{"not_picked":["Acrobatics","Accuracy"],"picked":"Dagger Throw","floor":18},{"not_picked":["Flechettes","Bane"],"picked":"Cloak And Dagger","floor":19},{"not_picked":["Sucker Punch","Flying Knee"],"picked":"PiercingWail","floor":20},{"not_picked":["Dagger Throw+1","Expertise"],"picked":"Dodge and Roll+1","floor":21}],"player_experience":980244,"relics_obtained":[{"floor":7,"key":"Lantern"},{"floor":9,"key":"Oddly Smooth Stone"},{"floor":12,"key":"Nunchaku"}],"event_choices":[{"damage_healed":0,"gold_gain":75,"player_choice":"Gather Gold","damage_taken":11,"max_hp_gain":0,"max_hp_loss":0,"event_name":"World of Goop","floor":4,"gold_loss":0},{"damage_healed":0,"gold_gain":0,"player_choice":"Paid Gold","damage_taken":0,"relics_obtained":["PreservedInsect"],"max_hp_gain":0,"max_hp_loss":0,"event_name":"WeMeetAgain","floor":5,"gold_loss":66},{"damage_healed":0,"gold_gain":0,"player_choice":"Entered Light","damage_taken":20,"max_hp_gain":0,"max_hp_loss":0,"event_name":"Shining Light","floor":11,"gold_loss":0,"cards_upgraded":["Strike_G","Defend_G"]},{"damage_healed":0,"gold_gain":50,"player_choice":"Stole From Cult","damage_taken":0,"max_hp_gain":0,"max_hp_loss":0,"event_name":"Nest","floor":22,"gold_loss":0}],"is_beta":false,"boss_relics":[{"not_picked":["SlaversCollar","Runic Dome"],"picked":"Fusion Hammer"}],"items_purged_floors":[],"is_endless":false,"potions_floor_spawned":[1,7,10,16,18,19],"killed_by":"Gremlin Leader","ascension_level":18}}