{"host":"ln38befi3ugo1bsw","time":1611532407,"event":{"mods":["BaseMod","BetterRewards","Colored Map","Colored Powertips","Downfall","Hermit","Jorbs\u0027s Wanderer Trilogy","Lobotomy","Minty Spire (QoL Compilation)","StSLib","SuperFastMode"],"gold_per_floor":[109,109,120,136,51,51,63,78,78,38,38,65,76,108,108,212,212,177,194,206,206,36,36,64,83,83,102,302,302,336,348,348,450,450,462,480,231,242,242,242,242],"floor_reached":40,"language":"ENG","playtime":2049,"items_purged":["Writhe","Strike_B"],"score":513,"play_id":"d2e360f3-906c-4ce2-9c2f-53903a1d9c6b","local_time":"20210124185327","is_ascension_mode":true,"campfire_choices":[{"floor":6,"key":"RECALL"},{"floor":15,"key":"REST"},{"data":"Fusion","floor":23,"key":"SMITH"},{"floor":29,"key":"REST"},{"floor":32,"key":"REST"}],"circlet_count":0,"master_deck":["Strike_B","Strike_B","Strike_B","Defend_B","Defend_B","Defend_B","Defend_B","Zap","Dualcast","Conserve Battery+1","Fusion+1","Ball Lightning","White Noise+1","Ball Lightning","Leap","Genetic Algorithm","Gash","Leap","Steam Power+1","Reboot","Ball Lightning+1","Doom and Gloom+1","Gash+1","Defragment","Sweeping Beam+1","Cold Snap+1","Beam Cell+1","Cold Snap+1","Steam+1","Compile Driver+1","Electrodynamics","Chaos+1","Hologram","Hologram","Dramatic Entrance+1"],"relics":["Cracked Core","Blood Vial","Oddly Smooth Stone","Molten Egg 2","SlaversCollar","MealTicket","Kunai","Ornamental Fan","Coffee Dripper","War Paint"],"acts_visited":["Exordium","TheCity","TheBeyond"],"potions_floor_usage":[14,16,16],"damage_taken":[{"damage":8,"enemies":"Jaw Worm","floor":1,"turns":3},{"damage":0,"enemies":"Cultist","floor":3,"turns":4},{"damage":10,"enemies":"Small Slimes","floor":4,"turns":4},{"damage":16,"enemies":"2 Fungi Beasts","floor":7,"turns":4},{"damage":11,"enemies":"Gremlin Gang","floor":8,"turns":4},{"damage":4,"enemies":"3 Sentries","floor":12,"turns":3},{"damage":0,"enemies":"Blue Slaver","floor":13,"turns":3},{"damage":0,"enemies":"Lagavulin","floor":14,"turns":5},{"damage":51,"enemies":"The Guardian","floor":16,"turns":10},{"damage":6,"enemies":"2 Thieves","floor":18,"turns":5},{"damage":6,"enemies":"Chosen","floor":19,"turns":5},{"damage":27,"enemies":"Snecko","floor":20,"turns":5},{"damage":4,"enemies":"Gremlin Leader","floor":24,"turns":6},{"damage":17,"enemies":"Centurion and Healer","floor":25,"turns":4},{"damage":19,"enemies":"Chosen and Byrds","floor":27,"turns":5},{"damage":4,"enemies":"Book of Stabbing","floor":30,"turns":4},{"damage":0,"enemies":"Shelled Parasite and Fungi","floor":31,"turns":4},{"damage":31,"enemies":"Automaton","floor":33,"turns":9},{"damage":9,"enemies":"3 Darklings","floor":35,"turns":3},{"damage":0,"enemies":"Orb Walker","floor":36,"turns":3},{"damage":10,"enemies":"Spire Growth","floor":38,"turns":5},{"damage":68,"enemies":"Giant Head","floor":40,"turns":10}],"seed_played":"8765586827524718012","potions_obtained":[{"floor":3,"key":"AttackPotion"},{"floor":7,"key":"EssenceOfDarkness"},{"floor":13,"key":"bronze:BurnAndBuffPotion"},{"floor":14,"key":"SteroidPotion"},{"floor":16,"key":"DuplicationPotion"},{"floor":18,"key":"FearPotion"}],"is_trial":false,"path_per_floor":["M","?","M","M","$","R","M","M","T","?","?","E","M","E","R","B",null,"M","M","M","?","$","R","E","M","T","M","?","R","E","M","R","B",null,"M","M","$","M","?","E"],"character_chosen":"DEFECT","items_purchased":["White Noise","Ball Lightning","Defragment","Sweeping Beam+1","War Paint"],"campfire_rested":3,"item_purchase_floors":[5,5,22,22,37],"current_hp_per_floor":[67,67,67,57,57,57,41,30,30,30,30,28,30,32,54,5,75,69,65,40,40,55,55,53,38,38,21,21,43,41,43,65,36,75,66,68,75,65,65,0,0],"gold":242,"neow_bonus":"ONE_RANDOM_RARE_CARD","is_daily":false,"chose_seed":false,"campfire_upgraded":1,"win_rate":0.0,"timestamp":1611532407,"path_taken":["M","?","M","M","$","R","?","M","T","?","?","E","M","E","R","BOSS","M","M","M","?","$","R","E","M","T","M","?","R","E","?","R","BOSS","M","?","$","M","?","E"],"items_purchased_type":["Card","Card","Card","Card","Relic"],"build_version":"2020-12-22","purchased_purges":2,"victory":false,"max_hp_per_floor":[75,75,75,75,75,75,75,75,75,75,75,75,75,75,75,75,75,75,75,75,75,75,75,75,75,75,75,75,75,75,75,75,75,75,75,75,75,75,75,75,75],"card_choices":[{"not_picked":["Reprogram","Rebound"],"picked":"Conserve Battery","floor":1},{"not_picked":["Turbo","Tempest"],"picked":"Fusion","floor":3},{"not_picked":["Gash","Coolheaded"],"picked":"Ball Lightning","floor":4},{"not_picked":["Storm","Cold Snap"],"picked":"Leap","floor":7},{"not_picked":["Gash","Tempest"],"picked":"Genetic Algorithm","floor":8},{"not_picked":["Go for the Eyes","Lockon"],"picked":"Gash","floor":12},{"not_picked":["Hyperbeam","Reinforced Body"],"picked":"Leap","floor":13},{"not_picked":["Scrape+1","Sunder+1"],"picked":"Steam Power","floor":14},{"not_picked":["Biased Cognition","Meteor Strike+1"],"picked":"Reboot","floor":16},{"not_picked":["Compile Driver+1","Rebound+1"],"picked":"Ball Lightning+1","floor":18},{"not_picked":["Stack","Turbo"],"picked":"Doom and Gloom+1","floor":19},{"not_picked":["Static Discharge","Redo"],"picked":"Gash+1","floor":20},{"not_picked":["Melter+1","Multi-Cast"],"picked":"Cold Snap+1","floor":24},{"not_picked":["Auto Shields","Darkness"],"picked":"Beam Cell+1","floor":25},{"not_picked":["Rebound+1","Coolheaded"],"picked":"Cold Snap+1","floor":27},{"not_picked":["Tempest","Force Field+1"],"picked":"Steam+1","floor":30},{"not_picked":["Stack","Go for the Eyes+1"],"picked":"Compile Driver+1","floor":31},{"not_picked":["Buffer","Hyperbeam+1"],"picked":"Electrodynamics","floor":33},{"not_picked":["Ball Lightning+1","Barrage+1"],"picked":"Chaos+1","floor":35},{"not_picked":["Rebound+1","Consume+1"],"picked":"Hologram","floor":36},{"not_picked":["Sweeping Beam+1","Beam Cell+1"],"picked":"Hologram","floor":38},{"not_picked":["Mind Blast+1","Impatience"],"picked":"Dramatic Entrance+1","floor":39}],"player_experience":63529,"relics_obtained":[{"floor":9,"key":"Blood Vial"},{"floor":12,"key":"Oddly Smooth Stone"},{"floor":14,"key":"Molten Egg 2"},{"floor":24,"key":"Kunai"},{"floor":30,"key":"Ornamental Fan"}],"event_choices":[{"cards_removed":["Thunder Strike"],"damage_healed":0,"gold_gain":0,"player_choice":"Purged","damage_taken":0,"max_hp_gain":0,"max_hp_loss":0,"event_name":"Purifier","floor":2,"gold_loss":0},{"damage_healed":0,"gold_gain":0,"player_choice":"Left Gold","damage_taken":0,"max_hp_gain":0,"max_hp_loss":0,"event_name":"World of Goop","floor":10,"gold_loss":40},{"damage_healed":0,"gold_gain":0,"player_choice":"Grow","damage_taken":0,"max_hp_gain":0,"max_hp_loss":0,"event_name":"Living Wall","floor":11,"gold_loss":0,"cards_upgraded":["White Noise"]},{"damage_healed":0,"gold_gain":0,"player_choice":"Opened","damage_taken":0,"relics_obtained":["MealTicket"],"max_hp_gain":0,"max_hp_loss":0,"event_name":"The Mausoleum","floor":21,"gold_loss":0,"cards_obtained":["Writhe"]},{"damage_healed":0,"gold_gain":250,"player_choice":"Bet on Owner","damage_taken":0,"max_hp_gain":0,"max_hp_loss":0,"event_name":"The Joust","floor":28,"gold_loss":50},{"damage_healed":0,"gold_gain":0,"player_choice":"Memory 1","damage_taken":0,"max_hp_gain":0,"max_hp_loss":0,"event_name":"SensoryStone","floor":39,"gold_loss":0}],"is_beta":false,"boss_relics":[{"not_picked":["Busted Crown","Runic Dome"],"picked":"SlaversCollar"},{"not_picked":["Snecko Eye","Inserter"],"picked":"Coffee Dripper"}],"items_purged_floors":[22,37],"is_endless":false,"potions_floor_spawned":[3,7,13,14,16,18,25,30,31,36],"killed_by":"Giant Head","ascension_level":1}}