{"host":"srk2drlvga69hbot","time":1611524655,"event":{"mods":["BaseMod","Bestiary","Block Reminder","Colored Map","Colored Powertips","Dark Map","DeckTracker","Highlight Path","Minty Spire (QoL Compilation)","Quick Restart","Rare Cards Sparkle","Relic Stats","SuperFastMode","Unceasing Turn Reminder"],"gold_per_floor":[114,134,309,85,85,101,131,131,131,131,81,81,81],"floor_reached":12,"language":"ZHS","playtime":457,"items_purged":["Doubt"],"score":103,"play_id":"c375e66a-d6d7-4f5d-87fe-4844bbbeabff","local_time":"20210125054415","is_ascension_mode":true,"campfire_choices":[{"data":"Prepared","floor":8,"key":"SMITH"},{"floor":10,"key":"REST"}],"circlet_count":0,"master_deck":["Strike_G","Strike_G","Strike_G","Defend_G","Defend_G","Defend_G","Defend_G","Defend_G","Survivor","Neutralize","Concentrate","Acrobatics","Grand Finale","Prepared+1"],"relics":["Ring of the Snake","NeowsBlessing","Pen Nib","HornCleat","Juzu Bracelet"],"acts_visited":["Exordium"],"potions_floor_usage":[7],"damage_taken":[{"damage":0,"enemies":"Cultist","floor":1,"turns":1},{"damage":0,"enemies":"Small Slimes","floor":2,"turns":1},{"damage":0,"enemies":"2 Louse","floor":6,"turns":1},{"damage":37,"enemies":"3 Sentries","floor":7,"turns":6},{"damage":41,"enemies":"Gremlin Nob","floor":12,"turns":7}],"seed_played":"330799556300073270","potions_obtained":[{"floor":1,"key":"SpeedPotion"},{"floor":2,"key":"Explosive Potion"}],"is_trial":false,"path_per_floor":["M","M","?","$","?","M","E","R","T","R","?","E"],"character_chosen":"THE_SILENT","items_purchased":["Pen Nib"],"campfire_rested":1,"item_purchase_floors":[4],"current_hp_per_floor":[63,63,63,63,63,63,26,26,26,47,47,6,6],"gold":81,"neow_bonus":"THREE_ENEMY_KILL","is_daily":false,"chose_seed":false,"campfire_upgraded":1,"win_rate":0.0,"timestamp":1611524655,"path_taken":["M","?","?","$","?","M","E","R","T","R","?","E"],"items_purchased_type":["Relic"],"build_version":"2020-12-22","purchased_purges":1,"victory":false,"max_hp_per_floor":[70,70,70,70,70,70,70,70,70,70,70,70,70],"relic_stats":{"counters":[5,16],"Pen Nib":[2],"Juzu Bracelet":1,"obtain_stats":[{"HornCleat":7,"NeowsBlessing":0,"Pen Nib":4,"Juzu Bracelet":9,"Ring of the Snake":0},{"HornCleat":4,"NeowsBlessing":0,"Pen Nib":2,"Juzu Bracelet":4,"Ring of the Snake":0},{"HornCleat":9,"NeowsBlessing":0,"Pen Nib":2,"Juzu Bracelet":9,"Ring of the Snake":0}],"Ring of the Snake":[10]},"card_choices":[{"not_picked":["Eviscerate","Blade Dance"],"picked":"Concentrate","floor":1},{"not_picked":["Poisoned Stab","PiercingWail"],"picked":"Acrobatics","floor":2},{"not_picked":["Deadly Poison","Escape Plan"],"picked":"Grand Finale","floor":6},{"not_picked":["PiercingWail","Setup"],"picked":"Prepared","floor":7}],"player_experience":233953,"relics_obtained":[{"floor":7,"key":"HornCleat"},{"floor":9,"key":"Juzu Bracelet"}],"event_choices":[{"damage_healed":0,"gold_gain":175,"player_choice":"AGREE","damage_taken":0,"max_hp_gain":0,"max_hp_loss":0,"event_name":"Liars Game","floor":3,"gold_loss":0,"cards_obtained":["Doubt"]},{"cards_removed":["Strike_G"],"damage_healed":0,"gold_gain":0,"player_choice":"Purged","damage_taken":0,"max_hp_gain":0,"max_hp_loss":0,"event_name":"Purifier","floor":5,"gold_loss":0},{"cards_removed":["Strike_G"],"damage_healed":0,"gold_gain":0,"player_choice":"Card Removal","damage_taken":0,"max_hp_gain":0,"max_hp_loss":0,"event_name":"The Cleric","floor":11,"gold_loss":50}],"is_beta":false,"boss_relics":[],"items_purged_floors":[4],"is_endless":false,"potions_floor_spawned":[1,2],"killed_by":"Gremlin Nob","ascension_level":7}}