{"host":"ecuvtzmejf7hhjpv","time":1611509074,"event":{"mods":["AchievementEnabler","Act Like it!","Aspiration","BaseMod","Better Altar","Better Match","Better Note","Better Sensory Stone","Better Skull","Better Third Choice","BetterRewards","Conspire","Custom Start","Gensokyo","GifTheSpireLib","Hallownest","Hermit","Hubris","Kratos Character Expansion","Luminous","Marisa????????","Minty Spire (QoL Compilation)","Prisma Mod","Remilia??????","Replay The Spire","Robot Space Explorer","Spicy Shops","StSLib","The Animator","The Blackbeard","The Bug Knight","The Construct","The Cursed","The Disciple","The Dragon Tamer","The Forsaken","The Hierophant","The Jungle","The Marked","The Necromancer","The Poker Player","The Wild Card","TheSwordswoman"],"gold_per_floor":[109,120,133,152,166,196,196,214,240,288,288,336,336,404,404,578,578,679,774,369,466,32,149,227,373,400,400,400,558,498,639,639,827,827,937,1043,1043],"floor_reached":36,"language":"ENG","playtime":1865,"items_purged":[],"score":703,"play_id":"f92ac3d0-cb22-48af-9fd0-b3224452fc43","local_time":"20210124112434","is_ascension_mode":true,"campfire_choices":[{"data":"HollowMod:CycloneSlash","floor":7,"key":"SMITH"},{"data":"PrismaMod:MiyuEvokeBuffStr","floor":15,"key":"SMITH"},{"data":"PrismaMod:IllyaUberDefendChannel","floor":28,"key":"SMITH"},{"floor":32,"key":"DIG"}],"circlet_count":0,"master_deck":["DTMod:ShieldDrain+1","Strike_G","Strike_G+1","Strike_G","Strike_G+1","Strike_G","Defend_G","Defend_G","Defend_G","Defend_G","Defend_G+1","Survivor","Neutralize","Hidden Blade","Hidden Blade","animator:Kaijin+1","Gensokyo:SalamanderShield","theWildCard:IdentityTheft","PrismaMod:IllyaUberDefendChannel+1","HollowMod:CycloneSlash+1","Terror","PrismaMod:MiyuEvokeBuffStr+1","WitchOfGreed+1","theForsaken:DesperatePlea+1","PrismaMod:ChloeExhaustOne+1","Wireheading+1","Accuracy+1","Hidden Blade","Mayhem+1","Impervious","FlyingSleeves","theForsaken:SpinAttack","Secret Weapon","PrismaMod:IllyaPoisonTippedWeapons+1"],"relics":["Ring of the Snake","PrismaticShard","Frozen Egg 2","Boot","Calipers","Darkstone Periapt","Replay:Bandana","conspire:TopHat","hubris:Icosahedron","BranchBurnRelic","Ring of Chaos","theForsaken:Lifeblossom","Kunai","Strange Spoon","Garlic","Pet Ghost","Strawberry","Simple Rune","Incense Burner","Black Star"],"acts_visited":["Exordium","TheCity","TheBeyond"],"potions_floor_usage":[6,10,12,12,14,16,18,19,21,23,24,25,31,31,35,36,36],"damage_taken":[{"damage":0,"enemies":"conspire:RoseBush","floor":1,"turns":4},{"damage":0,"enemies":"Small Slimes","floor":2,"turns":2},{"damage":0,"enemies":"Cultist","floor":3,"turns":3},{"damage":2,"enemies":"Exordium Thugs","floor":4,"turns":6},{"damage":5,"enemies":"Blue Slaver","floor":5,"turns":3},{"damage":4,"enemies":"3 Sentries","floor":6,"turns":6},{"damage":0,"enemies":"2 Fungi Beasts","floor":8,"turns":3},{"damage":0,"enemies":"HollowMod:MossKnight","floor":10,"turns":6},{"damage":16,"enemies":"Gremlin Nob","floor":12,"turns":4},{"damage":1,"enemies":"Looter","floor":14,"turns":4},{"damage":8,"enemies":"Hexaghost","floor":16,"turns":9},{"damage":0,"enemies":"Chosen","floor":18,"turns":5},{"damage":17,"enemies":"Shell Parasite","floor":19,"turns":5},{"damage":26,"enemies":"Centurion and Healer","floor":21,"turns":6},{"damage":0,"enemies":"HollowMod:Nosk","floor":23,"turns":7},{"damage":16,"enemies":"Snake Plant","floor":24,"turns":5},{"damage":9,"enemies":"conspire:Head Lice","floor":25,"turns":9},{"damage":11,"enemies":"conspire:HollyBat","floor":29,"turns":9},{"damage":18,"enemies":"Gremlin Leader","floor":31,"turns":8},{"damage":56,"enemies":"conspire:MysteriousRune","floor":33,"turns":10},{"damage":45,"enemies":"3 Darklings","floor":35,"turns":9},{"damage":53,"enemies":"2 Orb Walkers","floor":36,"turns":4}],"seed_played":"-4561468193877993284","potions_obtained":[{"floor":1,"key":"Venom Potion"},{"floor":3,"key":"Reflective Coating"},{"floor":6,"key":"ColorlessPotion"},{"floor":13,"key":"ColorlessPotion"},{"floor":13,"key":"CultistPotion"},{"floor":13,"key":"Regen Potion"},{"floor":14,"key":"DistilledChaos"},{"floor":16,"key":"DistilledChaos"},{"floor":18,"key":"Strength Potion"},{"floor":21,"key":"LiquidMemories"},{"floor":21,"key":"LiquidBronze"},{"floor":23,"key":"Poison Potion"},{"floor":25,"key":"Poison Potion"},{"floor":29,"key":"FearPotion"},{"floor":33,"key":"Swift Potion"},{"floor":33,"key":"Dexterity Potion"}],"is_trial":false,"path_per_floor":["M","M","M","M","M","E","R","M","T","E","?","E","?","M","R","B",null,"M","M","$","M","$","E","M","E","T","?","R","M","?","E","R","B",null,"M","?"],"character_chosen":"THE_SILENT","items_purchased":["PrismaticShard","Frozen Egg 2","Boot","Calipers","Hidden Blade","SkillPotion","Reflective Coating","theForsaken:Lifeblossom","Kunai","Accuracy+1","Hidden Blade","Strange Spoon","Mayhem+1"],"campfire_rested":0,"item_purchase_floors":[0,0,0,0,0,0,0,20,20,22,22,22,22],"current_hp_per_floor":[38,38,38,36,31,27,27,27,27,27,27,11,11,22,22,29,70,70,53,53,33,33,39,29,26,33,33,33,58,58,46,46,26,77,32,0,0],"gold":1043,"neow_bonus":"","is_daily":false,"chose_seed":false,"campfire_upgraded":3,"win_rate":0.0,"timestamp":1611509074,"path_taken":["M","M","M","M","M","E","R","M","T","E","?","E","?","M","R","BOSS","M","M","$","M","$","E","M","E","T","?","R","M","?","E","R","BOSS","M","?"],"items_purchased_type":["Relic","Relic","Relic","Relic","Card","Potion","Potion","Relic","Relic","Card","Card","Relic","Card"],"build_version":"2020-12-22","purchased_purges":0,"victory":false,"max_hp_per_floor":[70,70,70,70,70,70,70,70,70,70,70,70,70,70,70,70,70,70,70,70,70,70,70,70,70,77,77,77,77,77,77,77,77,77,77,77,77],"card_choices":[{"not_picked":["PrismaMod:IllyaCheapDefend","blazmod:FortifiedVigor"],"picked":"animator:Kaijin+1","floor":1},{"not_picked":["FlurryOfBlows","DTMod:MagiciansMark"],"picked":"Gensokyo:SalamanderShield","floor":2},{"not_picked":["HollowMod:MantisMark","RobotSpaceExplorer:SwiftStep"],"picked":"theWildCard:IdentityTheft","floor":3},{"not_picked":["DTMod:MagicField","RobotSpaceExplorer:StunGrenade"],"picked":"PrismaMod:IllyaUberDefendChannel","floor":4},{"not_picked":["hermit:Enervate","animator:Ara","animator:Sebas"],"picked":"SKIP","floor":5},{"not_picked":["ReplayTheSpireMod:Uncanny Aura","hermit:BodyArmor"],"picked":"HollowMod:CycloneSlash","floor":6},{"not_picked":["TheCursedMod:TacticalStrike","hermit:Misfire"],"picked":"Terror","floor":8},{"not_picked":["PrismaMod:ChloeRuleBreaker","Shade_Step"],"picked":"PrismaMod:MiyuEvokeBuffStr","floor":10},{"not_picked":["HollowMod:HowlingWraiths","TheCursedMod:ForbiddenAlchemy"],"picked":"WitchOfGreed+1","floor":12},{"not_picked":["blackbeard:DoubleBottom","BasicCrystalCard","animator:Vanir"],"picked":"SKIP","floor":14},{"not_picked":["blackbeard:Murder","Luminous:Equalize_Luminous"],"picked":"theForsaken:DesperatePlea+1","floor":16},{"not_picked":["Luminous:Darks_Surge_Luminous+1","PrismaMod:MiyuCheapAttack2"],"picked":"PrismaMod:ChloeExhaustOne+1","floor":18},{"not_picked":["DTMod:MasterPlan","HollowMod:ShadowDash"],"picked":"Wireheading+1","floor":19},{"not_picked":["ReplayTheSpireMod:Scrap Shanks+1","Bone_Spikes+1","construct:Analyze"],"picked":"SKIP","floor":21},{"not_picked":["Underhanded Strike+1","Bones_to_Steel+1"],"picked":"Impervious","floor":23},{"not_picked":["Negative_Energy_Shield","construct:SuppressiveFire","DTMod:MagicField"],"picked":"SKIP","floor":24},{"not_picked":["DTMod:BlueScale","theMarked:Indomitable"],"picked":"FlyingSleeves","floor":25},{"not_picked":["hierophant:Exaltation+1","Luminous:Dark_Raid","UnstableMagic+1"],"picked":"SKIP","floor":29},{"not_picked":["theWildCard:IdentityTheft","animator:Alexander"],"picked":"theForsaken:SpinAttack","floor":31},{"not_picked":["Impervious","Bludgeon"],"picked":"Secret Weapon","floor":33},{"not_picked":["Dagger Spray+1","Compile Driver+1"],"picked":"PrismaMod:IllyaPoisonTippedWeapons+1","floor":35}],"player_experience":979146,"relics_obtained":[{"floor":6,"key":"Darkstone Periapt"},{"floor":9,"key":"Replay:Bandana"},{"floor":10,"key":"conspire:TopHat"},{"floor":12,"key":"Dead Branch"},{"floor":23,"key":"Garlic"},{"floor":25,"key":"Pet Ghost"},{"floor":26,"key":"Strawberry"},{"floor":31,"key":"Simple Rune"},{"floor":32,"key":"Incense Burner"}],"event_choices":[{"damage_healed":0,"gold_gain":0,"player_choice":"Got Potions","damage_taken":0,"max_hp_gain":0,"max_hp_loss":0,"event_name":"Lab","floor":13,"gold_loss":0},{"cards_removed":["Strike_G"],"damage_healed":0,"gold_gain":0,"player_choice":"Give","damage_taken":0,"max_hp_gain":0,"max_hp_loss":0,"event_name":"betterNote:BetterNote","floor":27,"gold_loss":0,"cards_obtained":["Strike_G"]},{"damage_healed":0,"gold_gain":0,"player_choice":"Fight","damage_taken":0,"max_hp_gain":0,"max_hp_loss":0,"event_name":"Mysterious Sphere","floor":36,"gold_loss":0}],"is_beta":false,"boss_relics":[{"not_picked":["aspiration:WatcherSkillbook","Sozu"],"picked":"Ring of Chaos"},{"not_picked":["construct:WeddingRing","Busted Crown"],"picked":"Black Star"}],"items_purged_floors":[],"is_endless":false,"potions_floor_spawned":[1,2,3,6,16,18,21,25,33],"killed_by":"2 Orb Walkers","ascension_level":1}}