{"host":"svjsz61ic7qdyp36","time":1611483571,"event":{"mods":["BaseMod","Colored Map","Colored Powertips","Downfall","Hermit","Infinite Spire","Marisa????????","Minty Spire (QoL Compilation)","StSLib","The Servant 0.9.4"],"gold_per_floor":[199,210,60,79,91,106,106,6,20,34,47,65,65,79,98,98,98,98],"floor_reached":16,"language":"ENG","playtime":643,"items_purged":[],"score":100,"play_id":"e563d6fb-7261-403f-8509-192893b6c726","local_time":"20210124101931","is_ascension_mode":false,"campfire_choices":[{"floor":1,"key":"RECALL"},{"data":"hexamod:RainOfEmbers","floor":8,"key":"SMITH"},{"data":"hexamod:ExtraCrispy","floor":13,"key":"SMITH"}],"circlet_count":0,"master_deck":["hexamod:Strike","hexamod:Strike","hexamod:Strike","hexamod:Strike","hexamod:Defend","hexamod:Defend","hexamod:Defend","hexamod:Defend","hexamod:Sear","hexamod:Float","hexamod:SwordOfDarkness","hexamod:RainOfEmbers+1","hexamod:ThermalTransfer","hexamod:SpectralAdrenaline","hexamod:UnleashSpirits","hexamod:BurningTouch","hexamod:ExtraCrispy+1","hexamod:EmpoweredFlame","hexamod:HeatShield","hexamod:CatchUp"],"relics":["hexamod:SpiritBrand","infinitespire:FocusingShard","downfall:HeartBlessingRed"],"acts_visited":["Exordium"],"potions_floor_usage":[14,14,15],"damage_taken":[{"damage":3,"enemies":"Jaw Worm","floor":2,"turns":3},{"damage":0,"enemies":"Cultist","floor":4,"turns":3},{"damage":0,"enemies":"Small Slimes","floor":5,"turns":3},{"damage":8,"enemies":"Red Slaver","floor":6,"turns":3},{"damage":5,"enemies":"Gremlin Gang","floor":9,"turns":3},{"damage":1,"enemies":"Exordium Wildlife","floor":10,"turns":3},{"damage":8,"enemies":"Large Slime","floor":11,"turns":5},{"damage":7,"enemies":"Blue Slaver","floor":12,"turns":3},{"damage":14,"enemies":"3 Louse","floor":14,"turns":3},{"damage":6,"enemies":"2 Fungi Beasts","floor":15,"turns":3},{"damage":35,"enemies":"WA_ARCHETYPE_RETAIN","floor":16,"turns":6}],"seed_played":"6855568991885333715","potions_obtained":[{"floor":2,"key":"hexamod:EctoCoolerPotion"},{"floor":4,"key":"Energy Potion"},{"floor":6,"key":"GamblersBrew"},{"floor":14,"key":"Explosive Potion"}],"is_trial":false,"path_per_floor":["R","M","?","M","M","M","T","R","M","M","M","M","R","M","M","B"],"character_chosen":"THE_SPIRIT","items_purchased":[],"campfire_rested":0,"item_purchase_floors":[],"current_hp_per_floor":[70,67,80,80,80,72,72,72,67,66,58,51,51,37,31,0,0,0],"gold":98,"neow_bonus":"HUNDRED_GOLD","is_daily":false,"chose_seed":false,"campfire_upgraded":2,"win_rate":0.0,"timestamp":1611483571,"path_taken":["R","M","?","M","M","M","T","R","M","M","M","?","R","M","M","BOSS"],"items_purchased_type":[],"build_version":"2020-12-22","purchased_purges":0,"victory":false,"max_hp_per_floor":[70,70,80,80,80,80,80,80,80,80,80,80,80,80,80,80,80,80],"card_choices":[{"not_picked":["hexamod:AdvancingGuard","hexamod:BacktrackSmack"],"picked":"hexamod:SwordOfDarkness","floor":2},{"not_picked":["hexamod:Firestarter","hexamod:HeatCrush"],"picked":"hexamod:RainOfEmbers","floor":4},{"not_picked":["hexamod:InspiringFlames","hexamod:SwordOfDarkness"],"picked":"hexamod:ThermalTransfer","floor":5},{"not_picked":["hexamod:NightmareStrike","hexamod:FastForward"],"picked":"hexamod:SpectralAdrenaline","floor":6},{"not_picked":["hexamod:RetreatToShadows","hexamod:ThermalTransfer"],"picked":"hexamod:UnleashSpirits","floor":9},{"not_picked":["hexamod:RecurringNightmare","hexamod:AdvancingGuard"],"picked":"hexamod:BurningTouch","floor":10},{"not_picked":["hexamod:BacktrackSmack","hexamod:AdvancingGuard"],"picked":"hexamod:ExtraCrispy","floor":11},{"not_picked":["hexamod:HauntingEcho","hexamod:BurningTouch"],"picked":"hexamod:EmpoweredFlame","floor":12},{"not_picked":["hexamod:GhostflameBarrier","hexamod:NightmareStrike"],"picked":"hexamod:HeatShield","floor":14},{"not_picked":["hexamod:Incineration","hexamod:GhostShield"],"picked":"hexamod:CatchUp","floor":15}],"player_experience":242257,"relics_obtained":[{"floor":7,"key":"infinitespire:FocusingShard"}],"event_choices":[],"is_beta":false,"boss_relics":[],"items_purged_floors":[],"is_endless":false,"potions_floor_spawned":[2,4,6,14],"killed_by":"WA_ARCHETYPE_RETAIN","ascension_level":0}}