{"host":"yt8tirjpas3zupuf","time":1611505742,"event":{"mods":["Act Like it!","Arknights The Spire","BaseMod","Colored Powertips","Gensokyo","Lobotomy","LobotomyExtend","Minty Spire (QoL Compilation)","Replay The Spire","StSLib","The Bug Knight"],"gold_per_floor":[117,117,117,137,67,67,144,144,144,177,68,88,101,321,321,321,321],"floor_reached":16,"language":"ZHS","playtime":724,"items_purged":[],"score":100,"play_id":"629f20a8-a2ea-412a-ab64-7ff9b45c39ab","local_time":"20210125002902","is_ascension_mode":false,"campfire_choices":[{"data":"Lockon","floor":8,"key":"SMITH"},{"floor":15,"key":"DIG"}],"circlet_count":0,"master_deck":["Strike_B","Strike_B","Strike_B","Strike_B","Defend_B+1","Defend_B+1","Defend_B","Defend_B","Zap","Dualcast","Laetitia","Lockon+1","CrumblingArmor","Ball Lightning","Injury","Scorched","Panic Button","Gensokyo:DepletedGenerator","Wellcheers","Leap","Woodsman","Loop","NakedNest","BootSequence"],"relics":["Cracked Core","CogitoBucket","LetterFromLob","Gensokyo:PortableGap","InkBottle","Replay:Accelerometer","Sundial","Garlic","Bronze Scales","HellTrain","Bottled Tornado"],"acts_visited":["Exordium"],"potions_floor_usage":[],"damage_taken":[{"damage":9,"enemies":"Gensokyo:2_Kodama","floor":1,"turns":4},{"damage":1,"enemies":"Gensokyo:Python","floor":4,"turns":3},{"damage":22,"enemies":"Gensokyo:Aya","floor":10,"turns":4},{"damage":0,"enemies":"Gensokyo:3_Fairies","floor":12,"turns":4},{"damage":7,"enemies":"Gensokyo:VengefulSpirit","floor":13,"turns":4},{"damage":7,"enemies":"Gensokyo:3_Kodama","floor":14,"turns":4},{"damage":64,"enemies":"Gensokyo:Kokoro","floor":16,"turns":5}],"seed_played":"762082021939647654","potions_obtained":[{"floor":1,"key":"SteroidPotion"},{"floor":4,"key":"Weak Potion"},{"floor":14,"key":"LifebloodPotion"}],"is_trial":false,"path_per_floor":["M","?","?","M","?","?","T","R","T","E","COS","M","M","M","R","B"],"character_chosen":"DEFECT","items_purchased":[],"campfire_rested":0,"item_purchase_floors":[],"current_hp_per_floor":[66,66,68,67,67,67,67,67,67,45,45,45,41,52,52,0,0],"gold":321,"neow_bonus":"","is_daily":false,"chose_seed":false,"campfire_upgraded":1,"win_rate":0.0,"timestamp":1611505742,"path_taken":["M","?","?","M","?","?","?","R","T","E","COS","M","?","M","R","BOSS"],"items_purchased_type":[],"build_version":"2020-12-22","purchased_purges":0,"victory":false,"max_hp_per_floor":[75,68,68,68,68,68,68,68,68,68,68,68,68,68,68,68,68],"card_choices":[{"not_picked":["RedShoes","SilentOrchestra"],"picked":"Laetitia","floor":1},{"not_picked":["Sweeping Beam","Crystallizer"],"picked":"Lockon","floor":1},{"not_picked":["Murderer","WallGazer"],"picked":"CrumblingArmor","floor":4},{"not_picked":["Beam Cell","Leap"],"picked":"Ball Lightning","floor":4},{"not_picked":["QueenBee","OSAHOGD"],"picked":"Scorched","floor":10},{"not_picked":["Sweeping Beam","Double Energy"],"picked":"Panic Button","floor":10},{"not_picked":["ShyLook","Scarecrow"],"picked":"Wellcheers","floor":12},{"not_picked":["Stack","Defragment"],"picked":"Leap","floor":12},{"not_picked":["UniverseFragment","Variant","OldLady"],"picked":"Singing Bowl","floor":13},{"not_picked":["MeatLantern","FairyFestival"],"picked":"Woodsman","floor":13},{"not_picked":["Go for the Eyes","Ball Lightning"],"picked":"Loop","floor":13},{"not_picked":["Funeral","WhitesApple","CherryBlossoms"],"picked":"Singing Bowl","floor":14},{"not_picked":["Bloodbath","BeautyBeast"],"picked":"NakedNest","floor":14},{"not_picked":["Hologram","ReplaySolidLightProjector"],"picked":"BootSequence","floor":14}],"player_experience":76306,"relics_obtained":[{"floor":1,"key":"LetterFromLob"},{"floor":7,"key":"Replay:Accelerometer"},{"floor":9,"key":"Sundial"},{"floor":10,"key":"Garlic"},{"floor":15,"key":"Bottled Tornado"}],"event_choices":[],"is_beta":false,"boss_relics":[],"items_purged_floors":[],"is_endless":false,"potions_floor_spawned":[1,4,14],"killed_by":"Gensokyo:Kokoro","ascension_level":0}}