{"host":"gtv41eena9h15rk5","time":1611480197,"event":{"mods":["BaseMod","Colored Powertips","Downfall","Marisa£®ÏF”Í°°ƒß¿Ì…≥£©","Minty Spire (QoL Compilation)","Replay The Spire","Shop Mod","StSLib","The Bug Knight","The Construct","The Cursed","The Runesmith","The Servant 0.9.4","[IsaacMod]“‘»ˆº‚À˛"],"gold_per_floor":[215,215,238,251,31,64,64,77,77,140,167,167,184,209,209,307,307,318,55,67,15,30,30,58,58,58,58,33,33,62,314,314,419,419,438,452,229,239,289,289,300,300,300,317,369,396,396,406,406,406],"floor_reached":51,"language":"ZHS","playtime":2653,"items_purged":["Regret","downfall:Aged","Defend_R"],"score":1035,"play_id":"996cabf9-52d8-463d-80b3-0468160e0932","local_time":"20210124172317","is_ascension_mode":true,"campfire_choices":[{"data":"Combust","floor":7.0,"key":"SMITH"},{"floor":15.0,"key":"RECALL"},{"data":"Impervious","floor":23.0,"key":"SMITH"},{"floor":25.0,"key":"REST"},{"data":"Seeing Red","floor":27.0,"key":"SMITH"},{"floor":32,"key":"REST"},{"data":"Limit Break","floor":40,"key":"SMITH"},{"data":"ReplayTheSpireMod:Stacked","floor":42,"key":"SMITH"},{"data":"True Grit","floor":49,"key":"SMITH"}],"circlet_count":0,"master_deck":["Strike_R+1","Strike_R","Strike_R","Defend_R","Spot Weakness+1","Seeing Red+1","Combust+1","Battle Trance","True Grit+1","Impervious+1","Flame Barrier+1","ReplayTheSpireMod:Brewmster+1","Shrug It Off","Ghostly Armor+1","Metallicize+1","Rupture+1","Reaper+1","Whirlwind+1","ReplayTheSpireMod:Stacked+1","Limit Break+1","Heavy Blade+1","Heavy Blade+1","Wraith","Infernal Blade"],"relics":["Burning Blood","HushsDoor","YumHeart","Potion Belt","MerchantsRug","Mango","Frozen Egg 2","Chameleon Ring","BelialBook","HornCleat","Membership Card","Molten Egg 2","Kunai","Bottled Tornado","CaptainsWheel","Prayer Wheel","Pondfish Scales","Shuriken","Matryoshka","Smiling Mask","InkBottle","MagicMushroom","Mirror","Pen Nib","TheBattery","Du-Vu Doll","Chaos","D4","Emotion Chip"],"acts_visited":["Exordium","TheCity","TheBeyond"],"potions_floor_usage":[31,31,33,33,33,33,33,33,33,33,35,36,36,38,38,39,41,41,44,44,44,45,45,45,46,46,46,46,46,48,48,50,50,50,50,50,50,50,50],"damage_taken":[{"damage":13.0,"enemies":"Jaw Worm","floor":1.0,"turns":5.0},{"damage":6.0,"enemies":"2 Louse","floor":4.0,"turns":3.0},{"damage":28.0,"enemies":"Gremlin Nob","floor":6.0,"turns":4.0},{"damage":0.0,"enemies":"Cultist","floor":8.0,"turns":2.0},{"damage":30.0,"enemies":"Lagavulin Event","floor":10.0,"turns":5.0},{"damage":40.0,"enemies":"Lagavulin","floor":11.0,"turns":6.0},{"damage":1.0,"enemies":"2 Fungi Beasts","floor":13.0,"turns":2.0},{"damage":32.0,"enemies":"3 Sentries","floor":14.0,"turns":5.0},{"damage":15.0,"enemies":"Hexaghost","floor":16.0,"turns":7.0},{"damage":50.0,"enemies":"Shell Parasite","floor":18.0,"turns":6.0},{"damage":32.0,"enemies":"Spheric Guardian","floor":20.0,"turns":8.0},{"damage":23.0,"enemies":"Snake Plant","floor":22.0,"turns":5.0},{"damage":29.0,"enemies":"Book of Stabbing","floor":24.0,"turns":6.0},{"damage":47.0,"enemies":"Gremlin Leader","floor":30.0,"turns":7.0},{"damage":100000018,"enemies":"Chosen and Byrds","floor":31,"turns":5},{"damage":30,"enemies":"Collector","floor":33,"turns":9},{"damage":20,"enemies":"3 Shapes","floor":35,"turns":5},{"damage":0,"enemies":"Orb Walker","floor":36,"turns":3},{"damage":79,"enemies":"Transient","floor":38,"turns":5},{"damage":22,"enemies":"Mind Bloom Boss Battle","floor":39,"turns":5},{"damage":2,"enemies":"3 Darklings","floor":41,"turns":3},{"damage":15,"enemies":"Spire Growth","floor":44,"turns":4},{"damage":12,"enemies":"2 Orb Walkers","floor":45,"turns":4},{"damage":6,"enemies":"Nemesis","floor":46,"turns":7},{"damage":1,"enemies":"Jaw Worm Horde","floor":48,"turns":4},{"damage":32,"enemies":"Awakened One","floor":50,"turns":7}],"seed_played":"-1948798332694857271","potions_obtained":[{"floor":1.0,"key":"Fire Potion"},{"floor":10.0,"key":"PowerPotion"},{"floor":14.0,"key":"Ancient Potion"},{"floor":16.0,"key":"construct:ShiftPotion"},{"floor":20.0,"key":"CultistPotion"},{"floor":22.0,"key":"Fire Potion"},{"floor":31,"key":"SkillPotion"},{"floor":31,"key":"Fire Potion"},{"floor":33,"key":"Milkshake"},{"floor":46,"key":"BloodPotion"}],"is_trial":false,"path_per_floor":["M","?","T","M","$","E","R","M","T","?","E","?","M","E","R","B",null,"M","$","M","$","M","R","E","R","T","R","$","?","E","M","R","B",null,"M","M","$","M","?","R","M","R","T","M","?","E","?","M","R","B",null],"character_chosen":"IRONCLAD","items_purchased":["MerchantsRug","Combust","Membership Card","ReplayTheSpireMod:Brewmster+1","Shrug It Off","Swift Potion","Block Potion","Ghostly Armor+1","Metallicize+1","Reaper+1","Bottled Tornado","Mirror","Pen Nib","TheBattery"],"campfire_rested":2,"item_purchase_floors":[5,5,19,19,19,19,19,21,21,28,28,37,37,37],"current_hp_per_floor":[73,73,73,73,73,90,90,94,94,70,61,61,66,40,40,31,78,59,59,61,61,44,44,21,49,49,49,49,80,61,47,75,88,100,87,94,94,83,68,68,73,73,73,65,96,101,101,101,101,75],"gold":406,"neow_bonus":"HUNDRED_GOLD","is_daily":false,"chose_seed":false,"campfire_upgraded":6,"win_rate":0.0,"timestamp":1611480197,"path_taken":["M","?","?","M","$","E","R","?","T","?","E","?","M","E","R","BOSS","M","$","M","$","M","R","E","R","T","R","$","?","E","M","R","BOSS","M","M","$","M","?","R","?","R","T","M","?","E","?","M","R","BOSS"],"items_purchased_type":["Relic","Card","Relic","Card","Card","Potion","Potion","Card","Card","Card","Relic","Relic","Relic","Relic"],"build_version":"2020-12-22","purchased_purges":3,"victory":true,"max_hp_per_floor":[80,80,80,80,80,94,94,94,94,94,94,94,94,94,94,94,94,94,94,94,94,94,94,94,94,94,94,94,94,94,94,94,94,101,101,101,101,101,101,101,101,101,101,101,101,101,101,101,101,101],"card_choices":[{"not_picked":[],"picked":"SuicideKing","floor":0.0},{"not_picked":["Shrug It Off","Replay:Undeath\u0027s Touch"],"picked":"Spot Weakness","floor":1.0},{"not_picked":["Clothesline","Run Through"],"picked":"Seeing Red","floor":4.0},{"not_picked":["Headbutt","Run Through","Infernal Blade"],"picked":"SKIP","floor":6.0},{"not_picked":["Seeing Red","Run Through","Flex"],"picked":"SKIP","floor":8.0},{"not_picked":["Wild Strike","Replay:Undeath\u0027s Touch"],"picked":"Battle Trance","floor":11.0},{"not_picked":["Wild Strike","ReplayTheSpireMod:Muscle Training","Rampage"],"picked":"SKIP","floor":13.0},{"not_picked":["Iron Wave","Eclipse"],"picked":"True Grit","floor":14.0},{"not_picked":["Bludgeon","Double Tap"],"picked":"Impervious","floor":16.0},{"not_picked":["Intimidate","ReplayTheSpireMod:Strike From Hell+1"],"picked":"Flame Barrier+1","floor":18.0},{"not_picked":["Perfected Strike","Headbutt+1","Anger+1"],"picked":"SKIP","floor":20.0},{"not_picked":["Carnage","Cleave"],"picked":"Rupture+1","floor":22.0},{"not_picked":["Twin Strike+1","Clothesline+1","Flex+1"],"picked":"SKIP","floor":24.0},{"not_picked":["Uppercut+1","Replay:Undeath\u0027s Touch+1","Rage"],"picked":"SKIP","floor":30.0},{"not_picked":["Wild Strike+1","Flex"],"picked":"Whirlwind+1","floor":31},{"not_picked":["Evolve+1","Life Link+1"],"picked":"ReplayTheSpireMod:Stacked","floor":31},{"not_picked":["Thunderclap+1","Warcry","ReplayTheSpireMod:Corrosion Curse+1"],"picked":"SKIP","floor":31},{"not_picked":["Eclipse","Corruption+1"],"picked":"Limit Break","floor":33},{"not_picked":["Reckless Charge+1","Thunderclap+1","Clothesline+1"],"picked":"SKIP","floor":35},{"not_picked":["Ghostly Armor","Dark Embrace+1","Flex+1"],"picked":"SKIP","floor":35},{"not_picked":["Flex+1","Carnage+1"],"picked":"Heavy Blade+1","floor":36},{"not_picked":["Iron Wave+1","ReplayTheSpireMod:Strike From Hell+1","Armaments"],"picked":"SKIP","floor":36},{"not_picked":["Feel No Pain+1","Clothesline+1","Havoc"],"picked":"SKIP","floor":38},{"not_picked":["Clash+1","Sword Boomerang+1","Warcry"],"picked":"SKIP","floor":38},{"not_picked":["Wild Strike+1","Armaments"],"picked":"Heavy Blade+1","floor":39},{"not_picked":["Immolate+1","Dual Wield+1","Carnage+1"],"picked":"SKIP","floor":41},{"not_picked":["Sword Boomerang+1","Flame Barrier+1","Cleave+1"],"picked":"SKIP","floor":41},{"not_picked":["Rupture+1","Headbutt+1","Havoc"],"picked":"SKIP","floor":44},{"not_picked":["Iron Wave+1","ReplayTheSpireMod:Corrosion Curse+1","Anger+1"],"picked":"SKIP","floor":44},{"not_picked":["Iron Wave+1","Flex","Pummel+1"],"picked":"SKIP","floor":46},{"not_picked":["Wild Strike+1","Anger+1"],"picked":"Infernal Blade","floor":48},{"not_picked":["Carnage+1","Clash+1","Run Through+1"],"picked":"SKIP","floor":48},{"not_picked":["Carnage+1","Clash+1","Run Through+1"],"picked":"SKIP","floor":48}],"player_experience":218623,"relics_obtained":[{"floor":3.0,"key":"Potion Belt"},{"floor":6.0,"key":"Mango"},{"floor":9.0,"key":"Frozen Egg 2"},{"floor":10.0,"key":"Chameleon Ring"},{"floor":11.0,"key":"BelialBook"},{"floor":14.0,"key":"HornCleat"},{"floor":24.0,"key":"Molten Egg 2"},{"floor":26.0,"key":"Kunai"},{"floor":30.0,"key":"CaptainsWheel"},{"floor":31,"key":"Prayer Wheel"},{"floor":31,"key":"Pondfish Scales"},{"floor":31,"key":"Shuriken"},{"floor":31,"key":"Matryoshka"},{"floor":31,"key":"Smiling Mask"},{"floor":31,"key":"InkBottle"},{"floor":39,"key":"Du-Vu Doll"},{"floor":43,"key":"Chaos"},{"floor":45,"key":"D4"},{"floor":46,"key":"Emotion Chip"}],"event_choices":[{"damage_healed":0.0,"max_hp_gain":0.0,"max_hp_loss":0.0,"gold_gain":0.0,"event_name":"Living Wall","player_choice":"Grow","floor":2.0,"gold_loss":0.0,"damage_taken":0.0,"cards_upgraded":["Spot Weakness"]},{"damage_healed":0.0,"max_hp_gain":0.0,"max_hp_loss":0.0,"gold_gain":30.0,"event_name":"Dead Adventurer","player_choice":"Searched \u00272\u0027 times","floor":10.0,"gold_loss":0.0,"damage_taken":0.0},{"damage_healed":31.0,"max_hp_gain":0.0,"max_hp_loss":0.0,"gold_gain":0.0,"event_name":"The Library","player_choice":"Heal","floor":29.0,"gold_loss":0.0,"damage_taken":0.0},{"damage_healed":0,"gold_gain":0,"player_choice":"Fight","damage_taken":0,"max_hp_gain":0,"max_hp_loss":0,"event_name":"MindBloom","floor":39,"gold_loss":0},{"damage_healed":0,"gold_gain":0,"player_choice":"Fight","damage_taken":0,"max_hp_gain":0,"max_hp_loss":0,"event_name":"Mysterious Sphere","floor":45,"gold_loss":0},{"damage_healed":0,"gold_gain":0,"player_choice":"Ignored","damage_taken":0,"max_hp_gain":0,"max_hp_loss":0,"event_name":"OrinTheCat","floor":47,"gold_loss":0}],"is_beta":false,"boss_relics":[{"not_picked":["Coffee Dripper","Ectoplasm"],"picked":"Kintsugi"},{"not_picked":[]},{"not_picked":["Ring of Chaos","Runic Cube"],"picked":"MagicMushroom"},{"not_picked":[]}],"items_purged_floors":[19,21,37],"is_endless":false,"potions_floor_spawned":[1,10,14,16,20,22,31,33,44,45,46,48],"ascension_level":5}}