{"host":"q9718omregw4er46","time":1611506838,"event":{"mods":["BaseMod","Bestiary","Colored Powertips","Custom Start","Highlight Path","Minty Spire (QoL Compilation)","Practice Mode","Quick Restart","Relic Stats"],"gold_per_floor":[116,116,41,15,15,15,46,66,66,93,112,142,206,224,224,297,297,309,57,67,79,144,144,144,144],"floor_reached":24,"language":"ENG","playtime":1297,"items_purged":[],"score":486,"play_id":"35151270-fd6e-436d-97c6-df709c6bed9b","local_time":"20210124214718","is_ascension_mode":true,"campfire_choices":[{"data":"CrushJoints","floor":6.0,"key":"SMITH"},{"data":"CutThroughFate","floor":15.0,"key":"SMITH"},{"floor":23,"key":"REST"}],"circlet_count":0,"master_deck":["AscendersBane","Strike_P","Strike_P","Strike_P","Defend_P","Defend_P","Defend_P","Defend_P","Eruption","Vigilance","Consecrate","CrushJoints+1","Brilliance","Wireheading","CutThroughFate+1","DeceiveReality","DevaForm","Wallop","DeceiveReality"],"relics":["PureWater","NeowsBlessing","SsserpentHead","Meat on the Bone","Peace Pipe","Dead Branch","Black Star","Vajra"],"acts_visited":["Exordium","TheCity"],"potions_floor_usage":[20,22,24],"damage_taken":[{"damage":0.0,"enemies":"Jaw Worm","floor":1.0,"turns":1.0},{"damage":0.0,"enemies":"3 Sentries","floor":7.0,"turns":1.0},{"damage":0.0,"enemies":"Cultist","floor":8.0,"turns":1.0},{"damage":37.0,"enemies":"Lagavulin","floor":10.0,"turns":6.0},{"damage":5.0,"enemies":"Small Slimes","floor":11.0,"turns":3.0},{"damage":42.0,"enemies":"3 Sentries","floor":12.0,"turns":9.0},{"damage":0.0,"enemies":"3 Louse","floor":13.0,"turns":1.0},{"damage":0.0,"enemies":"2 Fungi Beasts","floor":14.0,"turns":2.0},{"damage":13.0,"enemies":"Hexaghost","floor":16.0,"turns":11.0},{"damage":12,"enemies":"Chosen","floor":18,"turns":5},{"damage":11,"enemies":"3 Byrds","floor":20,"turns":6},{"damage":21,"enemies":"Centurion and Healer","floor":21,"turns":7},{"damage":21,"enemies":"Snake Plant","floor":22,"turns":5},{"damage":43,"enemies":"Slavers","floor":24,"turns":6}],"seed_played":"-2289043430494384029","potions_obtained":[{"floor":8.0,"key":"BottledMiracle"},{"floor":12.0,"key":"Explosive Potion"},{"floor":13.0,"key":"Dexterity Potion"},{"floor":18,"key":"Fire Potion"},{"floor":21,"key":"Block Potion"},{"floor":22,"key":"PowerPotion"}],"is_trial":false,"path_per_floor":["M","?","?","$","?","R","E","M","T","E","M","E","M","M","R","B",null,"M","$","M","M","M","R","E"],"character_chosen":"WATCHER","items_purchased":["CrushJoints","Wallop","Vajra"],"campfire_rested":1,"item_purchase_floors":[4,19,19],"current_hp_per_floor":[61,66,66,66,66,66,66,66,66,41,48,18,30,42,42,41,65,53,53,42,33,24,45,2,2],"gold":144,"neow_bonus":"THREE_ENEMY_KILL","is_daily":false,"chose_seed":false,"campfire_upgraded":2,"win_rate":0.0,"timestamp":1611506838,"path_taken":["M","?","?","$","?","R","E","M","T","E","M","E","?","M","R","BOSS","M","$","M","M","?","R","E"],"items_purchased_type":["Card","Card","Relic"],"build_version":"2020-12-22","purchased_purges":0,"victory":false,"max_hp_per_floor":[68,73,73,73,73,73,73,73,73,73,73,73,73,73,73,73,73,73,73,73,73,73,73,73,73],"relic_stats":{"Peace Pipe":0,"SsserpentHead":100,"counters":[14,64],"Dead Branch":[34],"Black Star":0,"obtain_stats":[{"Peace Pipe":10,"SsserpentHead":5,"NeowsBlessing":0,"Dead Branch":12,"Vajra":19,"Black Star":17,"PureWater":0,"Meat on the Bone":7},{"Peace Pipe":4,"SsserpentHead":1,"NeowsBlessing":0,"Dead Branch":6,"Vajra":10,"Black Star":9,"PureWater":0,"Meat on the Bone":2},{"Peace Pipe":9,"SsserpentHead":1,"NeowsBlessing":0,"Dead Branch":21,"Vajra":40,"Black Star":35,"PureWater":0,"Meat on the Bone":2}],"Meat on the Bone":96},"card_choices":[{"not_picked":["ThirdEye","Evaluate"],"picked":"Consecrate","floor":1.0},{"not_picked":["Prostrate","ConjureBlade"],"picked":"Brilliance","floor":7.0},{"not_picked":["EmptyBody","PathToVictory"],"picked":"Wireheading","floor":8.0},{"not_picked":["Ragnarok","WaveOfTheHand"],"picked":"CutThroughFate","floor":10.0},{"not_picked":["EmptyBody","Prostrate","ThirdEye"],"picked":"SKIP","floor":11.0},{"not_picked":["Sanctity","FlyingSleeves"],"picked":"DeceiveReality","floor":12.0},{"not_picked":["Crescendo","Consecrate","Evaluate"],"picked":"SKIP","floor":13.0},{"not_picked":["Protect","FollowUp","LikeWater"],"picked":"SKIP","floor":14.0},{"not_picked":["DeusExMachina","Devotion"],"picked":"DevaForm","floor":16.0},{"not_picked":["CrushJoints","FlurryOfBlows","ThirdEye"],"picked":"SKIP","floor":18},{"not_picked":["Perseverance","Nirvana"],"picked":"DeceiveReality","floor":20},{"not_picked":["Wireheading+1","SashWhip","CutThroughFate"],"picked":"SKIP","floor":21},{"not_picked":["CutThroughFate","JustLucky","Prostrate"],"picked":"SKIP","floor":22}],"player_experience":1251131,"relics_obtained":[{"floor":7.0,"key":"Meat on the Bone"},{"floor":10.0,"key":"Peace Pipe"},{"floor":12.0,"key":"Dead Branch"}],"event_choices":[{"damage_healed":0.0,"max_hp_gain":5.0,"max_hp_loss":0.0,"gold_gain":0.0,"event_name":"Big Fish","player_choice":"Donut","floor":2.0,"gold_loss":0.0,"damage_taken":0.0},{"cards_removed":["Strike_P"],"damage_healed":0.0,"max_hp_gain":0.0,"max_hp_loss":0.0,"gold_gain":0.0,"event_name":"The Cleric","player_choice":"Card Removal","floor":3.0,"gold_loss":75.0,"damage_taken":0.0},{"damage_healed":0.0,"max_hp_gain":0.0,"max_hp_loss":0.0,"gold_gain":0.0,"event_name":"FaceTrader","player_choice":"Trade","floor":5.0,"gold_loss":0.0,"damage_taken":0.0,"relics_obtained":["SsserpentHead"]}],"is_beta":false,"boss_relics":[{"not_picked":["Astrolabe","Sozu"],"picked":"Black Star"}],"items_purged_floors":[],"is_endless":false,"potions_floor_spawned":[8,12,13,14,18,21,22],"killed_by":"Slavers","ascension_level":20}}