{"host":"i7jfea87xc8lz16p","time":1611490024,"event":{"mods":["AchievementEnabler","BaseMod","Colored Powertips","Minty Spire (QoL Compilation)","Relic Stats"],"gold_per_floor":[115,126,126,139,153,153,179,179,227,227,253,273,317,340,340,421,421,445,463,490,490,520,520,563,253,253,297,308,344,373,373,382,468,495,517,537,220,220,40,40,83,95,107,139,151,163,202,245,257,269,281],"floor_reached":52,"language":"ENG","playtime":2539,"items_purged":["Strike_P+1","Worship+1"],"score":2126,"play_id":"f7cd8d4d-a6c3-471a-8d40-b9f5a1efa402","local_time":"20210124130704","is_ascension_mode":true,"campfire_choices":[{"data":"EmptyFist","floor":6,"key":"SMITH"},{"floor":8,"key":"REST"},{"data":"Wallop","floor":10,"key":"SMITH"},{"floor":15,"key":"REST"},{"floor":23,"key":"REST"},{"floor":32,"key":"REST"},{"data":"Vault","floor":40,"key":"SMITH"},{"floor":46,"key":"REST"},{"floor":49,"key":"REST"}],"circlet_count":0,"master_deck":["AscendersBane","Defend_P+1","Defend_P+1","Defend_P+1","Eruption","Vigilance","CarveReality+1","CutThroughFate","EmptyFist+1","Wallop+1","Protect","Vengeance","LikeWater","DevaForm","CutThroughFate","CrushJoints","Establishment","Wallop+1","CutThroughFate","Crescendo","CutThroughFate+1","WheelKick+1","WaveOfTheHand","Vault+1","Evaluate+1","Wallop+1","Adaptation+1","EmptyMind","Protect","Meditate","Protect+1","MentalFortress"],"relics":["Sozu","Question Card","Regal Pillow","Ancient Tea Set","CeramicFish","Snecko Eye","Red Mask","Smiling Mask","PreservedInsect","Ice Cream","Vajra","Dream Catcher","Astrolabe","Shuriken","Whetstone","MawBank","Letter Opener","Oddly Smooth Stone","MealTicket"],"acts_visited":["Exordium","TheCity","TheBeyond"],"potions_floor_usage":[],"damage_taken":[{"damage":0,"enemies":"Cultist","floor":1,"turns":3},{"damage":11,"enemies":"Small Slimes","floor":2,"turns":2},{"damage":1,"enemies":"2 Louse","floor":4,"turns":2},{"damage":0,"enemies":"Looter","floor":5,"turns":2},{"damage":22,"enemies":"Lagavulin","floor":7,"turns":5},{"damage":18,"enemies":"Gremlin Nob","floor":11,"turns":3},{"damage":13,"enemies":"Exordium Wildlife","floor":12,"turns":2},{"damage":2,"enemies":"3 Sentries","floor":13,"turns":5},{"damage":0,"enemies":"2 Fungi Beasts","floor":14,"turns":2},{"damage":22,"enemies":"Slime Boss","floor":16,"turns":7},{"damage":21,"enemies":"3 Byrds","floor":18,"turns":5},{"damage":6,"enemies":"Spheric Guardian","floor":20,"turns":4},{"damage":10,"enemies":"Masked Bandits","floor":22,"turns":4},{"damage":0,"enemies":"Gremlin Leader","floor":24,"turns":4},{"damage":8,"enemies":"Slavers","floor":27,"turns":4},{"damage":15,"enemies":"Shelled Parasite and Fungi","floor":28,"turns":4},{"damage":0,"enemies":"Gremlin Leader","floor":29,"turns":3},{"damage":2,"enemies":"Snecko","floor":30,"turns":4},{"damage":12,"enemies":"Colosseum Slavers","floor":31,"turns":3},{"damage":3,"enemies":"Automaton","floor":33,"turns":6},{"damage":0,"enemies":"3 Darklings","floor":35,"turns":4},{"damage":9,"enemies":"Orb Walker","floor":36,"turns":5},{"damage":0,"enemies":"Nemesis","floor":41,"turns":4},{"damage":16,"enemies":"Transient","floor":44,"turns":7},{"damage":1,"enemies":"4 Shapes","floor":47,"turns":5},{"damage":28,"enemies":"Reptomancer","floor":48,"turns":5},{"damage":4,"enemies":"Awakened One","floor":50,"turns":9},{"damage":29,"enemies":"Time Eater","floor":51,"turns":9}],"seed_played":"-151372119914023473","potions_obtained":[],"is_trial":false,"path_per_floor":["M","M","?","M","M","R","E","R","T","R","E","M","E","M","R","B",null,"M","?","M","?","?","R","E","$","T","E","M","E","M","?","R","B",null,"M","M","$","?","$","R","E","T","T","M","?","R","M","E","R","B","B",null],"character_chosen":"WATCHER","items_purchased":["PreservedInsect","Wireheading","Worship","Shuriken","Protect","Whetstone"],"campfire_rested":6,"item_purchase_floors":[25,25,25,37,39,39],"current_hp_per_floor":[61,50,50,49,49,49,27,47,47,47,29,16,14,14,49,27,58,37,37,31,31,21,56,56,56,56,48,33,33,31,19,54,51,64,64,55,55,55,55,55,55,55,55,39,39,65,64,36,65,61,32],"gold":293,"neow_bonus":"BOSS_RELIC","is_daily":false,"chose_seed":false,"campfire_upgraded":3,"win_rate":0.0,"timestamp":1611490024,"path_taken":["M","M","?","M","M","R","E","R","T","R","E","M","E","M","R","BOSS","M","?","M","?","?","R","E","$","T","E","?","E","M","?","R","BOSS","M","M","$","?","$","R","E","?","T","?","?","R","?","E","R","BOSS","BOSS"],"items_purchased_type":["Relic","Card","Card","Relic","Card","Relic"],"build_version":"2020-12-22","purchased_purges":2,"victory":true,"max_hp_per_floor":[68,68,68,68,68,68,68,68,68,68,68,68,68,68,68,68,68,68,68,68,68,68,68,68,68,68,68,68,68,68,68,68,68,68,68,68,68,65,65,65,65,65,65,65,65,65,65,65,65,65,65],"relic_stats":{"Regal Pillow":62,"counters":[28,122],"CeramicFish":216,"Astrolabe":["Evaluate","Wallop","Worship"],"PreservedInsect":203,"Whetstone":["CarveReality","Wallop"],"Letter Opener":[83],"Question Card":23,"Smiling Mask":75,"MawBank":132,"Sozu":12,"Dream Catcher":3,"Shuriken":[28],"Snecko Eye":[193,199,162,167],"MealTicket":0,"obtain_stats":[{"Ice Cream":26,"Regal Pillow":9,"CeramicFish":13,"Astrolabe":34,"Vajra":27,"Oddly Smooth Stone":43,"PreservedInsect":25,"Whetstone":39,"Letter Opener":42,"Question Card":7,"Ancient Tea Set":11,"Smiling Mask":24,"MawBank":41,"Sozu":0,"Dream Catcher":29,"Shuriken":37,"Snecko Eye":17,"MealTicket":48,"Red Mask":22,"PureWater":0},{"Ice Cream":14,"Regal Pillow":5,"CeramicFish":8,"Astrolabe":20,"Vajra":15,"Oddly Smooth Stone":23,"PreservedInsect":14,"Whetstone":22,"Letter Opener":23,"Question Card":5,"Ancient Tea Set":6,"Smiling Mask":14,"MawBank":23,"Sozu":0,"Dream Catcher":17,"Shuriken":22,"Snecko Eye":10,"MealTicket":26,"Red Mask":13,"PureWater":0},{"Ice Cream":50,"Regal Pillow":14,"CeramicFish":24,"Astrolabe":74,"Vajra":54,"Oddly Smooth Stone":87,"PreservedInsect":50,"Whetstone":83,"Letter Opener":87,"Question Card":14,"Ancient Tea Set":17,"Smiling Mask":50,"MawBank":87,"Sozu":0,"Dream Catcher":61,"Shuriken":83,"Snecko Eye":33,"MealTicket":104,"Red Mask":46,"PureWater":0}]},"card_choices":[{"not_picked":["Perseverance","FlurryOfBlows"],"picked":"CarveReality","floor":1},{"not_picked":["Fasting2","CarveReality","WreathOfFlame"],"picked":"SKIP","floor":2},{"not_picked":["Halt","Meditate"],"picked":"CutThroughFate","floor":4},{"not_picked":["BowlingBash","Wireheading"],"picked":"EmptyFist","floor":5},{"not_picked":["Weave","Wish"],"picked":"Wallop","floor":7},{"not_picked":["SignatureMove","CrushJoints","JustLucky"],"picked":"Protect","floor":11},{"not_picked":["Halt","ClearTheMind","Vengeance","Sanctity"],"picked":"SKIP","floor":12},{"not_picked":["SandsOfTime","Devotion","Fasting2"],"picked":"Vengeance","floor":13},{"not_picked":["Nirvana","Halt","WreathOfFlame"],"picked":"LikeWater","floor":14},{"not_picked":["Brilliance","DeusExMachina","Alpha"],"picked":"DevaForm","floor":16},{"not_picked":["JustLucky","ThirdEye","SashWhip"],"picked":"CutThroughFate","floor":18},{"not_picked":["EmptyBody","Sanctity","FlyingSleeves"],"picked":"Wallop","floor":20},{"not_picked":["SandsOfTime","EmptyMind","Protect"],"picked":"CutThroughFate","floor":24},{"not_picked":["ClearTheMind","Study+1","Consecrate"],"picked":"Crescendo","floor":27},{"not_picked":["LikeWater","Evaluate","CrushJoints","DevaForm"],"picked":"SKIP","floor":28},{"not_picked":["Wallop","FollowUp","PathToVictory"],"picked":"CutThroughFate+1","floor":29},{"not_picked":["ClearTheMind","PathToVictory","SandsOfTime"],"picked":"WheelKick+1","floor":30},{"not_picked":["PathToVictory+1","CrushJoints","BowlingBash+1"],"picked":"WaveOfTheHand","floor":32},{"not_picked":["SpiritShield","DevaForm","Ragnarok"],"picked":"Vault","floor":33},{"not_picked":["FollowUp","FlurryOfBlows","Halt"],"picked":"Adaptation+1","floor":35},{"not_picked":["PathToVictory","Swivel","Collect"],"picked":"EmptyMind","floor":36},{"not_picked":["JustLucky","ConjureBlade","SignatureMove+1"],"picked":"Meditate","floor":41},{"not_picked":["Prostrate","FlurryOfBlows","CutThroughFate"],"picked":"Protect+1","floor":44},{"not_picked":["Evaluate","CutThroughFate","WindmillStrike"],"picked":"MentalFortress","floor":47},{"not_picked":["WaveOfTheHand","Study","Conclude","Indignation"],"picked":"SKIP","floor":48}],"player_experience":1836374,"relics_obtained":[{"floor":7,"key":"Question Card"},{"floor":9,"key":"Regal Pillow"},{"floor":11,"key":"Ancient Tea Set"},{"floor":13,"key":"CeramicFish"},{"floor":22,"key":"Red Mask"},{"floor":24,"key":"Smiling Mask"},{"floor":26,"key":"Ice Cream"},{"floor":27,"key":"Vajra"},{"floor":29,"key":"Dream Catcher"},{"floor":41,"key":"MawBank"},{"floor":42,"key":"Letter Opener"},{"floor":43,"key":"Oddly Smooth Stone"},{"floor":48,"key":"MealTicket"}],"event_choices":[{"damage_healed":0,"gold_gain":0,"player_choice":"Ignored","damage_taken":0,"max_hp_gain":0,"max_hp_loss":0,"event_name":"Shining Light","floor":3,"gold_loss":0},{"damage_healed":0,"gold_gain":0,"cards_transformed":["Strike_P","Strike_P"],"player_choice":"Became Test Subject","damage_taken":0,"max_hp_gain":0,"max_hp_loss":0,"event_name":"Drug Dealer","floor":19,"gold_loss":0,"cards_obtained":["CrushJoints","Establishment"]},{"damage_healed":0,"gold_gain":0,"player_choice":"Simplicity","damage_taken":0,"max_hp_gain":0,"max_hp_loss":0,"event_name":"Back to Basics","floor":21,"gold_loss":0,"cards_upgraded":["Strike_P","Strike_P","Defend_P","Defend_P","Defend_P","Defend_P"]},{"damage_healed":0,"gold_gain":0,"player_choice":"Fought Bandits","damage_taken":0,"max_hp_gain":0,"max_hp_loss":0,"event_name":"Masked Bandits","floor":22,"gold_loss":0},{"damage_healed":0,"gold_gain":0,"player_choice":"Fight","damage_taken":0,"max_hp_gain":0,"max_hp_loss":0,"event_name":"Colosseum","floor":31,"gold_loss":0},{"damage_healed":0,"gold_gain":0,"player_choice":"Fled From Nobs","damage_taken":0,"max_hp_gain":0,"max_hp_loss":0,"event_name":"Colosseum","floor":31,"gold_loss":0},{"damage_healed":0,"gold_gain":0,"player_choice":"Max HP","damage_taken":0,"max_hp_gain":0,"max_hp_loss":3,"event_name":"Winding Halls","floor":38,"gold_loss":0},{"cards_removed":["Wireheading"],"damage_healed":0,"gold_gain":0,"player_choice":"Purged","damage_taken":0,"max_hp_gain":0,"max_hp_loss":0,"event_name":"Purifier","floor":45,"gold_loss":0}],"is_beta":false,"boss_relics":[{"not_picked":["Runic Dome","Calling Bell"],"picked":"Snecko Eye"},{"not_picked":["Coffee Dripper","SacredBark"],"picked":"Astrolabe"}],"items_purged_floors":[25,37],"is_endless":false,"potions_floor_spawned":[1,4,5,11,20,22,28,29,31,33,41,44,47],"ascension_level":20}}