{"host":"iphsb0ccnjx0pfn6","time":1611493356,"event":{"mods":["2.2 Compatiblity","AchievementEnabler","BaseMod","Colored Map","DeckTracker","Keyboard Shortcuts","Minty Spire (QoL Compilation)","Permanent Neow","Quick Restart","Relic Stats","StSLib","SuperFastMode","Uncapped","everything is the same but u backflip on backflip"],"gold_per_floor":[116,133,147,165,179,179,191,214,214,224,224,252,252,264,264,264,264],"floor_reached":16,"language":"KOR","playtime":406,"items_purged":[],"score":212,"play_id":"0f5a460b-33e0-47da-87c7-656c3f9b6112","local_time":"20210124220236","is_ascension_mode":true,"campfire_choices":[{"data":"Crippling Poison","floor":6,"key":"SMITH"},{"data":"Catalyst","floor":11,"key":"SMITH"},{"floor":15,"key":"REST"}],"circlet_count":0,"master_deck":["AscendersBane","Strike_G","Strike_G","Strike_G","Strike_G","Strike_G","Defend_G","Defend_G","Defend_G","Defend_G","Defend_G","Survivor","Neutralize","Corpse Explosion","Catalyst+1","Deadly Poison","Crippling Poison+1","Reflex","Dagger Throw"],"relics":["Ring of the Snake","Odd Mushroom","Tough Bandages","Singing Bowl"],"acts_visited":["Exordium"],"potions_floor_usage":[5,8,14],"damage_taken":[{"damage":2,"enemies":"Cultist","floor":1,"turns":5},{"damage":0,"enemies":"2 Louse","floor":2,"turns":2},{"damage":17,"enemies":"Small Slimes","floor":3,"turns":6},{"damage":16,"enemies":"Exordium Wildlife","floor":4,"turns":7},{"damage":0,"enemies":"Lots of Slimes","floor":5,"turns":2},{"damage":0,"enemies":"2 Fungi Beasts","floor":7,"turns":3},{"damage":2,"enemies":"The Mushroom Lair","floor":8,"turns":3},{"damage":0,"enemies":"Blue Slaver","floor":10,"turns":4},{"damage":12,"enemies":"Lagavulin","floor":12,"turns":6},{"damage":0,"enemies":"Gremlin Gang","floor":14,"turns":1},{"damage":80,"enemies":"Slime Boss","floor":16,"turns":9}],"seed_played":"6630335887060243025","potions_obtained":[{"floor":1,"key":"FairyPotion"},{"floor":2,"key":"FearPotion"},{"floor":4,"key":"Explosive Potion"},{"floor":7,"key":"AttackPotion"},{"floor":10,"key":"Fire Potion"}],"is_trial":false,"path_per_floor":["M","M","M","M","M","R","M","?","T","M","R","E","?","M","R","B"],"character_chosen":"THE_SILENT","items_purchased":[],"campfire_rested":1,"item_purchase_floors":[],"current_hp_per_floor":[57,57,40,24,24,24,24,22,22,22,22,12,12,14,35,0,0],"gold":264,"neow_bonus":"ONE_RANDOM_RARE_CARD","is_daily":false,"chose_seed":false,"campfire_upgraded":2,"win_rate":0.0,"timestamp":1611493356,"path_taken":["M","M","M","?","M","R","M","?","T","M","R","E","?","M","R","BOSS"],"items_purchased_type":[],"build_version":"2020-12-22","purchased_purges":0,"victory":false,"max_hp_per_floor":[66,66,66,66,66,66,66,66,66,66,66,68,68,70,70,70,70],"relic_stats":{"Tough Bandages":[12],"Singing Bowl":4,"counters":[11,48],"obtain_stats":[{"Tough Bandages":9,"Singing Bowl":12,"Odd Mushroom":8,"Ring of the Snake":0},{"Tough Bandages":7,"Singing Bowl":9,"Odd Mushroom":7,"Ring of the Snake":0},{"Tough Bandages":28,"Singing Bowl":38,"Odd Mushroom":28,"Ring of the Snake":0}],"Ring of the Snake":[22]},"card_choices":[{"not_picked":["Poisoned Stab","Backflip"],"picked":"Catalyst","floor":1},{"not_picked":["Dash","All Out Attack"],"picked":"Deadly Poison","floor":2},{"not_picked":["Poisoned Stab","Heel Hook","PiercingWail"],"picked":"SKIP","floor":3},{"not_picked":["Prepared","Well Laid Plans"],"picked":"Crippling Poison","floor":4},{"not_picked":["Caltrops","Cloak And Dagger"],"picked":"Reflex","floor":5},{"not_picked":["Cloak And Dagger","Deflect"],"picked":"Dagger Throw","floor":7},{"not_picked":["Skewer","Terror","Sucker Punch"],"picked":"SKIP","floor":10},{"not_picked":["Crippling Poison","Expertise","Endless Agony"],"picked":"Singing Bowl","floor":12},{"not_picked":["Concentrate","Bane","Expertise"],"picked":"Singing Bowl","floor":14}],"player_experience":1275585,"relics_obtained":[{"floor":8,"key":"Odd Mushroom"},{"floor":9,"key":"Tough Bandages"},{"floor":12,"key":"Singing Bowl"}],"event_choices":[{"damage_healed":0,"gold_gain":0,"player_choice":"Fought Mushrooms","damage_taken":0,"max_hp_gain":0,"max_hp_loss":0,"event_name":"Mushrooms","floor":8,"gold_loss":0},{"damage_healed":0,"gold_gain":0,"player_choice":"Ignored","damage_taken":0,"max_hp_gain":0,"max_hp_loss":0,"event_name":"Liars Game","floor":13,"gold_loss":0}],"is_beta":false,"boss_relics":[],"items_purged_floors":[],"is_endless":false,"potions_floor_spawned":[1,2,4,7,10,12],"killed_by":"Slime Boss","ascension_level":20}}