{"host":"ggy1mjjy92c62u6a","time":1611496893,"event":{"mods":["10 clothes from DAL","ATMod(阿瑾Mod)","Act Like it!","BaseMod","Colored Powertips","Downfall","GifTheSpireLib","Minty Spire (QoL Compilation)","Quick Restart","Relic Stats","Shop Mod","Spicy Shops","StSLib","TestMod","【功能Mod】混沌之环修复补丁","【遗物Mod】死灵法师NEW","【遗物卡牌】REMEMod"],"gold_per_floor":[99,110,125,284,341,27,112,112,146,31,431,26,26,41,51,137,137,137,150,144,159,172,189,236,248,620,632,723,744,756,777,803,906,918,930,959,987,1018,1048,750,758,782,782,795,795,375,383,409,417,501],"floor_reached":51,"language":"ZHS","playtime":1648,"items_purged":["Doubt","Defend_W"],"score":2251,"play_id":"05cb5ce0-8f40-47e9-8ffe-4dbb611be1c1","local_time":"20210124220133","daily_mods":["Vintage","Heirloom","Flight","downfall:Lament","Cursed Run"],"is_ascension_mode":true,"campfire_choices":[{"floor":1,"key":"DIG"},{"data":"Epidemicn","floor":13,"key":"SMITH"},{"data":"Plague_Bolt","floor":18,"key":"SMITH"},{"floor":27,"key":"DIG"},{"floor":30,"key":"DIG"},{"floor":35,"key":"DIG"},{"floor":45,"key":"DIG"},{"floor":49,"key":"DIG"}],"circlet_count":0,"master_deck":["AscendersBane","Strike_W","Strike_W","Strike_W","Strike_W","Defend_W","Defend_W+1","Defend_W","Negative_Energy_Arrows","Bone_Wall+1","AT_ShrugMaster","Doubt","Plague_Bolt+1","Writhe","Clumsy","Epidemicn+1","downfall:Malfunctioning","Negative_Energy_Burst+1","Writhe","downfall:Malfunctioning","Necronomicurse","Pain","downfall:Haunted","Cloudkill","Clumsy","Shame","expansioncontent:Hexaburn","expansioncontent:LastStand","Clumsy","Guardian:Recover","Writhe"],"relics":["Cursed Key","Darkstone Periapt","Du-Vu Doll","REME_ComplimentaryCards","testmod-TestBox","NeowsBlessing","Shovel","testmod-Déjàvu","testmod-LifeArmor","CeramicFish","SumUndead","Art of War","Nunchaku","Molten Egg 2","AT_ChloranthyRing","testmod-Prudence","MealTicket","Singing Bowl","REME_LimitBreaker","Orichalcum","downfall:RedIOU","AT_BladeRuinedKing","InkBottle","Necronomicon","Bag of Preparation","WarpedTongs","testmod-Maize","testmod-Fanaticism","Akabeko","Ice Cream","REME_IWantAll","testmod-IndustrialRevolution","Anchor","testmod-Charity","MerchantsRug","TheAbacus","testmod-Alchemist","testmod-HeartOfStrike","REME_HourglassOfDeath","testmod-HeartOfDaVinci","DALC_TWO","War Paint","Blue Candle","Guardian:ModeShifter"],"acts_visited":["Exordium","TheCity","TheBeyond"],"potions_floor_usage":[16,16,22],"damage_taken":[{"damage":0,"enemies":"Cultist","floor":2,"turns":1},{"damage":0,"enemies":"Small Slimes","floor":3,"turns":2},{"damage":0,"enemies":"Gremlin Nob","floor":5,"turns":1},{"damage":2,"enemies":"downfall:FleeingMerchant","floor":6,"turns":4},{"damage":2,"enemies":"downfall:FleeingMerchant","floor":10,"turns":4},{"damage":2,"enemies":"downfall:FleeingMerchant","floor":12,"turns":4},{"damage":0,"enemies":"2 Louse","floor":14,"turns":3},{"damage":0,"enemies":"3 Louse","floor":15,"turns":3},{"damage":17,"enemies":"IC_STATUS_ARCHETYPE","floor":16,"turns":7},{"damage":25,"enemies":"Chosen","floor":19,"turns":4},{"damage":2,"enemies":"downfall:FleeingMerchant","floor":20,"turns":4},{"damage":5,"enemies":"3 Byrds","floor":21,"turns":5},{"damage":14,"enemies":"Centurion and Healer","floor":22,"turns":5},{"damage":3,"enemies":"Snecko","floor":23,"turns":4},{"damage":10,"enemies":"downfall:FleeingMerchant","floor":26,"turns":3},{"damage":0,"enemies":"Snake Plant","floor":32,"turns":2},{"damage":4,"enemies":"WA_ARCHETYPE_CALM","floor":33,"turns":2},{"damage":0,"enemies":"Orb Walker","floor":36,"turns":1},{"damage":20,"enemies":"3 Darklings","floor":37,"turns":4},{"damage":14,"enemies":"Transient","floor":38,"turns":4},{"damage":24,"enemies":"Writhing Mass","floor":39,"turns":2},{"damage":14,"enemies":"3 Darklings","floor":44,"turns":3},{"damage":14,"enemies":"Nemesis","floor":48,"turns":3},{"damage":97,"enemies":"SI_POISON_ARCHETYPE","floor":50,"turns":7}],"seed_played":"2759004554189649597","potions_obtained":[{"floor":3,"key":"DistilledChaos"},{"floor":5,"key":"Block Potion"},{"floor":21,"key":"SpeedPotion"},{"floor":22,"key":"REME_GoldPotion"},{"floor":38,"key":"Energy Potion"},{"floor":44,"key":"LiquidBronze"}],"is_trial":true,"path_per_floor":["R","M","M","?","?","$","T","?","T","$","?","$","R","M","M","B",null,"R","M","$","M","M","M","T","?","$","R","T","?","R","?","M","B",null,"R","M","M","M","M","$","T","?","?","M","R","$","T","E","R","B",null],"character_chosen":"NECROMANCER","items_purchased":["SumUndead","Plague_Bolt","Nunchaku","Epidemicn","testmod-Charity","MerchantsRug","TheAbacus","testmod-HeartOfDaVinci","DALC_TWO"],"campfire_rested":0,"item_purchase_floors":[6,6,12,12,40,40,40,46,46],"current_hp_per_floor":[59,59,59,65,65,69,75,80,86,84,84,82,82,82,82,71,93,93,68,96,91,77,74,80,80,87,87,93,78,78,84,84,86,121,121,121,132,132,114,138,145,151,154,155,155,155,162,165,166,176],"gold":501,"neow_bonus":"","is_daily":false,"chose_seed":false,"campfire_upgraded":2,"win_rate":0.0,"timestamp":1611496893,"path_taken":["R","M","?","?","?","$","T","?","?","?","?","$","R","?","M","BOSS","R","M","$","?","?","?","T","?","$","R","?","?","R","?","M","BOSS","R","M","M","M","?","$","T","?","?","?","R","$","?","E","R","BOSS"],"items_purchased_type":["Relic","Card","Relic","Card","Relic","Relic","Relic","Relic","Relic"],"build_version":"2020-12-22","purchased_purges":2,"victory":true,"max_hp_per_floor":[65,65,65,71,71,77,83,88,94,94,94,94,94,94,94,100,100,100,100,100,100,100,100,106,106,108,108,114,120,120,126,126,132,132,132,132,132,132,132,141,148,154,154,155,155,155,162,165,166,176],"relic_stats":{"Darkstone Periapt":84,"Singing Bowl":6,"counters":[24,82],"CeramicFish":190,"Blue Candle":[10],"Bag of Preparation":[18],"Orichalcum":[18],"War Paint":["Defend_W","Bone_Wall"],"Cursed Key":6,"WarpedTongs":[26],"Nunchaku":[12],"Shovel":6,"TheAbacus":[30],"MealTicket":45,"Art of War":[11],"Necronomicon":[7],"obtain_stats":[{"Darkstone Periapt":0,"Ice Cream":36,"testmod-HeartOfStrike":44,"AT_ATBox":0,"Singing Bowl":21,"CeramicFish":3,"testmod-LifeArmor":2,"Bag of Preparation":30,"Cursed Key":0,"REME_IWantAll":37,"testmod-Charity":40,"testmod-Fanaticism":34,"Nunchaku":12,"Shovel":0,"testmod-Prudence":17,"TheAbacus":40,"testmod-Alchemist":41,"MealTicket":19,"testmod-Déjàvu":0,"downfall:RedIOU":25,"Necronomicon":29,"InkBottle":28,"AT_ChloranthyRing":15,"SumUndead":6,"testmod-Maize":32,"MerchantsRug":40,"testmod-TestBox":0,"NeowsBlessing":0,"Happy Flower":1,"Blue Candle":48,"Guardian:ModeShifter":49,"AT_BladeRuinedKing":27,"REME_LimitBreaker":22,"Orichalcum":24,"War Paint":47,"MawBank":23,"testmod-IndustrialRevolution":38,"Akabeko":35,"WarpedTongs":31,"Du-Vu Doll":0,"DALC_TWO":46,"Anchor":39,"REME_HourglassOfDeath":45,"Molten Egg 2":14,"Art of War":9,"testmod-OneHitWonder":5,"REME_ComplimentaryCards":0,"testmod-HeartOfDaVinci":46},{"Darkstone Periapt":0,"Ice Cream":18,"testmod-HeartOfStrike":22,"AT_ATBox":0,"Singing Bowl":12,"CeramicFish":2,"testmod-LifeArmor":1,"Bag of Preparation":15,"Cursed Key":0,"REME_IWantAll":19,"testmod-Charity":21,"testmod-Fanaticism":17,"Nunchaku":6,"Shovel":0,"testmod-Prudence":9,"TheAbacus":21,"testmod-Alchemist":21,"MealTicket":10,"testmod-Déjàvu":0,"downfall:RedIOU":14,"Necronomicon":15,"InkBottle":15,"AT_ChloranthyRing":8,"SumUndead":4,"testmod-Maize":16,"MerchantsRug":21,"testmod-TestBox":0,"NeowsBlessing":0,"Happy Flower":0,"Blue Candle":23,"Guardian:ModeShifter":23,"AT_BladeRuinedKing":15,"REME_LimitBreaker":13,"Orichalcum":14,"War Paint":22,"MawBank":14,"testmod-IndustrialRevolution":20,"Akabeko":17,"WarpedTongs":15,"Du-Vu Doll":0,"DALC_TWO":22,"Anchor":21,"REME_HourglassOfDeath":22,"Molten Egg 2":7,"Art of War":4,"testmod-OneHitWonder":3,"REME_ComplimentaryCards":0,"testmod-HeartOfDaVinci":22},{"Darkstone Periapt":0,"Ice Cream":59,"testmod-HeartOfStrike":72,"AT_ATBox":0,"Singing Bowl":42,"CeramicFish":3,"testmod-LifeArmor":1,"Bag of Preparation":54,"Cursed Key":0,"REME_IWantAll":63,"testmod-Charity":69,"testmod-Fanaticism":58,"Nunchaku":16,"Shovel":0,"testmod-Prudence":29,"TheAbacus":69,"testmod-Alchemist":69,"MealTicket":33,"testmod-Déjàvu":0,"downfall:RedIOU":51,"Necronomicon":54,"InkBottle":54,"AT_ChloranthyRing":22,"SumUndead":8,"testmod-Maize":56,"MerchantsRug":69,"testmod-TestBox":0,"NeowsBlessing":0,"Happy Flower":0,"Blue Candle":75,"Guardian:ModeShifter":75,"AT_BladeRuinedKing":54,"REME_LimitBreaker":47,"Orichalcum":51,"War Paint":72,"MawBank":51,"testmod-IndustrialRevolution":67,"Akabeko":58,"WarpedTongs":54,"Du-Vu Doll":0,"DALC_TWO":72,"Anchor":69,"REME_HourglassOfDeath":72,"Molten Egg 2":19,"Art of War":8,"testmod-OneHitWonder":4,"REME_ComplimentaryCards":0,"testmod-HeartOfDaVinci":72}],"InkBottle":[20]},"card_choices":[{"not_picked":["Negative_Energy_Sphere","Shackles_Of_Pain","Corrupt"],"picked":"SKIP","floor":6},{"not_picked":["Shackles_Of_Pain","Blood_Whip","Negative_Energy_Sphere"],"picked":"SKIP","floor":10},{"not_picked":["Negative_Energy_Sphere","Bone_Shift","WallConcept"],"picked":"SKIP","floor":12},{"not_picked":["Bone_Spikes+1","Summon_Undead_Army"],"picked":"Negative_Energy_Burst+1","floor":20},{"not_picked":["PosionWeak","Negative_Energy_Sphere+1","PosionArmor"],"picked":"Singing Bowl","floor":26},{"not_picked":["Time_Jump","Creater_Tree"],"picked":"Cloudkill","floor":33},{"not_picked":["expansioncontent:YouAreMine","expansioncontent:Hexaburn","expansioncontent:LastStand"],"picked":"Singing Bowl","floor":42},{"not_picked":["Life_Drain+1","Uncharnel","Scare"],"picked":"Singing Bowl","floor":48},{"not_picked":["WallConcept","Summon_Death_Knight","Reap_The_Weak+1"],"picked":"Singing Bowl","floor":50}],"player_experience":77204,"relics_obtained":[{"floor":1,"key":"Happy Flower"},{"floor":2,"key":"testmod-LifeArmor"},{"floor":3,"key":"CeramicFish"},{"floor":5,"key":"testmod-OneHitWonder"},{"floor":9,"key":"Art of War"},{"floor":14,"key":"Molten Egg 2"},{"floor":15,"key":"AT_ChloranthyRing"},{"floor":19,"key":"MealTicket"},{"floor":21,"key":"Singing Bowl"},{"floor":22,"key":"REME_LimitBreaker"},{"floor":23,"key":"MawBank"},{"floor":24,"key":"Orichalcum"},{"floor":27,"key":"AT_BladeRuinedKing"},{"floor":28,"key":"InkBottle"},{"floor":29,"key":"Necronomicon"},{"floor":30,"key":"Bag of Preparation"},{"floor":32,"key":"testmod-Maize"},{"floor":35,"key":"Akabeko"},{"floor":36,"key":"Ice Cream"},{"floor":37,"key":"REME_IWantAll"},{"floor":38,"key":"testmod-IndustrialRevolution"},{"floor":39,"key":"Anchor"},{"floor":41,"key":"testmod-Alchemist"},{"floor":44,"key":"testmod-HeartOfStrike"},{"floor":45,"key":"REME_HourglassOfDeath"},{"floor":47,"key":"War Paint"},{"floor":48,"key":"Blue Candle"},{"floor":49,"key":"Guardian:ModeShifter"}],"event_choices":[{"damage_healed":0,"gold_gain":0,"player_choice":"Donut","damage_taken":0,"max_hp_gain":5,"max_hp_loss":0,"event_name":"Big Fish","floor":8,"gold_loss":0},{"damage_healed":0,"gold_gain":400,"player_choice":"Sell","damage_taken":0,"max_hp_gain":0,"max_hp_loss":0,"event_name":"恩洛斯的盘子","floor":11,"relics_lost":["AT_ATBox"],"gold_loss":0},{"damage_healed":0,"gold_gain":0,"player_choice":"Rummage","damage_taken":0,"relics_obtained":["WarpedTongs"],"max_hp_gain":0,"max_hp_loss":0,"event_name":"Accursed Blacksmith","floor":31,"gold_loss":0,"cards_obtained":["Pain"]},{"cards_removed":["expansioncontent:YouAreMine"],"damage_healed":3,"gold_gain":0,"player_choice":"Offered Uncommon","damage_taken":0,"max_hp_gain":0,"max_hp_loss":0,"event_name":"Bonfire Elementals","floor":43,"gold_loss":0}],"is_beta":false,"boss_relics":[{"not_picked":["testmod-StringDisintegrator","testmod-Temperance"],"picked":"testmod-Prudence"},{"not_picked":["testmod-Recursion","Empty Cage"],"picked":"testmod-Fanaticism"}],"items_purged_floors":[6,10],"is_endless":true,"potions_floor_spawned":[3,5,15,21,22,38,44,50],"ascension_level":20}}