{"host":"2e3z4r48quhw80cc","time":1611513237,"event":{"mods":["BaseMod","Minty Spire (QoL Compilation)","Quick Restart","StSLib","SuperFastMode"],"gold_per_floor":[118,132,132,144,161,193,193,223,223,256,256,281,312,322,322,322,322],"floor_reached":16,"language":"KOR","playtime":490,"items_purged":[],"score":371,"play_id":"19e83dd5-5b4b-4633-b77a-083c6c207fc7","local_time":"20210125033357","daily_mods":["Draft","Vintage","Heirloom","Time Dilation","Flight","DeadlyEvents","Elite Swarm"],"is_ascension_mode":true,"campfire_choices":[{"floor":7.0,"key":"REST"},{"data":"Creative AI","floor":11.0,"key":"SMITH"},{"floor":15,"key":"DIG"}],"circlet_count":0,"master_deck":["Demon Form","Wraith Form v2","Echo Form","DevaForm","AscendersBane","Force Field","Defragment","Sweeping Beam","Rip and Tear","Hologram","Ball Lightning","Doom and Gloom","Genetic Algorithm","Beam Cell","Conserve Battery","Double Energy","Consume","Glacier","Chaos","Static Discharge","Seek","Electrodynamics","Creative AI+1","Fission"],"relics":["Cracked Core","Gambling Chip","Orichalcum","Akabeko","Pear","Potion Belt","MealTicket","Molten Egg 2","Bag of Marbles","Gremlin Horn","Shovel","Symbiotic Virus","Shuriken","Oddly Smooth Stone"],"acts_visited":["Exordium"],"potions_floor_usage":[],"damage_taken":[{"damage":0.0,"enemies":"Small Slimes","floor":1.0,"turns":2.0},{"damage":6.0,"enemies":"Jaw Worm","floor":2.0,"turns":3.0},{"damage":0.0,"enemies":"Cultist","floor":4.0,"turns":4.0},{"damage":0.0,"enemies":"Looter","floor":5.0,"turns":2.0},{"damage":62.0,"enemies":"Gremlin Nob","floor":6.0,"turns":5.0},{"damage":0.0,"enemies":"Lagavulin","floor":8.0,"turns":6.0},{"damage":4.0,"enemies":"3 Sentries","floor":10.0,"turns":4.0},{"damage":0.0,"enemies":"Lagavulin","floor":12.0,"turns":6.0},{"damage":9,"enemies":"3 Sentries","floor":13,"turns":4},{"damage":2,"enemies":"Blue Slaver","floor":14,"turns":3},{"damage":32,"enemies":"The Guardian","floor":16,"turns":2}],"seed_played":"-9134525050739290291","potions_obtained":[{"floor":1.0,"key":"Fire Potion"},{"floor":4.0,"key":"Strength Potion"},{"floor":5.0,"key":"Regen Potion"}],"is_trial":true,"path_per_floor":["M","M","?","M","M","E","R","E","T","E","R","E","E","M","R","B"],"character_chosen":"DEFECT","items_purchased":[],"campfire_rested":1,"item_purchase_floors":[],"current_hp_per_floor":[64,58,63,73,73,11,36,36,36,32,32,32,23,21,21,0,0],"gold":322,"neow_bonus":"","is_daily":false,"chose_seed":false,"campfire_upgraded":1,"win_rate":0.0,"timestamp":1611513237,"path_taken":["M","M","?","M","M","E","R","E","T","E","R","E","E","M","R","BOSS"],"items_purchased_type":[],"build_version":"2020-12-22","purchased_purges":0,"victory":false,"max_hp_per_floor":[71,71,76,86,86,86,86,86,86,86,86,86,86,86,86,86,86],"card_choices":[{"not_picked":["Consume","Steam"],"picked":"Force Field","floor":0.0},{"not_picked":["Coolheaded","Double Energy"],"picked":"Defragment","floor":0.0},{"not_picked":["Barrage","Hello World"],"picked":"Sweeping Beam","floor":0.0},{"not_picked":["Cold Snap","Go for the Eyes"],"picked":"Rip and Tear","floor":0.0},{"not_picked":["Turbo","Rebound"],"picked":"Hologram","floor":0.0},{"not_picked":["Compile Driver","Steam"],"picked":"Ball Lightning","floor":0.0},{"not_picked":["Coolheaded","Ball Lightning"],"picked":"Doom and Gloom","floor":0.0},{"not_picked":["Go for the Eyes","Hologram"],"picked":"Genetic Algorithm","floor":0.0},{"not_picked":["Rebound","Hello World"],"picked":"Beam Cell","floor":0.0},{"not_picked":["Go for the Eyes","Barrage"],"picked":"Conserve Battery","floor":0.0},{"not_picked":["Auto Shields","Turbo"],"picked":"Double Energy","floor":0.0},{"not_picked":["Aggregate","Gash"],"picked":"Consume","floor":0.0},{"not_picked":["Conserve Battery","Leap"],"picked":"Glacier","floor":0.0},{"not_picked":["Turbo","Glacier"],"picked":"Chaos","floor":0.0},{"not_picked":["Ball Lightning","Compile Driver"],"picked":"Static Discharge","floor":0.0},{"not_picked":["Echo Form","Meteor Strike"],"picked":"Seek","floor":6.0},{"not_picked":["Amplify","Core Surge+1"],"picked":"Electrodynamics","floor":8.0},{"not_picked":["Seek","All For One+1"],"picked":"Creative AI","floor":10.0},{"not_picked":["All For One+1","Echo Form"],"picked":"Fission","floor":12.0},{"not_picked":["All For One+1","Biased Cognition","Seek"],"picked":"SKIP","floor":13}],"player_experience":73595,"relics_obtained":[{"floor":1.0,"key":"Orichalcum"},{"floor":2.0,"key":"Akabeko"},{"floor":4.0,"key":"Pear"},{"floor":5.0,"key":"Potion Belt"},{"floor":6.0,"key":"MealTicket"},{"floor":8.0,"key":"Molten Egg 2"},{"floor":9.0,"key":"Bag of Marbles"},{"floor":10.0,"key":"Gremlin Horn"},{"floor":12.0,"key":"Shovel"},{"floor":13,"key":"Symbiotic Virus"},{"floor":14,"key":"Shuriken"},{"floor":15,"key":"Oddly Smooth Stone"}],"event_choices":[{"damage_healed":0.0,"max_hp_gain":5.0,"max_hp_loss":0.0,"gold_gain":0.0,"event_name":"Big Fish","player_choice":"Donut","floor":3.0,"gold_loss":0.0,"damage_taken":0.0}],"is_beta":false,"boss_relics":[],"items_purged_floors":[],"is_endless":false,"potions_floor_spawned":[1,4,5],"killed_by":"The Guardian","ascension_level":19}}