{"host":"c6uvvgqwlxq4k23y","time":1611502534,"event":{"mods":["Arknights The Spire","BaseMod","CapriCore","DeckTracker","Hermit","Minty Spire (QoL Compilation)","StSLib","SuperFastMode","The Cursed"],"gold_per_floor":[110,15,33,43,61,61,77,77,129,156,174,192,221,233,233,233,233],"floor_reached":16,"language":"KOR","playtime":395,"items_purged":[],"score":116,"play_id":"001794af-d744-4984-a933-bbbaa856a862","local_time":"20210125003534","is_ascension_mode":false,"campfire_choices":[{"data":"ats:Armor Crushing Shot","floor":6.0,"key":"SMITH"},{"data":"ats:Echo Reverb","floor":8.0,"key":"SMITH"},{"floor":15,"key":"REST"}],"circlet_count":0,"master_deck":["ats:Strike C+1","ats:Strike G","ats:Strike S","ats:Strike V","ats:Armor Crushing Shot+1","ats:Defend","ats:Defend","ats:Defend","ats:Defend","ats:Emotion Absorption","ats:Flexible Camouflage","ats:Poison Spread+1","ats:Rapid Magazine","ats:Explosion Area Strengthen","ats:Echo Reverb+1","ats:Hook Shot","ats:Powerful Strike","ats:Shadow Assault","ats:Absolute Focus","ats:Healing Strengthening","ats:Healing Strengthening"],"relics":["ats:Sanity","Orichalcum","Whetstone","ats:Originium","Matryoshka","Centennial Puzzle"],"acts_visited":["Exordium"],"potions_floor_usage":[10,16],"damage_taken":[{"damage":0.0,"enemies":"Cultist","floor":1.0,"turns":3.0},{"damage":0.0,"enemies":"2 Louse","floor":3.0,"turns":1.0},{"damage":6.0,"enemies":"Jaw Worm","floor":4.0,"turns":3.0},{"damage":12.0,"enemies":"Exordium Wildlife","floor":5.0,"turns":4.0},{"damage":6.0,"enemies":"Blue Slaver","floor":7.0,"turns":2.0},{"damage":8,"enemies":"Gremlin Nob","floor":10,"turns":3},{"damage":4,"enemies":"Large Slime","floor":11,"turns":4},{"damage":4,"enemies":"Exordium Thugs","floor":12,"turns":3},{"damage":6,"enemies":"3 Sentries","floor":13,"turns":4},{"damage":12,"enemies":"Exordium Wildlife","floor":14,"turns":3},{"damage":32,"enemies":"The Guardian","floor":16,"turns":11}],"seed_played":"-5717338969868813851","potions_obtained":[{"floor":1.0,"key":"BlessingOfTheForge"},{"floor":5.0,"key":"Fire Potion"},{"floor":7.0,"key":"LiquidMemories"},{"floor":13,"key":"LiquidBronze"}],"is_trial":false,"path_per_floor":["M","$","M","M","M","R","M","R","T","E","M","M","E","M","R","B"],"character_chosen":"DOCTOR_CLASS","items_purchased":["ats:Poison Spread","ats:Rapid Magazine"],"campfire_rested":1,"item_purchase_floors":[2,2],"current_hp_per_floor":[72,72,72,66,54,54,48,48,48,40,36,32,26,14,35,3,3],"gold":233,"neow_bonus":"RANDOM_COMMON_RELIC","is_daily":false,"chose_seed":false,"campfire_upgraded":2,"win_rate":0.0,"timestamp":1611502534,"path_taken":["M","?","M","M","M","R","M","R","T","E","M","?","E","M","R","BOSS"],"items_purchased_type":["Card","Card"],"build_version":"2020-12-22","purchased_purges":0,"victory":false,"max_hp_per_floor":[72,72,72,72,72,72,72,72,72,72,72,72,72,72,72,72,72],"card_choices":[{"not_picked":["ats:Steam Pump","ats:Beaten Up"],"picked":"ats:Flexible Camouflage","floor":1.0},{"not_picked":["ats:Leaping Hammer","ats:Steam Pump","ats:Cat Scratch"],"picked":"SKIP","floor":3.0},{"not_picked":["ats:Powerful Strike","ats:Absolute Focus"],"picked":"ats:Explosion Area Strengthen","floor":4.0},{"not_picked":["ats:Hammer On","ats:Curse Doll"],"picked":"ats:Echo Reverb","floor":5.0},{"not_picked":["ats:Part Time Job","ats:Curse Doll"],"picked":"ats:Hook Shot","floor":7.0},{"not_picked":["ats:Healing Drone","ats:Phantom"],"picked":"ats:Powerful Strike","floor":10},{"not_picked":["ats:Powerful Strike","ats:Hammer On"],"picked":"ats:Shadow Assault","floor":11},{"not_picked":["ats:Counter Healing Mode","ats:Cat Scratch"],"picked":"ats:Absolute Focus","floor":12},{"not_picked":["ats:Sword Rain","ats:Ignite"],"picked":"ats:Healing Strengthening","floor":13},{"not_picked":["ats:Closed Bolt Burst Fire","ats:Explosion Area Strengthen"],"picked":"ats:Healing Strengthening","floor":14}],"player_experience":340233,"relics_obtained":[{"floor":9.0,"key":"Whetstone"},{"floor":10,"key":"ats:Originium"},{"floor":10,"key":"Matryoshka"},{"floor":13,"key":"ats:Originium"},{"floor":13,"key":"Centennial Puzzle"}],"event_choices":[],"is_beta":false,"boss_relics":[],"items_purged_floors":[],"is_endless":false,"potions_floor_spawned":[1,5,7,13],"killed_by":"The Guardian","ascension_level":0}}