{"host":"121m0oxswv9tg9hk","time":1611513107,"event":{"mods":["AchievementEnabler","BaseMod","Better Third Choice","Downfall","Hermit","Hubris","Infinite Spire","MarisaÅiñ∂âJÅ@ñÇóùçπÅj","Minty Spire (QoL Compilation)","Replay The Spire","Shade Mod","StSLib","The Construct","The Cursed","The Gatherer","The Hierophant","The Mystic"],"gold_per_floor":[112,131,111,130,143,143,176,176,226,238,238,571,571,571,571,673,673,689,689,361,371,29,29,55,55,137,157,169,169,169,169],"floor_reached":30,"language":"ENG","playtime":1755,"items_purged":["hermit:Defend_Hermit","hermit:Strike_Hermit"],"score":310,"play_id":"bddf1252-be51-4a3d-9c0d-3bc6f0b1095d","local_time":"20210124193147","is_ascension_mode":true,"campfire_choices":[{"floor":6,"key":"REST"},{"floor":11,"key":"REST"},{"floor":13,"key":"REST"},{"data":"hermit:TakeCover","floor":15,"key":"SMITH"},{"data":"hermit:Virtue","floor":23,"key":"SMITH"},{"floor":25,"key":"REST"},{"floor":29,"key":"REST"}],"circlet_count":0,"master_deck":["hermit:Strike_Hermit","hermit:Strike_Hermit","hermit:Strike_Hermit","hermit:Defend_Hermit","hermit:Defend_Hermit","hermit:Defend_Hermit","hermit:Snapshot","hermit:Covet","hermit:Dissolve","hermit:Determination","hermit:TrackingShot","hermit:Snipe","hermit:Virtue+1","hermit:NoHoldsBarred","hermit:TakeCover+1","hermit:Determination","hermit:FromBeyond","hermit:HighCaliber+1","hermit:Malice+1","hermit:HighCaliber","hermit:Desperado+1","hermit:Scavenge+1","hermit:GhostlyPresence"],"relics":["hermit:Momento","Replay:Accelerometer","Replay:Baseball","Guardian:PocketSentry","Old Coin","hubris:CrystalStatue","construct:WeddingRing","MealTicket","hubris:TenFootPole","Mummified Hand","Dream Catcher","Molten Egg 2"],"acts_visited":["Exordium","TheCity"],"potions_floor_usage":[5,7,16],"damage_taken":[{"damage":5,"enemies":"Cultist","floor":1,"turns":4},{"damage":12,"enemies":"Jaw Worm","floor":2,"turns":6},{"damage":0,"enemies":"2 Louse","floor":4,"turns":2},{"damage":18,"enemies":"Lots of Slimes","floor":5,"turns":6},{"damage":30,"enemies":"Gremlin Nob","floor":7,"turns":4},{"damage":11,"enemies":"Exordium Thugs","floor":10,"turns":4},{"damage":8,"enemies":"Replay:BlueRogue","floor":12,"turns":5},{"damage":14,"enemies":"Fading Forest","floor":16,"turns":12},{"damage":18,"enemies":"Shell Parasite","floor":18,"turns":7},{"damage":21,"enemies":"2 Thieves","floor":21,"turns":5},{"damage":34,"enemies":"Replay:Snechameleon","floor":24,"turns":7},{"damage":23,"enemies":"Centurion and Healer","floor":27,"turns":8},{"damage":26,"enemies":"Snake Plant","floor":28,"turns":4},{"damage":34,"enemies":"Cultist and Chosen","floor":30,"turns":4}],"seed_played":"172552267841847040","potions_obtained":[{"floor":3,"key":"Block Potion"},{"floor":5,"key":"champ:CounterPotion"},{"floor":10,"key":"Elixir"},{"floor":18,"key":"Dexterity Potion"},{"floor":21,"key":"BlessingOfTheForge"}],"is_trial":false,"path_per_floor":["M","M","?","M","M","R","E","?","T","M","R","E","R","T","R","B",null,"M","?","$","M","$","R","E","R","T","M","M","R","M"],"character_chosen":"HERMIT","items_purchased":["hubris:TenFootPole","CultistPotion","Mummified Hand"],"campfire_rested":5,"item_purchase_floors":[20,20,22],"current_hp_per_floor":[70,58,58,58,40,62,32,20,20,9,31,23,45,45,45,49,75,57,57,72,51,66,66,32,54,54,31,5,27,0,0],"gold":169,"neow_bonus":"ONE_RANDOM_RARE_CARD","is_daily":false,"chose_seed":false,"campfire_upgraded":2,"win_rate":0.0,"timestamp":1611513107,"path_taken":["M","M","?","?","M","R","E","?","T","M","R","E","R","?","R","BOSS","M","?","$","M","$","R","E","R","T","M","M","R","M"],"items_purchased_type":["Relic","Potion","Relic"],"build_version":"2020-12-22","purchased_purges":2,"victory":false,"max_hp_per_floor":[75,75,75,75,75,75,75,75,75,75,75,75,75,75,75,75,75,75,75,75,75,75,75,75,75,75,75,75,75,75,75],"card_choices":[{"not_picked":["hermit:Vantage","hermit:Snipe"],"picked":"hermit:Determination","floor":1},{"not_picked":["hermit:Misfire","hermit:Feint"],"picked":"hermit:TrackingShot","floor":2},{"not_picked":["hermit:Misfire","hermit:CalledShot"],"picked":"hermit:Snipe","floor":4},{"not_picked":["hermit:LowProfile","hermit:DeadMansHand"],"picked":"hermit:Virtue","floor":5},{"not_picked":["hermit:Feint","hermit:HeroicBravado"],"picked":"hermit:NoHoldsBarred","floor":7},{"not_picked":["hermit:CursedWeapon","hermit:GoldenBullet"],"picked":"hermit:TakeCover","floor":10},{"not_picked":["hermit:Midnight","hermit:Enervate"],"picked":"hermit:Determination","floor":12},{"not_picked":["hermit:BlackWind","hermit:DeadOrAlive"],"picked":"hermit:FromBeyond","floor":16},{"not_picked":["hermit:Manifest","hermit:SprayPray"],"picked":"hermit:HighCaliber+1","floor":18},{"not_picked":["hermit:Grudge+1","hermit:Vantage"],"picked":"hermit:Malice+1","floor":21},{"not_picked":["hermit:Purgatory","hermit:Grudge+1","hermit:Snipe+1"],"picked":"SKIP","floor":24},{"not_picked":["hermit:Dive","hermit:Headshot"],"picked":"hermit:HighCaliber","floor":25},{"not_picked":["hermit:Feint","hermit:PistolWhip+1"],"picked":"hermit:Desperado+1","floor":27},{"not_picked":["hermit:SprayPray+1","hermit:GoldenBullet+1"],"picked":"hermit:Scavenge+1","floor":28},{"not_picked":["hermit:LuckOfTheDraw+1","hermit:Snipe+1"],"picked":"hermit:GhostlyPresence","floor":29}],"player_experience":2959974,"relics_obtained":[{"floor":7,"key":"Replay:Accelerometer"},{"floor":9,"key":"Guardian:PocketSentry"},{"floor":12,"key":"Old Coin"},{"floor":14,"key":"hubris:CrystalStatue"},{"floor":24,"key":"Dream Catcher"},{"floor":26,"key":"Molten Egg 2"}],"event_choices":[{"damage_healed":0,"gold_gain":0,"player_choice":"Bought 1 Potion","damage_taken":0,"max_hp_gain":0,"max_hp_loss":0,"event_name":"The Woman in Blue","floor":3,"gold_loss":0},{"damage_healed":0,"gold_gain":0,"player_choice":"Relic ","damage_taken":12,"max_hp_gain":0,"max_hp_loss":0,"event_name":"betterThird:BetterScrap","floor":8,"gold_loss":0,"cards_obtained":["Searing Blow"]},{"damage_healed":0,"gold_gain":0,"player_choice":"Gave Potion","damage_taken":0,"relics_obtained":["MealTicket"],"max_hp_gain":0,"max_hp_loss":0,"event_name":"WeMeetAgain","floor":19,"gold_loss":0}],"is_beta":false,"boss_relics":[{"not_picked":["Painkiller Herb","hubris:Stopwatch"],"picked":"construct:WeddingRing"}],"items_purged_floors":[20,22],"is_endless":false,"potions_floor_spawned":[5,10,18,21],"killed_by":"Cultist and Chosen","ascension_level":4}}