{"host":"c3lc60y5x60jlt1y","time":1611488224,"event":{"mods":["AchievementEnabler","BaseMod","Bestiary","Colored Map","Minty Spire (QoL Compilation)","Quick Restart","StSLib","ojb\u0027s Info Mod"],"gold_per_floor":[117,5,5,18,18,53,71,71,94,114,114,127,159,175,175,249,249,264,274,7,23,23,57,57,57,57],"floor_reached":25,"language":"ENG","playtime":1671,"items_purged":["Strike_B"],"score":454,"play_id":"8b5ad556-3b88-4ddb-a338-9c27704a3b37","local_time":"20210124133704","is_ascension_mode":true,"campfire_choices":[{"floor":8.0,"key":"REST"},{"data":"Gash","floor":11.0,"key":"SMITH"},{"floor":15.0,"key":"REST"},{"floor":24.0,"key":"REST"}],"circlet_count":0,"master_deck":["AscendersBane","Strike_B","Strike_B","Defend_B","Defend_B","Defend_B","Zap","Dualcast","Genetic Algorithm","FTL","Ball Lightning","Gash","Go for the Eyes","Gash+1","Undo","Steam","Electrodynamics","CurseOfTheBell","Tempest","Chill","Hologram","Go for the Eyes","Echo Form"],"relics":["Cracked Core","GremlinMask","Bronze Scales","Orichalcum","Juzu Bracelet","Calling Bell","Happy Flower","Letter Opener","TungstenRod","Membership Card","PreservedInsect","Smiling Mask"],"acts_visited":["Exordium","TheCity"],"potions_floor_usage":[],"damage_taken":[{"damage":1.0,"enemies":"Cultist","floor":1.0,"turns":3.0},{"damage":7.0,"enemies":"2 Louse","floor":4.0,"turns":3.0},{"damage":44.0,"enemies":"Gremlin Nob","floor":6.0,"turns":4.0},{"damage":4.0,"enemies":"Jaw Worm","floor":7.0,"turns":3.0},{"damage":12.0,"enemies":"Large Slime","floor":10.0,"turns":5.0},{"damage":11.0,"enemies":"Lots of Slimes","floor":12.0,"turns":3.0},{"damage":2.0,"enemies":"Lagavulin","floor":13.0,"turns":5.0},{"damage":0.0,"enemies":"Looter","floor":14.0,"turns":3.0},{"damage":12.0,"enemies":"Hexaghost","floor":16.0,"turns":9.0},{"damage":14.0,"enemies":"Chosen","floor":18.0,"turns":5.0},{"damage":0.0,"enemies":"3 Byrds","floor":19.0,"turns":2.0},{"damage":27.0,"enemies":"Shelled Parasite and Fungi","floor":21.0,"turns":5.0},{"damage":18.0,"enemies":"Slavers","floor":23.0,"turns":3.0},{"damage":24,"enemies":"Gremlin Leader","floor":25,"turns":4}],"seed_played":"-1058886803134321928","potions_obtained":[{"floor":1.0,"key":"Strength Potion"},{"floor":12.0,"key":"Ancient Potion"},{"floor":13.0,"key":"SteroidPotion"},{"floor":21.0,"key":"Fire Potion"}],"is_trial":false,"path_per_floor":["M","$","?","M","$","E","M","R","T","M","R","M","E","M","R","B",null,"M","M","$","M","?","E","R","E"],"character_chosen":"DEFECT","items_purchased":["FTL","Membership Card","PreservedInsect","Hologram"],"campfire_rested":3,"item_purchase_floors":[2,20,20,20],"current_hp_per_floor":[63,63,63,56,56,12,8,27,27,15,15,4,2,2,21,9,50,36,36,36,9,22,4,23,0,0],"gold":57,"neow_bonus":"REMOVE_TWO","is_daily":false,"chose_seed":false,"campfire_upgraded":1,"win_rate":0.0,"timestamp":1611488224,"path_taken":["M","?","?","?","$","E","M","R","T","M","R","M","E","M","R","BOSS","M","M","$","M","?","E","R","E"],"items_purchased_type":["Card","Relic","Relic","Card"],"build_version":"2020-12-22","purchased_purges":1,"victory":false,"max_hp_per_floor":[64,64,64,64,64,64,64,64,64,64,64,64,64,64,64,64,64,64,64,64,64,64,64,64,64,64],"card_choices":[{"not_picked":["Force Field","Barrage"],"picked":"Genetic Algorithm","floor":1.0},{"not_picked":["Rip and Tear","Rebound"],"picked":"Ball Lightning","floor":4.0},{"not_picked":["Streamline","Aggregate"],"picked":"Gash","floor":6.0},{"not_picked":["Sweeping Beam","Compile Driver"],"picked":"Go for the Eyes","floor":7.0},{"not_picked":["Amplify","Sunder"],"picked":"Gash","floor":10.0},{"not_picked":["Aggregate","Compile Driver"],"picked":"Undo","floor":12.0},{"not_picked":["Rip and Tear","Coolheaded"],"picked":"Steam","floor":13.0},{"not_picked":["Barrage","Heatsinks","Turbo"],"picked":"SKIP","floor":14.0},{"not_picked":["Core Surge","Reboot"],"picked":"Electrodynamics","floor":16.0},{"not_picked":["Leap","Conserve Battery"],"picked":"Tempest","floor":18.0},{"not_picked":["Conserve Battery","Compile Driver+1"],"picked":"Chill","floor":19.0},{"not_picked":["Steam","Turbo+1"],"picked":"Go for the Eyes","floor":21.0},{"not_picked":["Reprogram","Hologram+1"],"picked":"Echo Form","floor":23.0}],"player_experience":8484210,"relics_obtained":[{"floor":6.0,"key":"Bronze Scales"},{"floor":9.0,"key":"Orichalcum"},{"floor":13.0,"key":"Juzu Bracelet"},{"floor":17.0,"key":"Happy Flower"},{"floor":17.0,"key":"Letter Opener"},{"floor":17.0,"key":"TungstenRod"},{"floor":23.0,"key":"Smiling Mask"}],"event_choices":[{"damage_healed":0.0,"max_hp_gain":0.0,"max_hp_loss":0.0,"gold_gain":0.0,"event_name":"FaceTrader","player_choice":"Trade","floor":3.0,"gold_loss":0.0,"damage_taken":0.0,"relics_obtained":["GremlinMask"]},{"damage_healed":13.0,"max_hp_gain":0.0,"max_hp_loss":0.0,"gold_gain":0.0,"event_name":"The Library","player_choice":"Heal","floor":22.0,"gold_loss":0.0,"damage_taken":0.0}],"is_beta":false,"boss_relics":[{"not_picked":["FrozenCore","Sozu"],"picked":"Calling Bell"}],"items_purged_floors":[2],"is_endless":false,"potions_floor_spawned":[1,12,13,21],"killed_by":"Gremlin Leader","ascension_level":19}}