{"host":"qsusua7l529r8z9k","time":1611471713,"event":{"mods":["BaseMod","Downfall","Minty Spire (QoL Compilation)","Spicy Shops","StSLib"],"gold_per_floor":[99,115,131,41,61,61,86,98,373,386,24,51,51,81,93,198,198,198,218,78,89,89,89,112,140,140,175,199,217,213,226,239,239,239,239],"floor_reached":33,"language":"ZHS","playtime":4094,"items_purged":["Clumsy","Regret","Slimebound:Strike_Slimebound","Slimebound:Strike_Slimebound"],"score":468,"play_id":"ee499e32-e922-42c9-a9ed-d8e4021affb8","local_time":"20210124150153","is_ascension_mode":true,"campfire_choices":[{"data":"Slimebound:Split","floor":1.0,"key":"SMITH"},{"data":"Slimebound:GoopSpray","floor":6.0,"key":"SMITH"},{"data":"Slimebound:CorrosiveSpit","floor":13.0,"key":"SMITH"},{"data":"Slimebound:DouseInSlime","floor":18,"key":"SMITH"},{"data":"Slimebound:LeechEnergy","floor":23,"key":"SMITH"},{"data":"Slimebound:RejuvenatingLick","floor":26,"key":"SMITH"}],"circlet_count":0,"master_deck":["Slimebound:Strike_Slimebound","Slimebound:Tackle","Slimebound:Defend_Slimebound","Slimebound:Defend_Slimebound","Slimebound:Defend_Slimebound","Slimebound:Defend_Slimebound","Slimebound:Split+1","Slimebound:CorrosiveSpit+1","Slimebound:Gluttony","Slimebound:LeechEnergy+1","Slimebound:GoopSpray+1","Slimebound:SlimeTap","Slimebound:DivideAndConquer","Slimebound:Prepare","Slimebound:ComboTackle","Slimebound:WasteNot","Slimebound:SplitLeeching","Slimebound:DouseInSlime+1","Slimebound:Repurpose+1","Slimebound:LivingWall+1","Slimebound:RejuvenatingLick+1","Slimebound:HauntingLick","Slimebound:AcidTongue+1","Slimebound:ViciousTackle","Slimebound:Nibble","Slimebound:LeechEnergy+1"],"relics":["Slimebound:AbsorbEndCombat","WingedGreaves","PreservedInsect","Chemical X","Incense Burner","Smiling Mask","Pen Nib","Slimebound:TarBlob","HandDrill","Bag of Marbles","Eternal Feather","Potion Belt","Blood Vial","ClockworkSouvenir","Juzu Bracelet"],"acts_visited":["Exordium","TheCity"],"potions_floor_usage":[25],"damage_taken":[{"damage":4.0,"enemies":"Jaw Worm","floor":2.0,"turns":3.0},{"damage":4.0,"enemies":"Cultist","floor":3.0,"turns":3.0},{"damage":5.0,"enemies":"downfall:FleeingMerchant","floor":4.0,"turns":4.0},{"damage":0.0,"enemies":"2 Louse","floor":5.0,"turns":2.0},{"damage":8.0,"enemies":"Exordium Wildlife","floor":8.0,"turns":4.0},{"damage":2.0,"enemies":"Blue Slaver","floor":10.0,"turns":4.0},{"damage":2.0,"enemies":"downfall:FleeingMerchant","floor":11.0,"turns":4.0},{"damage":0.0,"enemies":"Gremlin Nob","floor":12.0,"turns":3.0},{"damage":7.0,"enemies":"Lagavulin","floor":14.0,"turns":5.0},{"damage":5,"enemies":"3 Louse","floor":15,"turns":3},{"damage":47,"enemies":"DF_ARCHETYPE_STREAMLINE","floor":16,"turns":13},{"damage":5,"enemies":"Shell Parasite","floor":19,"turns":3},{"damage":9,"enemies":"downfall:FleeingMerchant","floor":20,"turns":4},{"damage":24,"enemies":"Snake Plant","floor":21,"turns":3},{"damage":18,"enemies":"Book of Stabbing","floor":25,"turns":4},{"damage":27,"enemies":"Gremlin Leader","floor":27,"turns":5},{"damage":5,"enemies":"3 Cultists","floor":29,"turns":4},{"damage":12,"enemies":"downfall:FleeingMerchant","floor":30,"turns":3},{"damage":12,"enemies":"Cultist and Chosen","floor":31,"turns":4},{"damage":0,"enemies":"Snecko","floor":32,"turns":3}],"seed_played":"158489636230003242","potions_obtained":[{"floor":2.0,"key":"DistilledChaos"},{"floor":3.0,"key":"Strength Potion"},{"floor":5.0,"key":"EssenceOfSteel"},{"floor":10.0,"key":"EntropicBrew"},{"floor":21,"key":"AttackPotion"},{"floor":25,"key":"AttackPotion"},{"floor":31,"key":"Fire Potion"},{"floor":32,"key":"Weak Potion"}],"is_trial":false,"path_per_floor":["R","M","M","$","M","R","T","M","?","M","$","E","R","E","M","B",null,"R","M","$","M","?","R","T","E","R","E","T","M","$","M","M","B"],"character_chosen":"SLIMEBOUND","items_purchased":["Chemical X","Incense Burner","HandDrill","ClockworkSouvenir","Juzu Bracelet"],"campfire_rested":0,"item_purchase_floors":[11,11,20,30,30],"current_hp_per_floor":[65,64,63,65,65,65,65,65,65,65,65,65,65,60,59,20,65,65,60,59,39,39,39,39,29,41,22,22,27,25,21,25,0,0,0],"gold":239,"neow_bonus":"ONE_RARE_RELIC","is_daily":false,"chose_seed":false,"campfire_upgraded":6,"win_rate":0.0,"timestamp":1611471713,"path_taken":["R","M","M","$","M","R","T","M","?","?","$","E","R","E","M","BOSS","R","M","$","?","?","R","T","E","R","E","?","M","$","M","M","BOSS"],"items_purchased_type":["Relic","Relic","Relic","Relic","Relic"],"build_version":"2020-12-22","purchased_purges":4,"victory":false,"max_hp_per_floor":[65,65,65,65,65,65,65,65,65,65,65,65,65,65,65,65,65,65,65,65,65,65,65,65,65,65,65,65,65,65,65,65,65,65,65],"card_choices":[{"not_picked":["Slimebound:GoopTackle","Slimebound:RejuvenatingLick"],"picked":"Slimebound:Gluttony","floor":2.0},{"not_picked":["Slimebound:SlimeSpikes","Slimebound:GrowthPunch"],"picked":"Slimebound:LeechEnergy","floor":3.0},{"not_picked":["Slimebound:RejuvenatingLick","Slimebound:GrowthPunch"],"picked":"Slimebound:GoopSpray","floor":4.0},{"not_picked":["Slimebound:Prepare","Slimebound:Gluttony"],"picked":"Slimebound:SlimeTap","floor":5.0},{"not_picked":["Slimebound:ItLooksTasty","Slimebound:LeechingTouch"],"picked":"Slimebound:DivideAndConquer","floor":8.0},{"not_picked":["Slimebound:Grow","Slimebound:SplitLeeching"],"picked":"Slimebound:Prepare","floor":10.0},{"not_picked":["Slimebound:SlimeTap","Slimebound:LeechingTouch"],"picked":"Slimebound:ComboTackle","floor":11.0},{"not_picked":["Slimebound:Chomp","Slimebound:HauntingLick"],"picked":"Slimebound:WasteNot","floor":12.0},{"not_picked":["Slimebound:WasteNot","Slimebound:RollThrough"],"picked":"Slimebound:SplitLeeching","floor":14.0},{"not_picked":["Slimebound:SlimeTap","Slimebound:FlameTackle","Slimebound:TongueLash"],"picked":"SKIP","floor":15},{"not_picked":["Slimebound:OozeBath","Slimebound:CheckThePlaybook"],"picked":"Slimebound:DouseInSlime","floor":16},{"not_picked":["Slimebound:SplitMire","Slimebound:ComboTackle"],"picked":"Slimebound:Repurpose+1","floor":19},{"not_picked":["Slimebound:DivideAndConquer","Slimebound:Equalize"],"picked":"Slimebound:LivingWall+1","floor":20},{"not_picked":["Slimebound:LeechingTouch","Slimebound:Prepare","Slimebound:PressTheAttack"],"picked":"SKIP","floor":21},{"not_picked":["Slimebound:ComboTackle","Slimebound:CheckThePlaybook"],"picked":"Slimebound:RejuvenatingLick","floor":25},{"not_picked":["Slimebound:DivideAndConquer","Slimebound:SplitBruiser"],"picked":"Slimebound:HauntingLick","floor":27},{"not_picked":["Slimebound:RejuvenatingLick+1","Slimebound:HauntingLick+1"],"picked":"Slimebound:AcidTongue+1","floor":29},{"not_picked":["Slimebound:Schlurp","Slimebound:Replication+1"],"picked":"Slimebound:ViciousTackle","floor":30},{"not_picked":["Slimebound:SplitAcid+1","Slimebound:SplitBruiser"],"picked":"Slimebound:Nibble","floor":31},{"not_picked":["Slimebound:Chomp","Slimebound:SlimeSpikes"],"picked":"Slimebound:LeechEnergy+1","floor":32}],"player_experience":511463,"relics_obtained":[{"floor":7.0,"key":"PreservedInsect"},{"floor":12.0,"key":"Smiling Mask"},{"floor":14.0,"key":"Pen Nib"},{"floor":24,"key":"Bag of Marbles"},{"floor":25,"key":"Eternal Feather"},{"floor":27,"key":"Potion Belt"},{"floor":28,"key":"Blood Vial"}],"event_choices":[{"damage_healed":0,"gold_gain":0,"player_choice":"Ignored","damage_taken":0,"max_hp_gain":0,"max_hp_loss":0,"event_name":"Vampires","floor":22,"gold_loss":0}],"is_beta":false,"boss_relics":[{"not_picked":["Runic Dome","Velvet Choker"],"picked":"Slimebound:TarBlob"}],"items_purged_floors":[4,11,20,30],"is_endless":false,"potions_floor_spawned":[2,3,5,8,10,21,25,31,32],"killed_by":"IC_MUSHROOM_ARCHETYPE","ascension_level":1}}