{"host":"y3h3n3f7seyagppx","time":1611521558,"event":{"mods":["AlwaysNeverKeys","BaseMod","Better Vampires","Colored Powertips","DeckTracker","Emptier Cage","Minty Spire (QoL Compilation)","Permanent Neow","Quick Restart","Rare Cards Sparkle","Relic Sorter","Relic Stats","StSLib","Transform Curses"],"gold_per_floor":[109,125,125,137,155,185,185,204,274,305,305,337,337,367,367,441,441,459,477,64,64,64,97,97,115,115,165,165,5,5,45,45,129,129,155,180,207,230,49,78,78,111,111,147,147,177,177,204,204,204,204,204,204,53,88,88],"floor_reached":57,"language":"ENG","playtime":8756,"items_purged":["Strike_B","Pain"],"score":3197,"play_id":"3d00470d-3346-4ccb-ada9-7df8db44b8e9","local_time":"20210124155238","is_ascension_mode":true,"campfire_choices":[{"data":"Hyperbeam","floor":7,"key":"SMITH"},{"data":"BootSequence","floor":13,"key":"SMITH"},{"data":"Lockon","floor":15,"key":"SMITH"},{"data":"Loop","floor":24,"key":"SMITH"},{"data":"Ghostly","floor":30,"key":"SMITH"},{"data":"Multi-Cast","floor":32,"key":"SMITH"},{"data":"Defragment","floor":45,"key":"SMITH"},{"data":"Ghostly","floor":47,"key":"SMITH"},{"data":"Coolheaded","floor":49,"key":"SMITH"},{"data":"Hologram","floor":53,"key":"SMITH"}],"circlet_count":0,"master_deck":["AscendersBane","Strike_B","Strike_B","Strike_B","Defend_B","Defend_B+1","Defend_B","Defend_B","Zap+1","Dualcast","Echo Form","FTL","Lockon+1","Rip and Tear","BootSequence+1","Hyperbeam+1","Aggregate","Hologram+1","Multi-Cast+1","Loop+1","Genetic Algorithm","Ghostly+1","Ghostly+1","Ghostly","Genetic Algorithm","Go for the Eyes+1","Seek","Capacitor","Skim","Defragment+1","Coolheaded+1","Undo","Capacitor","Darkness","Echo Form","Creative AI"],"relics":["Cracked Core","Thread and Needle","White Beast Statue","Ice Cream","Bag of Preparation","Blood Vial","Coffee Dripper","Incense Burner","WarpedTongs","Pear","Ornamental Fan","Ginger","OrangePellets","CeramicFish","SlaversCollar","Gremlin Horn","Bag of Marbles","Singing Bowl","Du-Vu Doll","Anchor","DollysMirror","Blue Candle"],"acts_visited":["Exordium","TheCity","TheBeyond","TheEnding"],"potions_floor_usage":[14,19],"damage_taken":[{"damage":8,"enemies":"2 Louse","floor":1,"turns":2},{"damage":4,"enemies":"Jaw Worm","floor":2,"turns":4},{"damage":1,"enemies":"Small Slimes","floor":4,"turns":3},{"damage":10,"enemies":"3 Louse","floor":5,"turns":3},{"damage":10,"enemies":"Lagavulin","floor":6,"turns":6},{"damage":0,"enemies":"Lots of Slimes","floor":8,"turns":2},{"damage":0,"enemies":"3 Sentries","floor":10,"turns":2},{"damage":29,"enemies":"Gremlin Nob","floor":12,"turns":4},{"damage":6,"enemies":"Lagavulin","floor":14,"turns":5},{"damage":29,"enemies":"Hexaghost","floor":16,"turns":8},{"damage":0,"enemies":"Shell Parasite","floor":18,"turns":2},{"damage":0,"enemies":"Spheric Guardian","floor":19,"turns":2},{"damage":3,"enemies":"Book of Stabbing","floor":23,"turns":7},{"damage":3,"enemies":"Centurion and Healer","floor":25,"turns":9},{"damage":4,"enemies":"Gremlin Leader","floor":31,"turns":8},{"damage":31,"enemies":"Automaton","floor":33,"turns":10},{"damage":0,"enemies":"3 Shapes","floor":35,"turns":7},{"damage":0,"enemies":"Orb Walker","floor":36,"turns":3},{"damage":5,"enemies":"Spire Growth","floor":37,"turns":6},{"damage":0,"enemies":"Transient","floor":38,"turns":6},{"damage":5,"enemies":"Giant Head","floor":40,"turns":9},{"damage":0,"enemies":"Reptomancer","floor":42,"turns":5},{"damage":0,"enemies":"Nemesis","floor":44,"turns":11},{"damage":0,"enemies":"Giant Head","floor":46,"turns":7},{"damage":0,"enemies":"4 Shapes","floor":48,"turns":6},{"damage":0,"enemies":"Donu and Deca","floor":50,"turns":6},{"damage":2,"enemies":"Awakened One","floor":51,"turns":24},{"damage":4,"enemies":"Shield and Spear","floor":55,"turns":12},{"damage":25,"enemies":"The Heart","floor":56,"turns":11}],"seed_played":"2240552090996704377","potions_obtained":[{"floor":1,"key":"FairyPotion"},{"floor":2,"key":"FairyPotion"},{"floor":12,"key":"Regen Potion"},{"floor":14,"key":"Explosive Potion"},{"floor":19,"key":"LiquidMemories"},{"floor":37,"key":"GamblersBrew"}],"is_trial":false,"path_per_floor":["M","M","?","M","M","E","R","M","T","E","?","E","R","E","R","B",null,"M","M","$","?","?","E","R","M","T","?","?","$","R","E","R","B",null,"M","M","M","M","$","E","$","E","T","E","R","E","R","M","R","B","B",null,"R","$","E","B",null],"character_chosen":"DEFECT","items_purchased":["Incense Burner","OrangePellets","Undo","DollysMirror"],"campfire_rested":0,"item_purchase_floors":[20,29,39,54],"current_hp_per_floor":[56,52,57,56,46,36,36,36,36,36,15,20,20,28,28,1,52,54,56,56,34,34,41,41,40,40,40,40,40,40,38,38,9,35,37,39,36,38,38,35,35,37,37,39,39,43,43,45,45,46,44,46,46,46,42,19],"gold":88,"neow_bonus":"THREE_RARE_CARDS","is_daily":false,"chose_seed":false,"campfire_upgraded":10,"win_rate":0.0,"timestamp":1611521558,"path_taken":["M","M","?","M","M","E","R","M","T","E","?","E","R","E","R","BOSS","M","M","$","?","?","E","R","?","T","?","?","$","R","E","R","BOSS","M","M","?","M","$","E","?","E","T","E","R","E","R","?","R","BOSS","BOSS","R","$","E","BOSS"],"items_purchased_type":["Relic","Relic","Card","Relic"],"build_version":"2020-12-22","purchased_purges":2,"victory":true,"max_hp_per_floor":[64,64,69,69,69,69,69,69,69,69,69,69,69,69,69,69,69,69,69,69,34,34,44,44,44,44,44,44,44,44,44,44,44,44,44,44,44,44,44,44,44,44,44,44,44,46,46,46,46,46,46,46,46,46,46,46],"relic_stats":{"Blood Vial":33,"OrangePellets":[6],"Gremlin Horn":[11,11],"Singing Bowl":2,"counters":[29,189],"Ornamental Fan":[80],"CeramicFish":99,"Blue Candle":[0],"Bag of Preparation":[42],"Ginger":[8],"obtain_stats":[{"Ice Cream":10,"Pear":23,"Gremlin Horn":40,"Singing Bowl":43,"CeramicFish":31,"Blue Candle":55,"Thread and Needle":6,"Bag of Preparation":12,"Incense Burner":20,"Ginger":28,"White Beast Statue":9,"WarpedTongs":22,"Blood Vial":14,"Du-Vu Doll":44,"OrangePellets":29,"SlaversCollar":34,"Anchor":46,"Ornamental Fan":26,"DollysMirror":54,"Coffee Dripper":17,"Bag of Marbles":42,"Cracked Core":0},{"Ice Cream":7,"Pear":13,"Gremlin Horn":21,"Singing Bowl":22,"CeramicFish":15,"Blue Candle":28,"Thread and Needle":5,"Bag of Preparation":8,"Incense Burner":12,"Ginger":14,"White Beast Statue":6,"WarpedTongs":12,"Blood Vial":9,"Du-Vu Doll":23,"OrangePellets":14,"SlaversCollar":16,"Anchor":24,"Ornamental Fan":14,"DollysMirror":27,"Coffee Dripper":10,"Bag of Marbles":22,"Cracked Core":0},{"Ice Cream":22,"Pear":50,"Gremlin Horn":108,"Singing Bowl":113,"CeramicFish":67,"Blue Candle":178,"Thread and Needle":18,"Bag of Preparation":26,"Incense Burner":43,"Ginger":59,"White Beast Statue":20,"WarpedTongs":43,"Blood Vial":31,"Du-Vu Doll":123,"OrangePellets":59,"SlaversCollar":77,"Anchor":130,"Ornamental Fan":59,"DollysMirror":166,"Coffee Dripper":39,"Bag of Marbles":113,"Cracked Core":0}],"WarpedTongs":[136]},"card_choices":[{"not_picked":["Creative AI","Fission"],"picked":"Echo Form","floor":0},{"not_picked":["Sweeping Beam","Steam Power"],"picked":"FTL","floor":1},{"not_picked":["Rebound","Stack"],"picked":"Lockon","floor":2},{"not_picked":["Coolheaded","Steam Power"],"picked":"Rip and Tear","floor":4},{"not_picked":["Chill","Recycle"],"picked":"BootSequence","floor":5},{"not_picked":["Sweeping Beam","Steam"],"picked":"Hyperbeam","floor":6},{"not_picked":["Barrage","Rebound","Recycle"],"picked":"SKIP","floor":8},{"not_picked":["Streamline","Doom and Gloom"],"picked":"Aggregate","floor":10},{"not_picked":["Stack","Leap"],"picked":"Hologram","floor":12},{"not_picked":["Stack","Force Field","Rip and Tear"],"picked":"SKIP","floor":14},{"not_picked":["Thunder Strike","Electrodynamics"],"picked":"Multi-Cast","floor":16},{"not_picked":["Leap","Cold Snap"],"picked":"Loop","floor":18},{"not_picked":["Rebound","Force Field"],"picked":"Genetic Algorithm","floor":19},{"not_picked":["Steam","Compile Driver"],"picked":"Genetic Algorithm","floor":23},{"not_picked":["FTL","Lockon","Streamline+1"],"picked":"SKIP","floor":25},{"not_picked":["Streamline","Barrage"],"picked":"Go for the Eyes+1","floor":31},{"not_picked":["Electrodynamics","Multi-Cast"],"picked":"Seek","floor":33},{"not_picked":["Steam","Go for the Eyes+1"],"picked":"Capacitor","floor":35},{"not_picked":["Sweeping Beam","Capacitor"],"picked":"Skim","floor":36},{"not_picked":["Ball Lightning","Streamline"],"picked":"Defragment","floor":37},{"not_picked":["Streamline","Rebound+1"],"picked":"Coolheaded","floor":38},{"not_picked":["Go for the Eyes","Gash+1","Static Discharge"],"picked":"SKIP","floor":40},{"not_picked":["Streamline","Lockon+1","Sweeping Beam"],"picked":"SKIP","floor":42},{"not_picked":["Blizzard","Steam Power"],"picked":"Capacitor","floor":44},{"not_picked":["Conserve Battery","Aggregate+1","Genetic Algorithm+1"],"picked":"Singing Bowl","floor":46},{"not_picked":["Steam","Self Repair"],"picked":"Darkness","floor":48},{"not_picked":["Cold Snap+1","Rebound"],"picked":"Creative AI","floor":55}],"player_experience":21552071,"relics_obtained":[{"floor":6,"key":"Thread and Needle"},{"floor":9,"key":"White Beast Statue"},{"floor":10,"key":"Ice Cream"},{"floor":12,"key":"Bag of Preparation"},{"floor":14,"key":"Blood Vial"},{"floor":23,"key":"Pear"},{"floor":26,"key":"Ornamental Fan"},{"floor":28,"key":"Ginger"},{"floor":31,"key":"CeramicFish"},{"floor":40,"key":"Gremlin Horn"},{"floor":42,"key":"Bag of Marbles"},{"floor":43,"key":"Singing Bowl"},{"floor":44,"key":"Du-Vu Doll"},{"floor":46,"key":"Anchor"},{"floor":55,"key":"Blue Candle"}],"event_choices":[{"damage_healed":0,"gold_gain":0,"player_choice":"Donut","damage_taken":0,"max_hp_gain":5,"max_hp_loss":0,"event_name":"Big Fish","floor":3,"gold_loss":0},{"damage_healed":0,"gold_gain":0,"player_choice":"Entered Light","damage_taken":21,"max_hp_gain":0,"max_hp_loss":0,"event_name":"Shining Light","floor":11,"gold_loss":0,"cards_upgraded":["Zap","Defend_B"]},{"damage_healed":0,"gold_gain":0,"player_choice":"Became a Ghost","damage_taken":0,"max_hp_gain":0,"max_hp_loss":35,"event_name":"Ghosts","floor":21,"gold_loss":0,"cards_obtained":["Ghostly","Ghostly","Ghostly"]},{"damage_healed":0,"gold_gain":0,"player_choice":"Rummage","damage_taken":0,"relics_obtained":["WarpedTongs"],"max_hp_gain":0,"max_hp_loss":0,"event_name":"Accursed Blacksmith","floor":22,"gold_loss":0,"cards_obtained":["Pain"]},{"damage_healed":0,"gold_gain":50,"player_choice":"Stole From Cult","damage_taken":0,"max_hp_gain":0,"max_hp_loss":0,"event_name":"Nest","floor":27,"gold_loss":0},{"damage_healed":0,"gold_gain":0,"player_choice":"Relic","damage_taken":0,"max_hp_gain":0,"max_hp_loss":0,"event_name":"Wheel of Change","floor":28,"gold_loss":0}],"is_beta":false,"boss_relics":[{"not_picked":["Philosopher\u0027s Stone","Tiny House"],"picked":"Coffee Dripper"},{"not_picked":["FrozenCore","Fusion Hammer"],"picked":"SlaversCollar"}],"items_purged_floors":[20,39],"is_endless":false,"potions_floor_spawned":[1,2,6,10,12,14,16,18,19,23,25,31,33,35,36,37,38,40,42,44,46,48,55],"ascension_level":20}}