{"host":"1c17lcvl7acx821p","time":1611499770,"event":{"mods":["AchievementEnabler","BaseMod","Colored Map","Minty Spire (QoL Compilation)","StSLib"],"gold_per_floor":[214,226,226,238,255,255,281,281,307,332,346,380,380,25,25,126,126,141,152,162,178,198,198,198],"floor_reached":23,"language":"ENG","playtime":1121,"items_purged":["Strike_B"],"score":333,"play_id":"f1d2ab83-3759-4a75-8353-73ec7d830156","local_time":"20210124164930","is_ascension_mode":true,"campfire_choices":[{"data":"Conserve Battery","floor":6.0,"key":"SMITH"},{"floor":8.0,"key":"REST"},{"floor":15.0,"key":"REST"}],"circlet_count":0,"master_deck":["AscendersBane","Strike_B","Strike_B","Strike_B","Defend_B","Defend_B","Defend_B+1","Defend_B","Zap+1","Dualcast","Cold Snap","Conserve Battery+1","Storm","Seek+1","Steam","Loop","Coolheaded","Ball Lightning","Chill","Amplify","CurseOfTheBell","Chill+1","Capacitor","Chaos+1","Aggregate+1"],"relics":["Cracked Core","DataDisk","Smiling Mask","Oddly Smooth Stone","Happy Flower","War Paint","Potion Belt","Calling Bell","Bag of Marbles","Question Card","Thread and Needle"],"acts_visited":["Exordium","TheCity"],"potions_floor_usage":[23],"damage_taken":[{"damage":6.0,"enemies":"Small Slimes","floor":1.0,"turns":4.0},{"damage":6.0,"enemies":"Cultist","floor":2.0,"turns":4.0},{"damage":1.0,"enemies":"2 Louse","floor":4.0,"turns":2.0},{"damage":0.0,"enemies":"Looter","floor":5.0,"turns":3.0},{"damage":36.0,"enemies":"Gremlin Nob","floor":7.0,"turns":4.0},{"damage":24.0,"enemies":"3 Sentries","floor":10.0,"turns":9.0},{"damage":4.0,"enemies":"3 Louse","floor":11.0,"turns":3.0},{"damage":14.0,"enemies":"Gremlin Nob","floor":12.0,"turns":5.0},{"damage":4.0,"enemies":"Hexaghost","floor":16.0,"turns":10.0},{"damage":11.0,"enemies":"Shell Parasite","floor":18.0,"turns":6.0},{"damage":0.0,"enemies":"Spheric Guardian","floor":19.0,"turns":6.0},{"damage":0.0,"enemies":"Snecko","floor":20.0,"turns":7.0},{"damage":5.0,"enemies":"Snake Plant","floor":21.0,"turns":6.0},{"damage":18,"enemies":"Cultist and Chosen","floor":22,"turns":8},{"damage":39,"enemies":"Gremlin Leader","floor":23,"turns":6}],"seed_played":"2619478082736326986","potions_obtained":[{"floor":2.0,"key":"Fruit Juice"},{"floor":4.0,"key":"Dexterity Potion"},{"floor":10.0,"key":"Energy Potion"},{"floor":12.0,"key":"FocusPotion"},{"floor":16.0,"key":"Regen Potion"},{"floor":19.0,"key":"LiquidBronze"}],"is_trial":false,"path_per_floor":["M","M","?","M","M","R","E","R","T","E","M","E","?","$","R","B",null,"M","M","M","M","M","E"],"character_chosen":"DEFECT","items_purchased":["Potion Belt","Coolheaded","Ball Lightning","Chill"],"campfire_rested":2,"item_purchase_floors":[14,14,14,14],"current_hp_per_floor":[62,56,56,55,55,55,19,41,41,17,13,4,4,4,28,24,66,55,55,55,50,32,0,0],"gold":198,"neow_bonus":"HUNDRED_GOLD","is_daily":false,"chose_seed":false,"campfire_upgraded":1,"win_rate":0.0,"timestamp":1611499770,"path_taken":["M","M","?","?","?","R","E","R","T","E","M","E","?","$","R","BOSS","M","M","?","M","M","E"],"items_purchased_type":["Relic","Card","Card","Card"],"build_version":"2020-12-22","purchased_purges":1,"victory":false,"max_hp_per_floor":[75,75,75,75,75,75,75,75,75,75,75,80,80,80,80,80,80,80,80,80,80,80,80,80],"card_choices":[{"not_picked":["Stack","Conserve Battery"],"picked":"Cold Snap","floor":1.0},{"not_picked":["Steam","Rebound"],"picked":"Conserve Battery","floor":2.0},{"not_picked":["Double Energy","Melter"],"picked":"Compile Driver","floor":4.0},{"not_picked":["Stack","Compile Driver"],"picked":"Storm","floor":5.0},{"not_picked":["Heatsinks","Conserve Battery"],"picked":"Seek","floor":7.0},{"not_picked":["Sunder","Redo","Stack"],"picked":"SKIP","floor":10.0},{"not_picked":["Barrage","Stack"],"picked":"Steam","floor":11.0},{"not_picked":["Melter","Storm"],"picked":"Loop","floor":12.0},{"not_picked":["Multi-Cast","Buffer"],"picked":"Amplify","floor":16.0},{"not_picked":["Genetic Algorithm","Reprogram","Go for the Eyes"],"picked":"Chill+1","floor":18.0},{"not_picked":["Barrage","Hologram","Ball Lightning"],"picked":"Capacitor","floor":19.0},{"not_picked":["Go for the Eyes","Coolheaded","Scrape","Beam Cell+1"],"picked":"SKIP","floor":20.0},{"not_picked":["Reprogram","Turbo","Coolheaded"],"picked":"Chaos+1","floor":21.0},{"not_picked":["Ball Lightning","Conserve Battery","Leap+1"],"picked":"Aggregate+1","floor":22}],"player_experience":197181,"relics_obtained":[{"floor":7.0,"key":"DataDisk"},{"floor":9.0,"key":"Smiling Mask"},{"floor":10.0,"key":"Oddly Smooth Stone"},{"floor":12.0,"key":"Happy Flower"},{"floor":17.0,"key":"Bag of Marbles"},{"floor":17.0,"key":"Question Card"},{"floor":17.0,"key":"Thread and Needle"}],"event_choices":[{"damage_healed":0.0,"max_hp_gain":0.0,"max_hp_loss":0.0,"gold_gain":0.0,"event_name":"Upgrade Shrine","player_choice":"Upgraded","floor":3.0,"gold_loss":0.0,"damage_taken":0.0,"cards_upgraded":["Zap"]},{"cards_removed":["Compile Driver"],"damage_healed":0.0,"max_hp_gain":0.0,"max_hp_loss":0.0,"gold_gain":0.0,"event_name":"WeMeetAgain","player_choice":"Gave Card","floor":13.0,"gold_loss":0.0,"damage_taken":0.0,"relics_obtained":["War Paint"]}],"is_beta":false,"boss_relics":[{"not_picked":["Velvet Choker","Runic Dome"],"picked":"Calling Bell"}],"items_purged_floors":[14],"is_endless":false,"potions_floor_spawned":[2,4,10,12,16,19],"killed_by":"Gremlin Leader","ascension_level":11}}