{"host":"pletss163z7s8pvv","time":1611527599,"event":{"mods":["AchievementEnabler","BaseMod","Better Altar","CapriCore","Colored Map","Colored Powertips","Conspire","Energized Spire","GifTheSpireLib","Hermit","Ironclad Rager","Minty Spire (QoL Compilation)","Spicy Shops","StS++","StSLib","The Cursed","The Disciple"],"gold_per_floor":[11,11,11,28,39,83,111,111,111,139,161,161,190,17,17,125,125,152,152,176,28,47,47,56,56,56,78,100,100,125,148,148,255,255,281,302,320,35,63,82,125,134,143,2,2,42,54,66,66,66,66,66,3,48,48,48],"floor_reached":55,"language":"ENG","playtime":1768,"items_purged":["Decay"],"score":760,"play_id":"06a005a0-f0aa-41d8-85d8-9ee089ec1ddd","local_time":"20210124163319","is_ascension_mode":false,"campfire_choices":[{"floor":8.0,"key":"RECALL"},{"floor":12.0,"key":"REST"},{"floor":15.0,"key":"REST"},{"floor":23.0,"key":"REST"},{"data":"conspire:HitWhereItHurts","floor":25.0,"key":"SMITH"},{"floor":29.0,"key":"REST"},{"floor":32.0,"key":"REST"},{"floor":42.0,"key":"REST"},{"floor":45.0,"key":"REST"},{"floor":49.0,"key":"REST"},{"data":"Spot Weakness","floor":52.0,"key":"SMITH"}],"circlet_count":0,"master_deck":["Bash","Twin Strike","Twin Strike","Twin Strike","Twin Strike","Iron Wave","Iron Wave","Iron Wave","Iron Wave+1","conspire:Charge","Perfected Strike","Clash","Perfected Strike","Wild Strike","Cleave","Perfected Strike","Inflame","Flex","conspire:HitWhereItHurts+1","StSpp:Jab","Flex","Flex","Pommel Strike+1","Necronomicurse","StSpp:CounterStrike+1","Flame Barrier+1","Spot Weakness+1","Perfected Strike+1","Reaper","Uppercut+1","Flex+1","Madness","Madness","Flex","Thunderclap","Sever Soul","Disarm","conspire:ExplosiveBarrier","Iron Wave+1","Sword Boomerang+1","Power Through","Flex+1","Demon Form","ICR:PowerAttack"],"relics":["Burning Blood","CeramicFish","StSpp:WoodenPendulum","Membership Card","Empty Cage","Shuriken","Necronomicon","Cursed Key","Frozen Eye","Sling","Dream Catcher","Singing Bowl","Whetstone","Lee\u0027s Waffle","MealTicket","conspire:GiftBox"],"acts_visited":["Exordium","TheCity","TheBeyond","TheEnding"],"potions_floor_usage":[55,55,55],"damage_taken":[{"damage":3.0,"enemies":"Small Slimes","floor":1.0,"turns":3.0},{"damage":6.0,"enemies":"Cultist","floor":4.0,"turns":3.0},{"damage":1.0,"enemies":"2 Louse","floor":5.0,"turns":2.0},{"damage":11.0,"enemies":"Gremlin Nob","floor":6.0,"turns":3.0},{"damage":13.0,"enemies":"Red Slaver","floor":7.0,"turns":2.0},{"damage":8.0,"enemies":"Exordium Thugs","floor":10.0,"turns":3.0},{"damage":12.0,"enemies":"2 Fungi Beasts","floor":11.0,"turns":2.0},{"damage":8.0,"enemies":"Red Slaver","floor":13.0,"turns":2.0},{"damage":32.0,"enemies":"Slime Boss","floor":16.0,"turns":7.0},{"damage":20.0,"enemies":"2 Thieves","floor":18.0,"turns":3.0},{"damage":0.0,"enemies":"Spheric Guardian","floor":20.0,"turns":3.0},{"damage":5.0,"enemies":"Cultist and Chosen","floor":22.0,"turns":4.0},{"damage":19.0,"enemies":"Sentry and Sphere","floor":27.0,"turns":4.0},{"damage":15.0,"enemies":"Snecko","floor":28.0,"turns":3.0},{"damage":10.0,"enemies":"Cultist and Chosen","floor":30.0,"turns":3.0},{"damage":16.0,"enemies":"Snake Plant","floor":31.0,"turns":2.0},{"damage":37.0,"enemies":"conspire:MysteriousRune","floor":33.0,"turns":6.0},{"damage":25.0,"enemies":"3 Darklings","floor":35.0,"turns":3.0},{"damage":2.0,"enemies":"Orb Walker","floor":36.0,"turns":2.0},{"damage":21.0,"enemies":"Writhing Mass","floor":39.0,"turns":4.0},{"damage":11.0,"enemies":"Sphere and 2 Shapes","floor":40.0,"turns":3.0},{"damage":41.0,"enemies":"Reptomancer","floor":41.0,"turns":5.0},{"damage":35.0,"enemies":"Giant Head","floor":46.0,"turns":6.0},{"damage":59.0,"enemies":"4 Shapes","floor":47.0,"turns":4.0},{"damage":6.0,"enemies":"Jaw Worm Horde","floor":48.0,"turns":3.0},{"damage":65.0,"enemies":"Time Eater","floor":50.0,"turns":9.0},{"damage":92.0,"enemies":"Shield and Spear","floor":54.0,"turns":5.0},{"damage":51,"enemies":"The Heart","floor":55,"turns":2}],"seed_played":"-4904607248507697549","potions_obtained":[{"floor":1.0,"key":"Fire Potion"},{"floor":5.0,"key":"Ancient Potion"},{"floor":6.0,"key":"ColorlessPotion"},{"floor":16.0,"key":"Explosive Potion"},{"floor":18.0,"key":"Energy Potion"},{"floor":20.0,"key":"StSpp:ScatteredWeakPotion"},{"floor":27.0,"key":"LiquidMemories"},{"floor":41.0,"key":"Energy Potion"},{"floor":46.0,"key":"Dexterity Potion"},{"floor":54,"key":"ElixirPotion"}],"is_trial":false,"path_per_floor":["M","?","$","M","M","E","M","R","T","M","M","R","M","$","R","B",null,"M","?","M","$","M","R","?","R","T","M","M","R","M","M","R","B",null,"M","M","?","$","M","M","E","R","T","$","R","E","M","M","R","B",null,"R","$","E","B"],"character_chosen":"IRONCLAD","items_purchased":["Membership Card","Flex","Shuriken","Flex","Frozen Eye","Sling","Flex","Thunderclap","Dream Catcher","Sever Soul","Lee\u0027s Waffle","Power Through","Strength Potion","Weak Potion"],"campfire_rested":8,"item_purchase_floors":[14,14,21,21,38,38,38,38,38,38,44,44,53,53],"current_hp_per_floor":[54,54,54,54,59,54,47,47,47,45,39,60,58,58,72,46,72,58,58,64,64,65,72,56,56,56,43,34,55,51,41,62,31,72,53,57,48,48,54,49,37,58,58,79,81,65,36,38,65,14,87,87,87,18,0,0],"gold":48,"neow_bonus":"IRONCLAD_BERSERKER","is_daily":false,"chose_seed":false,"campfire_upgraded":2,"win_rate":0.0,"timestamp":1611527599,"path_taken":["M","?","$","M","M","E","?","R","T","M","M","R","M","?","R","BOSS","M","?","M","$","?","R","?","R","T","M","M","R","M","M","R","BOSS","M","M","?","$","M","M","E","R","T","$","R","E","M","M","R","BOSS","R","$","E","BOSS"],"items_purchased_type":["Relic","Card","Relic","Card","Relic","Relic","Card","Card","Relic","Card","Relic","Card","Potion","Potion"],"build_version":"2020-12-22","purchased_purges":1,"victory":false,"max_hp_per_floor":[72,72,72,72,72,72,72,72,72,72,72,72,72,72,72,72,72,72,72,72,72,72,72,72,72,72,72,72,72,72,72,72,72,72,72,72,72,72,72,72,72,72,72,79,81,81,83,85,87,87,87,87,87,87,87,87],"card_choices":[{"not_picked":["Sever Soul","Warcry"],"picked":"conspire:Charge","floor":1.0},{"not_picked":["Sword Boomerang","Clothesline"],"picked":"Perfected Strike","floor":4.0},{"not_picked":["Bloodletting","Pummel"],"picked":"Clash","floor":5.0},{"not_picked":["Clash","Dropkick"],"picked":"Perfected Strike","floor":6.0},{"not_picked":["Juggernaut","True Grit"],"picked":"Wild Strike","floor":7.0},{"not_picked":["Flex","StSpp:TheBiggerTheyAre","Sword Boomerang","conspire:Charge"],"picked":"Cleave","floor":10.0},{"not_picked":["Clothesline","Headbutt","Sword Boomerang","Dark Embrace"],"picked":"Perfected Strike","floor":11.0},{"not_picked":["conspire:HitWhereItHurts","Rampage","StSpp:TheBiggerTheyAre","Whirlwind"],"picked":"Inflame","floor":13.0},{"not_picked":["Offering","StSpp:IntoTheAbyss","conspire:Purge","StSpp:Betrayal"],"picked":"conspire:HitWhereItHurts","floor":16.0},{"not_picked":["Headbutt","Wild Strike","conspire:Charge","StSpp:TheBiggerTheyAre"],"picked":"StSpp:Jab","floor":18.0},{"not_picked":["Uppercut","Fire Breathing+1","Perfected Strike","Feel No Pain"],"picked":"Flex","floor":20.0},{"not_picked":["conspire:Charge","Iron Wave","Combust","Perfected Strike"],"picked":"Pommel Strike+1","floor":22.0},{"not_picked":["StSpp:TheBiggerTheyAre","conspire:HitWhereItHurts","ICR:PowerAttack","Iron Wave+1"],"picked":"StSpp:CounterStrike+1","floor":27.0},{"not_picked":["Armaments","Burning Pact","Headbutt","Twin Strike"],"picked":"Flame Barrier+1","floor":28.0},{"not_picked":["Shockwave","Bludgeon","ICR:Frenzy","Shrug It Off+1"],"picked":"Spot Weakness","floor":30.0},{"not_picked":["Fire Breathing","Clash","Heavy Blade+1","Sword Boomerang"],"picked":"Perfected Strike","floor":31.0},{"not_picked":["StSpp:BladeOfBlood","conspire:Purge","StSpp:Turnabout","Corruption"],"picked":"Reaper","floor":33.0},{"not_picked":["Evolve+1","Havoc+1","True Grit","Entrench+1"],"picked":"Uppercut+1","floor":35.0},{"not_picked":["ICR:Frenzy","Shrug It Off+1","Rupture","Shockwave+1"],"picked":"Flex+1","floor":36.0},{"not_picked":["Berserk","Blood for Blood+1","Body Slam","StSpp:Succumb"],"picked":"Disarm","floor":39.0},{"not_picked":["Metallicize+1","Shrug It Off","True Grit","Second Wind"],"picked":"conspire:ExplosiveBarrier","floor":40.0},{"not_picked":["Dark Embrace","Heavy Blade","Berserk","Warcry+1"],"picked":"Iron Wave+1","floor":41.0},{"not_picked":["Pommel Strike","Shrug It Off+1","Warcry","Burning Pact"],"picked":"Sword Boomerang+1","floor":42.0},{"not_picked":["Armaments+1","Battle Trance","Flex","Burning Pact+1","Combust"],"picked":"Singing Bowl","floor":45.0},{"not_picked":["Searing Blow+1","Reaper","Evolve","StSpp:CounterStrike"],"picked":"Flex+1","floor":46.0},{"not_picked":["StSpp:Jab","Cleave+1","Headbutt+1","Heavy Blade+1","Dropkick"],"picked":"Singing Bowl","floor":47.0},{"not_picked":["Armaments","True Grit","Sentinel","Havoc+1","Twin Strike+1"],"picked":"Singing Bowl","floor":48.0},{"not_picked":["Heavy Blade+1","Reckless Charge","Battle Trance","StSpp:TheBiggerTheyAre+1","Thunderclap"],"picked":"Singing Bowl","floor":49.0},{"not_picked":["Immolate","Feed"],"picked":"Demon Form","floor":54},{"not_picked":["Bludgeon","StSpp:Succumb","Perfected Strike+1","Disarm+1"],"picked":"ICR:PowerAttack","floor":54}],"player_experience":439249,"relics_obtained":[{"floor":6.0,"key":"CeramicFish"},{"floor":9.0,"key":"StSpp:WoodenPendulum"},{"floor":24.0,"key":"Necronomicon"},{"floor":41.0,"key":"Singing Bowl"},{"floor":43.0,"key":"Whetstone"},{"floor":46.0,"key":"MealTicket"},{"floor":54,"key":"conspire:GiftBox"}],"event_choices":[{"damage_healed":0.0,"max_hp_gain":0.0,"max_hp_loss":0.0,"gold_gain":0.0,"event_name":"NoteForYourself","player_choice":"Ignored","floor":2.0,"gold_loss":0.0,"damage_taken":0.0},{"damage_healed":0.0,"max_hp_gain":0.0,"max_hp_loss":0.0,"gold_gain":0.0,"event_name":"Transmorgrifier","player_choice":"Ignored","floor":19.0,"gold_loss":0.0,"damage_taken":0.0},{"damage_healed":0.0,"max_hp_gain":0.0,"max_hp_loss":0.0,"gold_gain":0.0,"event_name":"Cursed Tome","player_choice":"Obtained Book","floor":24.0,"gold_loss":0.0,"damage_taken":16.0},{"damage_healed":0.0,"max_hp_gain":0.0,"max_hp_loss":0.0,"gold_gain":0.0,"event_name":"Winding Halls","player_choice":"Embrace Madness","floor":37.0,"gold_loss":0.0,"damage_taken":9.0,"cards_obtained":["Madness","Madness"]}],"is_beta":false,"boss_relics":[{"not_picked":["Black Star","conspire:SeveredTorchhead"],"picked":"Empty Cage"},{"not_picked":["StSpp:CrystalBall","energizedSpire:MagnifyingGlass"],"picked":"Cursed Key"}],"items_purged_floors":[44],"is_endless":false,"potions_floor_spawned":[1,5,6,16,18,20,27,41,46,47,54],"killed_by":"The Heart","ascension_level":0}}