{"host":"wwmqne3dwir10erh","time":1611456005,"event":{"mods":["BaseMod","Better Note","Hubris","Mimic Mod","Minty Spire (QoL Compilation)","Replay The Spire","StSLib","The Bladedancer"],"gold_per_floor":[112,129,145,164,164,189,189,189,270,270,323,13,13,44,44,142,142,158,358,358,19,19,19,44,44,44,70,70,70,96,109,109,206,206,220,146,157,168,168,168],"floor_reached":39,"language":"ENG","playtime":2012,"items_purged":["blademaster:Defend","Regret","hubris:Envy"],"score":544,"play_id":"b1889ad3-5651-4bf4-b522-1788dcef3a82","local_time":"20210123214005","is_ascension_mode":true,"campfire_choices":[{"floor":7.0,"key":"REST"},{"data":"Neutralize","floor":10.0,"key":"SMITH"},{"data":"Noxious Fumes","floor":13.0,"key":"SMITH"},{"floor":15.0,"key":"REST"},{"data":"Bane","floor":23.0,"key":"SMITH"},{"data":"1","floor":29.0,"key":"LIFT"},{"floor":32.0,"key":"DIG"}],"circlet_count":0,"master_deck":["Strike_G","Strike_G","Strike_G","Strike_G","Strike_G","Defend_G","Defend_G","Defend_G+1","Defend_G+1","Defend_G","Survivor","Neutralize+1","Defend_B","Heel Hook","Dagger Spray","Escape Plan","Bane+1","Leg Sweep","Skewer","Noxious Fumes+1","Deadly Poison","Malaise+1","AbeCurse","Apotheosis+1","Terror+1","ReplayTheSpireMod:Faulty Equipment","Sucker Punch+1","Accuracy","ReplayTheSpireMod:From All Sides+1","Doubt","hubris:Envy","Acrobatics+1","Caltrops","All Out Attack+1"],"relics":["Ring of the Snake","Replay:Multitool","MealTicket","ReplayTheSpireMod:Ninjato","Mummified Hand","Replay:Mystery Machine","War Paint","Gambling Chip","Replay:Grab Bag","Abe\u0027s Treasure","Cursed Key","WristBlade","Letter Opener","Pear","Girya","Golden Egg","hubris:BottledHeart","Smiling Mask","Pen Nib","Replay:Ancient Bell","Boot","Quantum Egg","Basket Of Snakes"],"acts_visited":["TheCity","TheBeyond"],"potions_floor_usage":[],"damage_taken":[{"damage":5.0,"enemies":"Cultist","floor":1.0,"turns":5.0},{"damage":0.0,"enemies":"2 Louse","floor":2.0,"turns":4.0},{"damage":2.0,"enemies":"Small Slimes","floor":3.0,"turns":4.0},{"damage":6.0,"enemies":"Blue Slaver","floor":4.0,"turns":6.0},{"damage":19.0,"enemies":"3 Sentries","floor":6.0,"turns":11.0},{"damage":24.0,"enemies":"Gremlin Nob","floor":14.0,"turns":4.0},{"damage":18.0,"enemies":"Fading Forest","floor":16.0,"turns":11.0},{"damage":15.0,"enemies":"Shell Parasite","floor":18.0,"turns":6.0},{"damage":20.0,"enemies":"Slavers","floor":24.0,"turns":4.0},{"damage":1.0,"enemies":"Replay:Snechameleon","floor":27.0,"turns":6.0},{"damage":0.0,"enemies":"Slavers","floor":30.0,"turns":5.0},{"damage":0.0,"enemies":"3 Byrds","floor":31.0,"turns":4.0},{"damage":0.0,"enemies":"Champ","floor":33.0,"turns":11.0},{"damage":0.0,"enemies":"3 Darklings","floor":35.0,"turns":6.0},{"damage":0.0,"enemies":"Orb Walker","floor":37.0,"turns":3.0},{"damage":0.0,"enemies":"4 Shapes","floor":38.0,"turns":4.0}],"seed_played":"-3699884035129760208","potions_obtained":[{"floor":3.0,"key":"Dexterity Potion"},{"floor":14.0,"key":"ColorlessPotion"},{"floor":27.0,"key":"Swift Potion"},{"floor":30.0,"key":"GamblersBrew"},{"floor":33.0,"key":"SteroidPotion"},{"floor":37.0,"key":"CunningPotion"},{"floor":38.0,"key":"Flashbang"}],"is_trial":false,"path_per_floor":["M","M","M","M","?","E","R","?","T","R","T","$","R","E","R","B",null,"M","?","?","$","?","R","E","R","T","E","?","R","E","M","R","B",null,"M","$","M","M","?"],"character_chosen":"THE_SILENT","items_purchased":["War Paint","Noxious Fumes","Letter Opener","Acrobatics"],"campfire_rested":2,"item_purchase_floors":[12,12,21,36],"current_hp_per_floor":[65,65,63,57,57,38,59,59,59,59,59,70,70,46,67,61,70,55,55,55,70,70,70,60,80,80,79,1,1,1,1,1,1,1,1,1,1,1,0,0],"gold":168,"neow_bonus":"ONE_RARE_RELIC","is_daily":false,"chose_seed":false,"campfire_upgraded":3,"win_rate":0.0,"timestamp":1611456005,"path_taken":["M","M","?","M","?","E","R","?","T","R","?","$","R","E","R","BOSS","M","?","?","$","?","R","E","R","T","E","?","R","E","M","R","BOSS","M","$","M","M","?"],"items_purchased_type":["Relic","Card","Relic","Card"],"build_version":"2020-12-22","purchased_purges":3,"victory":false,"max_hp_per_floor":[70,70,70,70,70,70,70,70,70,70,70,70,70,70,70,70,70,70,70,70,70,70,70,80,80,80,80,1,1,1,1,1,1,1,1,1,1,1,1,1],"card_choices":[{"not_picked":["Sucker Punch","Setup"],"picked":"Heel Hook","floor":1.0},{"not_picked":["ReplayTheSpireMod:Exploit Weakness","Cloak And Dagger"],"picked":"Dagger Spray","floor":2.0},{"not_picked":["Deadly Poison","Acrobatics"],"picked":"Escape Plan","floor":3.0},{"not_picked":["Underhanded Strike","Reflex"],"picked":"Bane","floor":4.0},{"not_picked":["Heel Hook","Tactician"],"picked":"Skewer","floor":6.0},{"not_picked":["Prepared","Deflect"],"picked":"Deadly Poison","floor":14.0},{"not_picked":["Burst","Unload"],"picked":"Malaise","floor":16.0},{"not_picked":["Expertise","Riddle With Holes","Finisher"],"picked":"SKIP","floor":18.0},{"not_picked":["Fluid Movement","Footwork"],"picked":"Terror","floor":24.0},{"not_picked":["Reflex","PiercingWail"],"picked":"Sucker Punch+1","floor":27.0},{"not_picked":["Expertise+1","Deadly Poison+1"],"picked":"Accuracy","floor":30.0},{"not_picked":["hubris:Sniper","Flying Knee","Dagger Spray+1"],"picked":"SKIP","floor":31.0},{"not_picked":["Phantasmal Killer","Malaise"],"picked":"ReplayTheSpireMod:From All Sides","floor":33.0},{"not_picked":["Regret","hubris:Disease"],"picked":"Doubt","floor":34.0},{"not_picked":["hubris:Sloth","Normality"],"picked":"hubris:Envy","floor":34.0},{"not_picked":["hubris:Gluttony","Hallucinations"],"picked":"hubris:Envy","floor":34.0},{"not_picked":["Flechettes+1","PiercingWail","Bouncing Flask+1"],"picked":"SKIP","floor":35.0},{"not_picked":["Quick Slash+1","Sucker Punch"],"picked":"Caltrops","floor":37.0},{"not_picked":["Flying Knee+1","Outmaneuver+1"],"picked":"All Out Attack+1","floor":38.0}],"player_experience":2277913,"relics_obtained":[{"floor":6.0,"key":"MealTicket"},{"floor":9.0,"key":"Mummified Hand"},{"floor":11.0,"key":"Replay:Mystery Machine"},{"floor":14.0,"key":"Gambling Chip"},{"floor":24.0,"key":"Pear"},{"floor":26.0,"key":"Girya"},{"floor":27.0,"key":"Golden Egg"},{"floor":30.0,"key":"Smiling Mask"},{"floor":32.0,"key":"Pen Nib"}],"event_choices":[{"damage_healed":0.0,"max_hp_gain":0.0,"max_hp_loss":0.0,"gold_gain":0.0,"event_name":"Big Fish","player_choice":"Box","floor":8.0,"gold_loss":0.0,"damage_taken":0.0,"relics_obtained":["ReplayTheSpireMod:Ninjato"],"cards_obtained":["Regret"]},{"damage_healed":0.0,"max_hp_gain":0.0,"max_hp_loss":0.0,"gold_gain":200.0,"event_name":"Wheel of Change","player_choice":"Gold","floor":19.0,"gold_loss":0.0,"damage_taken":0.0},{"damage_healed":0.0,"max_hp_gain":0.0,"max_hp_loss":0.0,"gold_gain":0.0,"event_name":"Upgrade Shrine","player_choice":"Upgraded","floor":20.0,"gold_loss":0.0,"damage_taken":0.0,"cards_upgraded":["Malaise"]},{"cards_removed":["Apotheosis"],"damage_healed":0.0,"max_hp_gain":0.0,"max_hp_loss":0.0,"gold_gain":0.0,"event_name":"betterNote:BetterNote","player_choice":"Take \u0026 Give","floor":22.0,"gold_loss":0.0,"damage_taken":0.0,"cards_obtained":["Apotheosis"]},{"damage_healed":0,"gold_gain":0,"player_choice":"Memory 3","damage_taken":10,"max_hp_gain":0,"max_hp_loss":0,"event_name":"SensoryStone","floor":39,"gold_loss":0}],"is_beta":false,"boss_relics":[{"not_picked":["Replay:Drink Me","Painkiller Herb"],"picked":"Replay:Grab Bag"},{"not_picked":["Coffee Dripper","Replay:Wanted Poster"],"picked":"Abe\u0027s Treasure"},{"not_picked":["Replay:Bronze Core","Runic Dome"],"picked":"Cursed Key"},{"not_picked":["Runic Pyramid","Empty Cage"],"picked":"WristBlade"},{"not_picked":["Honey Jar","SlaversCollar"],"picked":"Replay:Ancient Bell"},{"not_picked":["hubris:SlimyHat","Regal Pillow"],"picked":"Boot"},{"not_picked":["Replay:Bottled Flurry","HornCleat"],"picked":"Quantum Egg"},{"not_picked":["Byrd Skull","Vampiric Spirits"],"picked":"Basket Of Snakes"}],"items_purged_floors":[12,21,36],"is_endless":false,"potions_floor_spawned":[3,14,27,30,33,37,38],"ascension_level":1}}