{"host":"344lv32hnei0mdhu","time":1611485467,"event":{"mods":["Act Like it!","BaseMod","Better Match","Better Sensory Stone","Better Skull","Better Third Choice","Better Vampires","Colored Powertips","Highlight Path","Minty Spire (QoL Compilation)","Quick Restart","Random Character Button","Rare Cards Sparkle","StSLib"],"gold_per_floor":[113,125,125,300,300,332,344,358,358,375,394,394,394,394,394],"floor_reached":14,"language":"ENG","playtime":863,"items_purged":[],"score":181,"play_id":"5d70a703-0680-40d6-964e-2d7b08ee30b2","local_time":"20210124045107","is_ascension_mode":true,"campfire_choices":[{"floor":12,"key":"REST"}],"circlet_count":0,"master_deck":["AscendersBane","Strike_P","Strike_P","Strike_P","Strike_P","Defend_P","Defend_P","Defend_P","Defend_P","Eruption","Vigilance","LikeWater","Protect","Doubt","Wallop","FollowUp","SpiritShield","Vengeance"],"relics":["PureWater","NeowsBlessing","Bag of Marbles","HornCleat","Pantograph"],"acts_visited":["Exordium"],"potions_floor_usage":[],"damage_taken":[{"damage":0,"enemies":"Small Slimes","floor":1,"turns":2},{"damage":0,"enemies":"Jaw Worm","floor":2,"turns":1},{"damage":0,"enemies":"Gremlin Nob","floor":6,"turns":1},{"damage":3,"enemies":"2 Louse","floor":7,"turns":3},{"damage":18,"enemies":"Blue Slaver","floor":8,"turns":6},{"damage":8,"enemies":"Red Slaver","floor":10,"turns":3},{"damage":10,"enemies":"2 Fungi Beasts","floor":11,"turns":4},{"damage":11,"enemies":"Lagavulin","floor":14,"turns":9}],"seed_played":"-4132084568134295402","potions_obtained":[{"floor":2,"key":"Dexterity Potion"},{"floor":6,"key":"SneckoOil"}],"is_trial":false,"path_per_floor":["M","M","?","?","?","E","M","M","T","M","M","R","T","E"],"character_chosen":"WATCHER","items_purchased":[],"campfire_rested":1,"item_purchase_floors":[],"current_hp_per_floor":[65,65,65,65,65,65,62,44,44,36,26,47,47,36,36],"gold":394,"neow_bonus":"THREE_ENEMY_KILL","is_daily":false,"chose_seed":false,"campfire_upgraded":0,"win_rate":0.0,"timestamp":1611485467,"path_taken":["M","M","?","?","?","E","M","?","T","M","M","R","?","E"],"items_purchased_type":[],"build_version":"2020-12-22","purchased_purges":0,"victory":false,"max_hp_per_floor":[72,72,72,72,72,72,72,72,72,72,72,72,72,72,72],"card_choices":[{"not_picked":["Crescendo","WheelKick"],"picked":"LikeWater","floor":1},{"not_picked":["Evaluate","ClearTheMind"],"picked":"Protect","floor":2},{"not_picked":["JustLucky","EmptyFist"],"picked":"Wallop","floor":6},{"not_picked":["SashWhip","FlyingSleeves"],"picked":"FollowUp","floor":7},{"not_picked":["FlurryOfBlows","Consecrate"],"picked":"SpiritShield","floor":8},{"not_picked":["Halt","EmptyMind"],"picked":"Vengeance","floor":10},{"not_picked":["Prostrate","Halt","Wireheading"],"picked":"SKIP","floor":11}],"player_experience":377939,"relics_obtained":[{"floor":6,"key":"Bag of Marbles"},{"floor":9,"key":"HornCleat"},{"floor":13,"key":"Pantograph"}],"event_choices":[{"damage_healed":65,"gold_gain":0,"player_choice":"Leave","damage_taken":0,"max_hp_gain":0,"max_hp_loss":72,"event_name":"betterThird:BetterShining","floor":3,"gold_loss":0},{"damage_healed":0,"gold_gain":175,"player_choice":"AGREE","damage_taken":125,"max_hp_gain":0,"max_hp_loss":0,"event_name":"betterThird:BetterSerpent","floor":4,"gold_loss":0},{"damage_healed":0,"gold_gain":0,"player_choice":"Ignored","damage_taken":0,"max_hp_gain":0,"max_hp_loss":0,"event_name":"Golden Wing","floor":5,"gold_loss":0}],"is_beta":false,"boss_relics":[],"items_purged_floors":[],"is_endless":false,"potions_floor_spawned":[2,6,7,10],"killed_by":"Lagavulin","ascension_level":11}}