{"host":"takgv9cv6xf64vhq","time":1611486130,"event":{"mods":["BaseMod","Colored Powertips","Downfall","Hubris","LagranYue(拉格朗・月)","Marisa（F雨　魔理沙）","Minty Spire (QoL Compilation)","Replay The Spire","StSLib","The Cursed","The Jungle","TheHeartMod"],"gold_per_floor":[160,260,179,254,254,254,274,295,319,319,62,83,123,146,146,267,267,290,290,290,15,31,31,31,31,57,72,72,95,129,129,129],"floor_reached":31,"language":"ZHS","playtime":1447,"items_purged":["Shame","ReplayTheSpireMod:Restless Dread","ReplayTheSpireMod:Restless Dread"],"score":403,"play_id":"5490fa9f-ad4f-45a9-8cf4-3c90556c049d","local_time":"20210124190210","is_ascension_mode":false,"campfire_choices":[{"data":"Berserk","floor":6.0,"key":"SMITH"},{"floor":28.0,"key":"DIG"}],"circlet_count":0,"master_deck":["Strike_R","Strike_R","Strike_R","Strike_R+1","Strike_R","Defend_R+1","Defend_R+1","Defend_R","Defend_R","Bash","Run Through+1","Twin Strike","Amnesia","Berserk+1","Amnesia","hubris:CleavingFinish","ReplayTheSpireMod:Muscle Training+1","Amnesia","Pummel","Run Through","ReplayTheSpireMod:Corrosion Curse","Offering","hubris:CleavingFinish","ReplayTheSpireMod:Doomed","Pommel Strike","Injury","downfall:Aged","Shrug It Off","Heavy Blade","hubris:Counter"],"relics":["LagranYue:RandomDrawCardRelic","Tiny House","downfall:ExtraCursedKey","ReplayTheSpireMod:CursedCoin","Potion Belt","Golden Idol","Tiny Chest","hubris:HerbalPaste","War Paint","Replay:Grab Bag","Coffee Dripper","SlaversCollar","hubris:Backtick","TungstenRod","Shovel","Gremlin Horn","Replay:Rubber Ducky","theJungle:WildMango","Bag of Preparation","hubris:DisguiseKit","Sundial"],"acts_visited":["Exordium","Exordium"],"potions_floor_usage":[],"damage_taken":[{"damage":6.0,"enemies":"Small Slimes","floor":1.0,"turns":3.0},{"damage":1.0,"enemies":"Jaw Worm","floor":7.0,"turns":2.0},{"damage":0.0,"enemies":"2 Louse","floor":8.0,"turns":2.0},{"damage":21.0,"enemies":"Exordium Thugs","floor":12.0,"turns":4.0},{"damage":27.0,"enemies":"Lagavulin","floor":13.0,"turns":5.0},{"damage":4.0,"enemies":"2 Fungi Beasts","floor":14.0,"turns":3.0},{"damage":53.0,"enemies":"The Guardian","floor":16.0,"turns":9.0},{"damage":24.0,"enemies":"theJungle:Flameango_and_Byrd","floor":18.0,"turns":5.0},{"damage":3.0,"enemies":"theJungle:5_Spyders","floor":22.0,"turns":6.0},{"damage":24.0,"enemies":"theJungle:JungleHuntersEncounter","floor":27.0,"turns":3.0},{"damage":0.0,"enemies":"theJungle:Lyon","floor":29.0,"turns":1.0},{"damage":7.0,"enemies":"theJungle:MamaSnecko","floor":30.0,"turns":3.0},{"damage":34,"enemies":"theJungle:2_Snecko_Cultists","floor":31,"turns":4}],"seed_played":"8026664887833239799","potions_obtained":[{"floor":0.0,"key":"LifebloodPotion"},{"floor":8.0,"key":"Ancient Potion"},{"floor":12.0,"key":"bronze:BurnAndBuffPotion"},{"floor":14.0,"key":"LiquidBronze"},{"floor":16.0,"key":"Reflective Coating"},{"floor":27.0,"key":"Venom Potion"},{"floor":29.0,"key":"LiquidBronze"}],"is_trial":false,"path_per_floor":["M","?","$","?","?","R","M","M","T","?","$","M","E","M","R","B",null,"M","?","T","$","M","?","?","?","T","M","R","M","E","M"],"character_chosen":"IRONCLAD","items_purchased":["ReplayTheSpireMod:CursedCoin","Potion Belt","hubris:HerbalPaste","Replay:Rubber Ducky"],"campfire_rested":0,"item_purchase_floors":[3,3,11,21],"current_hp_per_floor":[79,84,84,73,73,73,72,72,72,72,72,57,36,37,61,14,83,61,34,34,34,37,37,28,42,42,23,23,23,21,0,0],"gold":129,"neow_bonus":"BOSS_RELIC","is_daily":false,"chose_seed":false,"campfire_upgraded":1,"win_rate":0.0,"timestamp":1611486130,"path_taken":["M","?","$","?","?","R","?","M","T","?","?","M","E","M","R","BOSS","M","?","?","$","M","?","?","?","T","M","R","M","E","M"],"items_purchased_type":["Relic","Relic","Relic","Relic"],"build_version":"2020-12-22","purchased_purges":3,"victory":false,"max_hp_per_floor":[85,90,90,90,83,83,83,83,83,83,83,83,83,83,83,83,83,83,83,83,83,83,83,83,97,97,97,97,97,97,97,97],"card_choices":[{"not_picked":["Clothesline","Dropkick"],"picked":"Run Through","floor":0.0},{"not_picked":["Searing Blow","True Grit"],"picked":"Twin Strike","floor":1.0},{"not_picked":["Sever Soul","ReplayTheSpireMod:Strike From Hell"],"picked":"hubris:CleavingFinish","floor":7.0},{"not_picked":["Warcry","Metallicize"],"picked":"ReplayTheSpireMod:Muscle Training","floor":8.0},{"not_picked":["Carnage","ReplayTheSpireMod:Strike From Hell"],"picked":"Pummel","floor":12.0},{"not_picked":["Warcry","Abandon"],"picked":"Run Through","floor":13.0},{"not_picked":["True Grit","Anger"],"picked":"ReplayTheSpireMod:Corrosion Curse","floor":14.0},{"not_picked":["Berserk","Eclipse"],"picked":"Offering","floor":16.0},{"not_picked":["Pummel","Headbutt"],"picked":"hubris:CleavingFinish","floor":18.0},{"not_picked":["Heavy Blade","Havoc+1"],"picked":"Pommel Strike","floor":22.0},{"not_picked":["Rage","Headbutt+1"],"picked":"Shrug It Off","floor":27.0},{"not_picked":["Rage","Clash","Bouncing Flask"],"picked":"Heavy Blade","floor":29.0},{"not_picked":["Brutality","Defy Death","Headbutt+1"],"picked":"hubris:Counter","floor":30.0}],"player_experience":49079,"relics_obtained":[{"floor":9.0,"key":"Tiny Chest"},{"floor":13.0,"key":"War Paint"},{"floor":20.0,"key":"Gremlin Horn"},{"floor":26.0,"key":"Bag of Preparation"},{"floor":28.0,"key":"hubris:DisguiseKit"},{"floor":30.0,"key":"Sundial"}],"event_choices":[{"damage_healed":0.0,"max_hp_gain":0.0,"max_hp_loss":0.0,"gold_gain":75.0,"event_name":"World of Goop","player_choice":"Gather Gold","floor":4.0,"gold_loss":0.0,"damage_taken":11.0},{"damage_healed":0.0,"max_hp_gain":0.0,"max_hp_loss":7.0,"gold_gain":0.0,"event_name":"Golden Idol","player_choice":"Lose Max HP","floor":5.0,"gold_loss":0.0,"damage_taken":0.0,"relics_obtained":["Golden Idol"]}],"is_beta":false,"boss_relics":[{"not_picked":["Replay:Wanted Poster","Painkiller Herb"],"picked":"Replay:Grab Bag"},{"not_picked":["Sozu","Runic Dome"],"picked":"Coffee Dripper"},{"not_picked":["LagranYue:SoulBurningRelic","Philosopher\u0027s Stone"],"picked":"SlaversCollar"},{"not_picked":["hubris:HollowSoul","Astrolabe"],"picked":"hubris:Backtick"}],"items_purged_floors":[3,11,21],"is_endless":false,"potions_floor_spawned":[8,12,14,16,27,29],"killed_by":"theJungle:2_Snecko_Cultists","ascension_level":0}}