{"host":"7fyy23rucerupe6i","time":1611470823,"event":{"mods":["BaseMod","Downfall","Minty Spire (QoL Compilation)","StSLib","The Administrix","The Animator"],"gold_per_floor":[111,111,111,123,123,123,167,167,167,14,30,30,50,75,75,200,200,214,214,227,142,67,67,88,88,88,107,107,206,70,106,106,235,235,256,280,305,55,76,76,91,91,165,165,165,185,185,241,241,241],"floor_reached":51,"language":"ZHS","playtime":4290,"items_purged":["AdministrixMod:Defend_Administrix","AdministrixMod:Defend_Administrix+1"],"score":698,"play_id":"84299f37-814e-4821-a338-0032a727ca82","local_time":"20210124144703","is_ascension_mode":true,"campfire_choices":[{"data":"AdministrixMod:BloodBargain","floor":6.0,"key":"SMITH"},{"data":"AdministrixMod:BegetEternity","floor":12.0,"key":"SMITH"},{"data":"AdministrixMod:GirlsDoItBetter","floor":15.0,"key":"SMITH"},{"data":"AdministrixMod:BishamonBlessing","floor":23.0,"key":"SMITH"},{"floor":25.0,"key":"REST"},{"data":"AdministrixMod:WifeLightning","floor":28.0,"key":"SMITH"},{"data":"AdministrixMod:HarmonicReverence","floor":32.0,"key":"SMITH"},{"data":"AdministrixMod:NewbornDivinity","floor":40,"key":"SMITH"},{"data":"AdministrixMod:CosmosControl","floor":44,"key":"SMITH"},{"floor":47,"key":"REST"},{"data":"AdministrixMod:Wuji","floor":49,"key":"SMITH"}],"circlet_count":0,"master_deck":["AdministrixMod:RedCloak+1","AdministrixMod:BlueCloak","AdministrixMod:Convergence+1","AdministrixMod:BloodBargain+1","AdministrixMod:BegetEternity+1","AdministrixMod:BishamonBlessing+1","AdministrixMod:GirlsDoItBetter+1","AdministrixMod:Transition","AdministrixMod:TouchOfCinnabar","AdministrixMod:HarmonicReverence+1","AdministrixMod:TrickOfTheLight+1","AdministrixMod:LightOfYourLife+1","AdministrixMod:FaithfulFlames","AdministrixMod:ReachToHeaven+1","AdministrixMod:CosmosControl+1","AdministrixMod:BrewingCloister+1","AdministrixMod:HiddenPower+1","AdministrixMod:ReachToHeaven+1","AdministrixMod:Overdrive","AdministrixMod:ArmillarySphere+1","AdministrixMod:Wuji+1","AdministrixMod:NewbornDivinity+1"],"relics":["AdministrixMod:ConductorRitualBaton","Golden Idol","CaptainsWheel","AdministrixMod:ElixirOfImmorality","Blue Candle","AdministrixMod:AbandonedRose","Meat on the Bone","Astrolabe","Singing Bowl","Ice Cream"],"acts_visited":["Exordium","TheCity","TheBeyond"],"potions_floor_usage":[39,39,41,48,50,50],"damage_taken":[{"damage":0.0,"enemies":"2 Louse","floor":1.0,"turns":3.0},{"damage":0.0,"enemies":"Cultist","floor":4.0,"turns":3.0},{"damage":0.0,"enemies":"3 Sentries","floor":7.0,"turns":7.0},{"damage":2.0,"enemies":"Jaw Worm","floor":11.0,"turns":3.0},{"damage":1.0,"enemies":"Looter","floor":13.0,"turns":2.0},{"damage":16.0,"enemies":"Large Slime","floor":14.0,"turns":4.0},{"damage":2.0,"enemies":"The Guardian","floor":16.0,"turns":9.0},{"damage":17.0,"enemies":"2 Thieves","floor":18.0,"turns":3.0},{"damage":8.0,"enemies":"Shell Parasite","floor":20.0,"turns":6.0},{"damage":9.0,"enemies":"Snake Plant","floor":24.0,"turns":4.0},{"damage":11.0,"enemies":"Chosen and Byrds","floor":27.0,"turns":5.0},{"damage":14.0,"enemies":"Gremlin Leader","floor":31.0,"turns":6.0},{"damage":14.0,"enemies":"Champ","floor":33.0,"turns":9.0},{"damage":13.0,"enemies":"Orb Walker","floor":35.0,"turns":5.0},{"damage":1.0,"enemies":"3 Darklings","floor":36.0,"turns":6.0},{"damage":45.0,"enemies":"4 Shapes","floor":37.0,"turns":10.0},{"damage":2,"enemies":"Maw","floor":39,"turns":6},{"damage":1,"enemies":"Writhing Mass","floor":41,"turns":5},{"damage":19,"enemies":"Jaw Worm Horde","floor":46,"turns":3},{"damage":13,"enemies":"2 Orb Walkers","floor":48,"turns":3},{"damage":7,"enemies":"Time Eater","floor":50,"turns":7}],"seed_played":"-8298537116352185746","potions_obtained":[{"floor":1.0,"key":"SteroidPotion"},{"floor":13.0,"key":"LiquidMemories"},{"floor":14.0,"key":"Swift Potion"},{"floor":20.0,"key":"Block Potion"},{"floor":24.0,"key":"Fruit Juice"},{"floor":37.0,"key":"Ancient Potion"}],"is_trial":false,"path_per_floor":["M","?","?","M","?","R","E","?","T","$","M","R","M","M","R","B",null,"M","?","M","?","$","R","M","R","T","M","R","?","$","E","R","B",null,"M","M","M","$","M","R","M","?","T","R","?","M","R","?","R","B",null],"character_chosen":"TheAdministrix","items_purchased":["AdministrixMod:GirlsDoItBetter","AdministrixMod:FaithfulFlames","AdministrixMod:NewbornDivinity"],"campfire_rested":2,"item_purchase_floors":[10,30,38],"current_hp_per_floor":[59,47,47,47,33,33,33,33,33,33,31,31,30,14,14,12,59,42,42,34,34,34,34,30,49,49,38,38,38,38,24,24,22,64,51,50,17,17,27,27,38,38,38,38,38,33,52,41,41,46],"gold":241,"neow_bonus":"TRANSFORM_TWO_CARDS","is_daily":false,"chose_seed":false,"campfire_upgraded":9,"win_rate":0.0,"timestamp":1611470823,"path_taken":["M","?","?","?","?","R","E","?","T","$","M","R","?","M","R","BOSS","M","?","M","?","$","R","M","R","T","M","R","?","?","E","R","BOSS","M","M","M","$","M","R","M","?","T","R","?","?","R","?","R","BOSS"],"items_purchased_type":["Card","Card","Card"],"build_version":"2020-12-22","purchased_purges":2,"victory":true,"max_hp_per_floor":[59,59,59,59,59,59,59,59,59,59,59,59,59,59,59,59,59,59,59,59,59,59,59,64,64,64,64,64,64,64,64,64,64,64,64,64,64,64,64,64,64,64,64,64,64,66,66,68,68,68],"card_choices":[{"not_picked":["AdministrixMod:SealAway","AdministrixMod:ShadowPlay","AdministrixMod:PlateOfAntiquity"],"picked":"SKIP","floor":1.0},{"not_picked":["AdministrixMod:Convergence","AdministrixMod:TrickOfTheLight"],"picked":"AdministrixMod:BegetEternity","floor":4.0},{"not_picked":["AdministrixMod:LightOfYourLife","AdministrixMod:FiendishCrimson"],"picked":"AdministrixMod:BishamonBlessing","floor":7.0},{"not_picked":["AdministrixMod:SipOfSparks","AdministrixMod:FuneraryRites"],"picked":"AdministrixMod:Transition","floor":11.0},{"not_picked":["AdministrixMod:Untouchable","AdministrixMod:SealAway"],"picked":"AdministrixMod:TouchOfCinnabar","floor":13.0},{"not_picked":["AdministrixMod:SealAway","AdministrixMod:NoblePath"],"picked":"AdministrixMod:HarmonicReverence","floor":14.0},{"not_picked":["AdministrixMod:TenDesires","AdministrixMod:HopeInTheDark"],"picked":"AdministrixMod:WifeLightning","floor":16.0},{"not_picked":["AdministrixMod:ShadowPlay","AdministrixMod:LightOfYourLife","AdministrixMod:QuietConspiracy"],"picked":"SKIP","floor":18.0},{"not_picked":["AdministrixMod:ImmortalPurity","AdministrixMod:WickedPunishment"],"picked":"AdministrixMod:TrickOfTheLight+1","floor":20.0},{"not_picked":["AdministrixMod:ImmortalPurity","AdministrixMod:SyncreticSurge"],"picked":"AdministrixMod:LightOfYourLife+1","floor":24.0},{"not_picked":["AdministrixMod:CrackingPangu","AdministrixMod:HiddenPower+1","AdministrixMod:RegentEdict+1"],"picked":"SKIP","floor":27.0},{"not_picked":["AdministrixMod:CenturiesAscent","AdministrixMod:ShadowPlay"],"picked":"AdministrixMod:ReachToHeaven+1","floor":31.0},{"not_picked":["AdministrixMod:FearOfDeath","AdministrixMod:AmassedMasks"],"picked":"AdministrixMod:CosmosControl","floor":33.0},{"not_picked":["AdministrixMod:FeastOfDew+1","AdministrixMod:Wuji+1"],"picked":"AdministrixMod:Overdrive","floor":35.0},{"not_picked":["AdministrixMod:GuanyinBlessing","AdministrixMod:ExtolVirtue+1"],"picked":"AdministrixMod:ArmillarySphere+1","floor":36.0},{"not_picked":["AdministrixMod:CrackingPangu","AdministrixMod:LightOfYourLife+1"],"picked":"AdministrixMod:Wuji","floor":37.0},{"not_picked":["AdministrixMod:FuneraryRites","AdministrixMod:QuietConspiracy+1","AdministrixMod:PlateOfAntiquity"],"picked":"SKIP","floor":39},{"not_picked":["AdministrixMod:RebukeDesires","AdministrixMod:FuneraryRites+1","AdministrixMod:FeastOfDew+1"],"picked":"SKIP","floor":41},{"not_picked":["AdministrixMod:Wuji+1","AdministrixMod:ReachToHeaven","AdministrixMod:BloodlessSapphire"],"picked":"Singing Bowl","floor":46},{"not_picked":["AdministrixMod:LightOfYourLife","AdministrixMod:TouchOfCinnabar+1","AdministrixMod:Katabasis"],"picked":"Singing Bowl","floor":48}],"player_experience":427585,"relics_obtained":[{"floor":7.0,"key":"CaptainsWheel"},{"floor":26.0,"key":"AdministrixMod:AbandonedRose"},{"floor":31.0,"key":"Meat on the Bone"},{"floor":43,"key":"Singing Bowl"},{"floor":48,"key":"Ice Cream"}],"event_choices":[{"damage_healed":0.0,"max_hp_gain":0.0,"max_hp_loss":0.0,"gold_gain":0.0,"event_name":"Shining Light","player_choice":"Entered Light","floor":2.0,"gold_loss":0.0,"damage_taken":12.0,"cards_upgraded":["AdministrixMod:Defend_Administrix","AdministrixMod:RedCloak"]},{"damage_healed":0.0,"max_hp_gain":0.0,"max_hp_loss":0.0,"gold_gain":0.0,"event_name":"The Woman in Blue","player_choice":"Bought 0 Potions","floor":3.0,"gold_loss":0.0,"damage_taken":0.0},{"damage_healed":0.0,"max_hp_gain":0.0,"max_hp_loss":0.0,"gold_gain":0.0,"event_name":"Golden Idol","player_choice":"Take Damage","floor":5.0,"gold_loss":0.0,"damage_taken":14.0,"relics_obtained":["Golden Idol"]},{"damage_healed":0.0,"max_hp_gain":0.0,"max_hp_loss":0.0,"gold_gain":0.0,"event_name":"Accursed Blacksmith","player_choice":"Forge","floor":8.0,"gold_loss":0.0,"damage_taken":0.0,"cards_upgraded":["AdministrixMod:Convergence"]},{"cards_removed":["AdministrixMod:Strike_Administrix"],"damage_healed":0.0,"max_hp_gain":0.0,"max_hp_loss":0.0,"gold_gain":0.0,"event_name":"Back to Basics","player_choice":"Elegance","floor":19.0,"gold_loss":0.0,"damage_taken":0.0},{"damage_healed":0.0,"max_hp_gain":0.0,"max_hp_loss":0.0,"gold_gain":0.0,"event_name":"Addict","player_choice":"Obtained Relic","floor":21.0,"gold_loss":85.0,"damage_taken":0.0,"relics_obtained":["Blue Candle"]},{"damage_healed":0.0,"max_hp_gain":0.0,"max_hp_loss":0.0,"gold_gain":99.0,"event_name":"Nest","player_choice":"Stole From Cult","floor":29.0,"gold_loss":0.0,"damage_taken":0.0},{"cards_removed":["AdministrixMod:WifeLightning"],"damage_healed":0,"gold_gain":0,"player_choice":"Removed Power","damage_taken":0,"max_hp_gain":0,"max_hp_loss":0,"event_name":"Falling","floor":42,"gold_loss":0},{"damage_healed":0,"gold_gain":0,"player_choice":"Ignored","damage_taken":0,"max_hp_gain":0,"max_hp_loss":0,"event_name":"SecretPortal","floor":45,"gold_loss":0},{"damage_healed":0,"gold_gain":0,"player_choice":"Fight","damage_taken":0,"max_hp_gain":0,"max_hp_loss":0,"event_name":"Mysterious Sphere","floor":48,"gold_loss":0}],"is_beta":false,"boss_relics":[{"not_picked":["Empty Cage","Philosopher\u0027s Stone"],"picked":"AdministrixMod:ElixirOfImmorality"},{"not_picked":["Velvet Choker","SlaversCollar"],"picked":"Astrolabe"}],"items_purged_floors":[22,38],"is_endless":false,"potions_floor_spawned":[1,13,14,20,24,37,46],"ascension_level":1}}