{"host":"pnjthw6sukprvbcr","time":1611458554,"event":{"mods":["AchievementEnabler","BaseMod","Block Reminder","Highlight Path","Minty Spire (QoL Compilation)","Relic Stats"],"gold_per_floor":[117,132,110,110,124,156,173,173,173,173,193,193,221,186,186,291,291,305,315,414,414,426,426,461,478,546,381,481,20,36,60,60,161,161,176,226,149,149,159,159,159,159],"floor_reached":41,"language":"ENG","playtime":3981,"items_purged":["Defend_R"],"score":519,"play_id":"fb189225-ae1b-4a5a-b103-d511b10d9bae","local_time":"20210123222234","is_ascension_mode":false,"campfire_choices":[{"data":"Barricade","floor":10.0,"key":"SMITH"},{"floor":12.0,"key":"RECALL"},{"data":"Body Slam","floor":15.0,"key":"SMITH"},{"data":"Flame Barrier","floor":23.0,"key":"SMITH"},{"data":"Metallicize","floor":32,"key":"SMITH"},{"data":"Demon Form","floor":40,"key":"SMITH"}],"circlet_count":0,"master_deck":["Defend_R","Defend_R","Bash","Body Slam+1","Shrug It Off","Pommel Strike","Ghostly Armor","Power Through","Barricade+1","Impervious","Flame Barrier+1","Impervious","Double Tap+1","Shockwave+1","Double Tap+1","Cleave+1","Warcry+1","Bite","Bite","Bite","Bite","Bite","Armaments+1","Rage+1","Metallicize+1","Fire Breathing","Good Instincts+1","Rampage","Demon Form+1","Shrug It Off+1","Spot Weakness+1","Thinking Ahead+1"],"relics":["Burning Blood","Bottled Lightning","Charon\u0027s Ashes","Astrolabe","Toxic Egg 2","Champion Belt","Darkstone Periapt","Gremlin Horn","Bronze Scales","Juzu Bracelet","Runic Cube","FossilizedHelix"],"acts_visited":["Exordium","TheCity","TheBeyond"],"potions_floor_usage":[35,41,41],"damage_taken":[{"damage":0.0,"enemies":"Small Slimes","floor":1.0,"turns":3.0},{"damage":7.0,"enemies":"Cultist","floor":2.0,"turns":5.0},{"damage":6.0,"enemies":"2 Louse","floor":5.0,"turns":2.0},{"damage":10.0,"enemies":"Lagavulin","floor":6.0,"turns":6.0},{"damage":9.0,"enemies":"Blue Slaver","floor":7.0,"turns":4.0},{"damage":10.0,"enemies":"3 Louse","floor":11.0,"turns":5.0},{"damage":47.0,"enemies":"Gremlin Nob","floor":13.0,"turns":8.0},{"damage":0.0,"enemies":"The Guardian","floor":16.0,"turns":13.0},{"damage":10.0,"enemies":"Spheric Guardian","floor":18.0,"turns":7.0},{"damage":13.0,"enemies":"Shell Parasite","floor":19.0,"turns":7.0},{"damage":13.0,"enemies":"Snake Plant","floor":22.0,"turns":6.0},{"damage":30.0,"enemies":"Slavers","floor":24.0,"turns":9.0},{"damage":0.0,"enemies":"Chosen and Byrds","floor":25.0,"turns":5.0},{"damage":3.0,"enemies":"Colosseum Slavers","floor":28.0,"turns":4.0},{"damage":0.0,"enemies":"Colosseum Nobs","floor":28.0,"turns":7.0},{"damage":3.0,"enemies":"Shelled Parasite and Fungi","floor":30.0,"turns":7.0},{"damage":52,"enemies":"Champ","floor":33,"turns":20},{"damage":17,"enemies":"Orb Walker","floor":35,"turns":3},{"damage":12,"enemies":"Mind Bloom Boss Battle","floor":36,"turns":11},{"damage":9,"enemies":"3 Shapes","floor":39,"turns":5},{"damage":165,"enemies":"Giant Head","floor":41,"turns":13}],"seed_played":"-2360815963555884168","potions_obtained":[{"floor":2.0,"key":"DistilledChaos"},{"floor":5.0,"key":"BlessingOfTheForge"},{"floor":16.0,"key":"BloodPotion"},{"floor":22.0,"key":"Fire Potion"},{"floor":24.0,"key":"BlessingOfTheForge"},{"floor":25.0,"key":"LiquidMemories"},{"floor":39,"key":"FearPotion"}],"is_trial":false,"path_per_floor":["M","M","$","?","M","E","M","?","T","R","M","R","E","?","R","B",null,"M","M","?","?","M","R","E","M","T","$","?","$","M","T","R","B",null,"M","?","$","?","M","R","E"],"character_chosen":"IRONCLAD","items_purchased":["Pommel Strike","Fire Breathing","Good Instincts+1","Gremlin Horn","Bronze Scales","Spot Weakness+1"],"campfire_rested":0,"item_purchase_floors":[3,27,27,29,29,37],"current_hp_per_floor":[78,77,77,77,77,73,72,72,72,72,70,70,31,55,55,63,96,92,87,87,87,88,88,70,84,84,84,96,96,96,96,96,78,96,85,93,93,93,95,95,0,0],"gold":159,"neow_bonus":"TWENTY_PERCENT_HP_BONUS","is_daily":false,"chose_seed":false,"campfire_upgraded":5,"win_rate":0.0,"timestamp":1611458554,"path_taken":["M","M","$","?","?","E","M","?","T","R","M","R","E","?","R","BOSS","M","M","?","?","M","R","E","M","T","$","?","$","M","?","R","BOSS","M","?","?","?","M","R","E"],"items_purchased_type":["Card","Card","Card","Relic","Relic","Card"],"build_version":"2020-12-22","purchased_purges":1,"victory":false,"max_hp_per_floor":[96,96,96,96,96,96,96,96,96,96,96,96,96,96,96,96,96,96,96,96,96,96,96,96,96,96,96,96,96,96,96,96,96,96,96,96,96,96,96,96,96,96],"relic_stats":{"Darkstone Periapt":0,"Gremlin Horn":[5,5],"counters":[21,150],"Astrolabe":["Double Tap","Shockwave","Double Tap"],"Bronze Scales":[120],"Charon\u0027s Ashes":[118],"Juzu Bracelet":0,"Champion Belt":[13],"obtain_stats":[{"Darkstone Periapt":28,"Gremlin Horn":29,"Astrolabe":17,"Charon\u0027s Ashes":13,"Juzu Bracelet":31,"Burning Blood":0,"Blood Vial":6,"Bronze Scales":29,"Bottled Lightning":9,"Champion Belt":28,"Toxic Egg 2":24,"FossilizedHelix":36,"Runic Cube":34},{"Darkstone Periapt":15,"Gremlin Horn":15,"Astrolabe":8,"Charon\u0027s Ashes":7,"Juzu Bracelet":16,"Burning Blood":0,"Blood Vial":4,"Bronze Scales":15,"Bottled Lightning":5,"Champion Belt":15,"Toxic Egg 2":12,"FossilizedHelix":19,"Runic Cube":17},{"Darkstone Periapt":91,"Gremlin Horn":91,"Astrolabe":46,"Charon\u0027s Ashes":33,"Juzu Bracelet":98,"Burning Blood":0,"Blood Vial":16,"Bronze Scales":91,"Bottled Lightning":20,"Champion Belt":91,"Toxic Egg 2":75,"FossilizedHelix":132,"Runic Cube":118}],"Burning Blood":110,"Runic Cube":[10]},"card_choices":[{"not_picked":["Headbutt","Warcry"],"picked":"Body Slam","floor":1.0},{"not_picked":["Cleave","Battle Trance"],"picked":"Shrug It Off","floor":2.0},{"not_picked":["Armaments","Iron Wave"],"picked":"Ghostly Armor","floor":5.0},{"not_picked":["Warcry","Cleave"],"picked":"Power Through","floor":6.0},{"not_picked":["Hemokinesis","Anger","Clothesline"],"picked":"SKIP","floor":7.0},{"not_picked":["Clothesline","Thunderclap"],"picked":"Impervious","floor":11.0},{"not_picked":["Cleave","True Grit"],"picked":"Flame Barrier","floor":13.0},{"not_picked":["Corruption","Limit Break"],"picked":"Impervious","floor":16.0},{"not_picked":["Pommel Strike","Iron Wave"],"picked":"Cleave+1","floor":18.0},{"not_picked":["True Grit","Twin Strike"],"picked":"Warcry+1","floor":19.0},{"not_picked":["Headbutt","Iron Wave"],"picked":"Armaments+1","floor":22.0},{"not_picked":["Wild Strike","True Grit+1"],"picked":"Rage+1","floor":24.0},{"not_picked":["Headbutt+1","Sword Boomerang"],"picked":"Metallicize","floor":25.0},{"not_picked":["Wild Strike","Blood for Blood"],"picked":"Rampage","floor":30.0},{"not_picked":["Corruption","Bludgeon"],"picked":"Demon Form","floor":33},{"not_picked":["Clash+1","Anger","Clothesline+1"],"picked":"SKIP","floor":35},{"not_picked":["Searing Blow","Disarm+1"],"picked":"Shrug It Off+1","floor":36},{"not_picked":["Chrysalis+1","Dramatic Entrance"],"picked":"Thinking Ahead+1","floor":38},{"not_picked":["Armaments+1","Cleave+1","Perfected Strike+1"],"picked":"SKIP","floor":39}],"player_experience":142822,"relics_obtained":[{"floor":6.0,"key":"Blood Vial"},{"floor":9.0,"key":"Bottled Lightning"},{"floor":13.0,"key":"Charon\u0027s Ashes"},{"floor":24.0,"key":"Toxic Egg 2"},{"floor":28.0,"key":"Champion Belt"},{"floor":28.0,"key":"Darkstone Periapt"},{"floor":31.0,"key":"Juzu Bracelet"},{"floor":36,"key":"FossilizedHelix"}],"event_choices":[{"cards_removed":["Strike_R"],"damage_healed":0.0,"max_hp_gain":0.0,"max_hp_loss":0.0,"gold_gain":0.0,"event_name":"NoteForYourself","player_choice":"Took Card","floor":4.0,"gold_loss":0.0,"damage_taken":0.0,"cards_obtained":["Defend_B"]},{"damage_healed":0.0,"max_hp_gain":0.0,"max_hp_loss":0.0,"gold_gain":0.0,"cards_transformed":["Defend_B"],"event_name":"Living Wall","player_choice":"Change","floor":8.0,"gold_loss":0.0,"damage_taken":0.0,"cards_obtained":["Barricade"]},{"damage_healed":24.0,"max_hp_gain":0.0,"max_hp_loss":0.0,"gold_gain":0.0,"event_name":"The Cleric","player_choice":"Healed","floor":14.0,"gold_loss":35.0,"damage_taken":0.0},{"damage_healed":0.0,"max_hp_gain":0.0,"max_hp_loss":0.0,"gold_gain":99.0,"event_name":"Nest","player_choice":"Stole From Cult","floor":20.0,"gold_loss":0.0,"damage_taken":0.0},{"damage_healed":0.0,"max_hp_gain":0.0,"max_hp_loss":0.0,"gold_gain":0.0,"event_name":"Vampires","player_choice":"Became a vampire (Vial)","floor":21.0,"relics_lost":["Blood Vial"],"gold_loss":0.0,"damage_taken":0.0,"cards_obtained":["Bite","Bite","Bite","Bite","Bite"]},{"damage_healed":0.0,"max_hp_gain":0.0,"max_hp_loss":0.0,"gold_gain":0.0,"event_name":"Colosseum","player_choice":"Fight","floor":28.0,"gold_loss":0.0,"damage_taken":0.0},{"damage_healed":0.0,"max_hp_gain":0.0,"max_hp_loss":0.0,"gold_gain":0.0,"event_name":"Colosseum","player_choice":"Fought Nobs","floor":28.0,"gold_loss":0.0,"damage_taken":0.0},{"damage_healed":0,"gold_gain":0,"player_choice":"Fight","damage_taken":0,"max_hp_gain":0,"max_hp_loss":0,"event_name":"MindBloom","floor":36,"gold_loss":0},{"damage_healed":0,"gold_gain":0,"player_choice":"Memory 1","damage_taken":0,"max_hp_gain":0,"max_hp_loss":0,"event_name":"SensoryStone","floor":38,"gold_loss":0}],"is_beta":false,"boss_relics":[{"not_picked":["Snecko Eye","Tiny House"],"picked":"Astrolabe"},{"not_picked":["Fusion Hammer","Sozu"],"picked":"Runic Cube"}],"items_purged_floors":[29],"is_endless":false,"potions_floor_spawned":[2,5,16,22,24,25,39],"killed_by":"Giant Head","ascension_level":0}}