{"host":"sav7uxregyirlf69","time":1611493755,"event":{"mods":["AchievementEnabler","BaseMod","Colored Map","DeckTracker","Keyboard Shortcuts","Minty Spire (QoL Compilation)","READ ME - Guardian Mod","StSLib","SuperFastMode"],"gold_per_floor":[219,238,6,6,26,26,46,46,73,103,129,50,50,68,68,143,143,162,437,457,118,133,161,161,192,192,192,221,240,252,269,269,344,344,359,23,0,20,37,71,71,105,105,115,150,166,1,14,14,14,14,14,14,14,39,39,39],"floor_reached":56,"language":"KOR","playtime":2377,"items_purged":["Strike_G","Strike_G","Regret","Strike_G"],"score":2169,"play_id":"f287a1ea-beb6-4eda-8b06-bf6cee086531","local_time":"20210124220915","is_ascension_mode":true,"campfire_choices":[{"data":"Finisher","floor":6.0,"key":"SMITH"},{"data":"Deadly Poison","floor":8.0,"key":"SMITH"},{"data":"Tactician","floor":13.0,"key":"SMITH"},{"data":"Noxious Fumes","floor":15.0,"key":"SMITH"},{"data":"Apotheosis","floor":24.0,"key":"SMITH"},{"floor":27.0,"key":"REST"},{"floor":32.0,"key":"REST"},{"floor":41.0,"key":"REST"},{"floor":49.0,"key":"RECALL"},{"data":"Well Laid Plans","floor":53.0,"key":"SMITH"}],"circlet_count":0,"master_deck":["AscendersBane","Defend_G","Defend_G","Defend_G","Defend_G","Defend_G","Survivor","Neutralize","Finisher+1","Reflex","Dagger Spray","Well Laid Plans+1","Deadly Poison+1","Tactician+1","Noxious Fumes+1","Corpse Explosion","Escape Plan","Acrobatics","Apotheosis+1","Wraith Form v2","Acrobatics+1","Blur","Backflip","Venomology","Footwork","Prepared"],"relics":["Ring of the Snake","Membership Card","Odd Mushroom","Anchor","MealTicket","SacredBark","ClockworkSouvenir","Art of War","Toy Ornithopter","Vajra","Mummified Hand","Molten Egg 2","Empty Cage","OrangePellets","Question Card","Red Mask","Orichalcum","Oddly Smooth Stone","StoneCalendar","Calipers","Pantograph"],"acts_visited":["Exordium","TheCity","TheBeyond","TheEnding"],"potions_floor_usage":[56,56,56],"damage_taken":[{"damage":1.0,"enemies":"Cultist","floor":1.0,"turns":5.0},{"damage":4.0,"enemies":"Small Slimes","floor":2.0,"turns":3.0},{"damage":0.0,"enemies":"Jaw Worm","floor":5.0,"turns":5.0},{"damage":0.0,"enemies":"The Mushroom Lair","floor":7.0,"turns":2.0},{"damage":22.0,"enemies":"3 Sentries","floor":11.0,"turns":11.0},{"damage":3.0,"enemies":"Blue Slaver","floor":14.0,"turns":3.0},{"damage":13.0,"enemies":"The Guardian","floor":16.0,"turns":9.0},{"damage":0.0,"enemies":"3 Byrds","floor":18.0,"turns":2.0},{"damage":34.0,"enemies":"Shell Parasite","floor":20.0,"turns":6.0},{"damage":13.0,"enemies":"Chosen and Byrds","floor":22.0,"turns":6.0},{"damage":3.0,"enemies":"Slavers","floor":23.0,"turns":3.0},{"damage":0.0,"enemies":"Gremlin Leader","floor":25.0,"turns":7.0},{"damage":10.0,"enemies":"Slavers","floor":28.0,"turns":3.0},{"damage":0.0,"enemies":"Snecko","floor":29.0,"turns":5.0},{"damage":8.0,"enemies":"Snake Plant","floor":30.0,"turns":5.0},{"damage":3.0,"enemies":"Centurion and Healer","floor":31.0,"turns":4.0},{"damage":44.0,"enemies":"Automaton","floor":33.0,"turns":12.0},{"damage":16.0,"enemies":"3 Darklings","floor":35.0,"turns":6.0},{"damage":0.0,"enemies":"Orb Walker","floor":38.0,"turns":5.0},{"damage":8.0,"enemies":"Writhing Mass","floor":39.0,"turns":7.0},{"damage":56.0,"enemies":"Nemesis","floor":40.0,"turns":9.0},{"damage":0.0,"enemies":"Reptomancer","floor":42.0,"turns":9.0},{"damage":0.0,"enemies":"Sphere and 2 Shapes","floor":44.0,"turns":6.0},{"damage":0.0,"enemies":"Giant Head","floor":45.0,"turns":11.0},{"damage":7.0,"enemies":"3 Darklings","floor":46.0,"turns":6.0},{"damage":0.0,"enemies":"Transient","floor":48.0,"turns":6.0},{"damage":3.0,"enemies":"Donu and Deca","floor":50.0,"turns":10.0},{"damage":23.0,"enemies":"Time Eater","floor":51.0,"turns":18.0},{"damage":14.0,"enemies":"Shield and Spear","floor":55.0,"turns":7.0},{"damage":72,"enemies":"The Heart","floor":56,"turns":15}],"seed_played":"-1355137930727272808","potions_obtained":[{"floor":2.0,"key":"PowerPotion"},{"floor":4.0,"key":"Dexterity Potion"},{"floor":5.0,"key":"BlessingOfTheForge"},{"floor":16.0,"key":"GhostInAJar"},{"floor":18.0,"key":"Explosive Potion"},{"floor":23.0,"key":"PowerPotion"},{"floor":29.0,"key":"FearPotion"},{"floor":35.0,"key":"BlessingOfTheForge"},{"floor":40.0,"key":"GamblersBrew"},{"floor":48.0,"key":"Energy Potion"},{"floor":55.0,"key":"Swift Potion"}],"is_trial":false,"path_per_floor":["M","M","$","?","M","R","?","R","T","?","E","$","R","M","R","B",null,"M","?","M","$","M","E","R","E","T","R","E","M","M","M","R","B",null,"M","$","?","M","M","E","R","E","T","M","E","M","$","M","R","B","B",null,"R","$","E","B"],"character_chosen":"THE_SILENT","items_purchased":["Membership Card","Dagger Spray","Poison Potion","ClockworkSouvenir","Art of War","Apotheosis","OrangePellets","Footwork","Question Card","Calipers"],"campfire_rested":3,"item_purchase_floors":[3,3,12,21,21,21,36,36,36,47],"current_hp_per_floor":[58,54,54,54,54,54,54,54,54,54,32,47,47,44,44,31,57,57,57,23,38,25,22,22,27,27,46,36,36,28,25,44,5,51,40,55,55,55,52,6,25,30,30,35,40,38,53,58,58,60,42,60,60,66,52,0,0],"gold":39,"neow_bonus":"HUNDRED_GOLD","is_daily":false,"chose_seed":false,"campfire_upgraded":6,"win_rate":0.0,"timestamp":1611493755,"path_taken":["M","M","?","?","?","R","?","R","T","?","E","$","R","M","R","BOSS","M","?","M","$","M","E","R","E","T","R","E","M","M","M","R","BOSS","M","?","?","M","?","E","R","E","T","?","E","M","$","M","R","BOSS","BOSS","R","$","E","BOSS"],"items_purchased_type":["Relic","Card","Potion","Relic","Relic","Card","Relic","Card","Relic","Relic"],"build_version":"2020-12-22","purchased_purges":4,"victory":false,"max_hp_per_floor":[66,66,66,66,66,66,66,66,66,66,66,66,66,66,66,66,66,66,66,66,66,66,66,66,66,66,66,66,66,66,66,66,66,66,66,66,66,66,66,66,66,66,66,66,66,66,66,66,66,66,66,66,66,66,66,66,66],"card_choices":[{"not_picked":["Flying Knee","Quick Slash"],"picked":"Finisher","floor":1.0},{"not_picked":["Choke","PiercingWail"],"picked":"Reflex","floor":2.0},{"not_picked":["Dagger Spray","Caltrops"],"picked":"Well Laid Plans","floor":5.0},{"not_picked":["Dodge and Roll","Slice"],"picked":"Deadly Poison","floor":7.0},{"not_picked":["Concentrate","Doppelganger"],"picked":"Tactician","floor":11.0},{"not_picked":["Backflip","Deadly Poison"],"picked":"Noxious Fumes","floor":14.0},{"not_picked":["Doppelganger","Night Terror"],"picked":"Corpse Explosion","floor":16.0},{"not_picked":["Bane","Expertise"],"picked":"Escape Plan","floor":18.0},{"not_picked":["Poisoned Stab","Deadly Poison+1"],"picked":"Acrobatics","floor":20.0},{"not_picked":["Flying Knee","Expertise","Dagger Throw"],"picked":"SKIP","floor":22.0},{"not_picked":["Cloak And Dagger","Escape Plan","Dodge and Roll"],"picked":"SKIP","floor":23.0},{"not_picked":["Finisher","Setup"],"picked":"Wraith Form v2","floor":25.0},{"not_picked":["Sucker Punch+1","Corpse Explosion"],"picked":"Acrobatics+1","floor":28.0},{"not_picked":["Accuracy","Leg Sweep+1"],"picked":"Blur","floor":29.0},{"not_picked":["Underhanded Strike+1","Deadly Poison"],"picked":"Backflip","floor":30.0},{"not_picked":["Outmaneuver","Underhanded Strike+1","Bane+1"],"picked":"SKIP","floor":31.0},{"not_picked":["Phantasmal Killer","Glass Knife+1"],"picked":"Venomology","floor":33.0},{"not_picked":["Bane+1","Flying Knee+1","Outmaneuver"],"picked":"SKIP","floor":35.0},{"not_picked":["Expertise","Deflect","PiercingWail"],"picked":"Prepared","floor":38.0},{"not_picked":["Noxious Fumes","Backstab+1","Terror+1","Blade Dance"],"picked":"SKIP","floor":39.0},{"not_picked":["Acrobatics","Escape Plan","Accuracy","Skewer+1"],"picked":"SKIP","floor":40.0},{"not_picked":["Expertise","Noxious Fumes","Prepared","Riddle With Holes+1"],"picked":"SKIP","floor":42.0},{"not_picked":["Slice+1","Sucker Punch+1","Bouncing Flask","Deadly Poison+1"],"picked":"SKIP","floor":44.0},{"not_picked":["Skewer+1","All Out Attack+1","Grand Finale+1","Bouncing Flask"],"picked":"SKIP","floor":45.0},{"not_picked":["Underhanded Strike+1","Predator+1","All Out Attack+1","Bouncing Flask"],"picked":"SKIP","floor":46.0},{"not_picked":["Blade Dance","Sucker Punch+1","PiercingWail+1","Underhanded Strike+1"],"picked":"SKIP","floor":48.0},{"not_picked":["Die Die Die+1","Sucker Punch+1","Outmaneuver","Masterful Stab+1"],"picked":"SKIP","floor":55.0}],"player_experience":1374247,"relics_obtained":[{"floor":7.0,"key":"Odd Mushroom"},{"floor":9.0,"key":"Anchor"},{"floor":11.0,"key":"MealTicket"},{"floor":23.0,"key":"Toy Ornithopter"},{"floor":25.0,"key":"Vajra"},{"floor":26.0,"key":"Mummified Hand"},{"floor":28.0,"key":"Molten Egg 2"},{"floor":40.0,"key":"Orichalcum"},{"floor":42.0,"key":"Oddly Smooth Stone"},{"floor":45.0,"key":"StoneCalendar"},{"floor":55.0,"key":"Pantograph"}],"event_choices":[{"damage_healed":0.0,"max_hp_gain":0.0,"max_hp_loss":0.0,"gold_gain":0.0,"event_name":"Lab","player_choice":"Got Potions","floor":4.0,"gold_loss":0.0,"damage_taken":0.0},{"damage_healed":0.0,"max_hp_gain":0.0,"max_hp_loss":0.0,"gold_gain":0.0,"event_name":"Mushrooms","player_choice":"Fought Mushrooms","floor":7.0,"gold_loss":0.0,"damage_taken":0.0},{"damage_healed":0.0,"max_hp_gain":0.0,"max_hp_loss":0.0,"gold_gain":30.0,"event_name":"Dead Adventurer","player_choice":"Searched \u00271\u0027 times","floor":10.0,"gold_loss":0.0,"damage_taken":0.0},{"damage_healed":0.0,"max_hp_gain":0.0,"max_hp_loss":0.0,"gold_gain":275.0,"event_name":"Golden Shrine","player_choice":"Desecrate","floor":19.0,"gold_loss":0.0,"damage_taken":0.0,"cards_obtained":["Regret"]},{"damage_healed":0.0,"max_hp_gain":0.0,"max_hp_loss":0.0,"gold_gain":0.0,"event_name":"Tomb of Lord Red Mask","player_choice":"Paid","floor":37.0,"gold_loss":23.0,"damage_taken":0.0,"relics_obtained":["Red Mask"]}],"is_beta":false,"boss_relics":[{"not_picked":["Calling Bell","Fusion Hammer"],"picked":"SacredBark"},{"not_picked":["Runic Dome","SlaversCollar"],"picked":"Empty Cage"}],"items_purged_floors":[3,12,21,36],"is_endless":false,"potions_floor_spawned":[2,5,16,18,22,23,29,35,40,44,48,55],"killed_by":"The Heart","ascension_level":20}}