{"host":"0ukt4blzh5g8drbw","time":1611493765,"event":{"mods":["100% Spire Juice","ATMod(∞¢Ë™Mod)","AchievementEnabler","Act Like it!","Arknights The Spire","Aspiration","BaseMod","ChefMod","Dota2Spire","Downfall","Energized Spire","Gensokyo","GungeonMod","KinomotoSakuraMod(ƒæ÷Æ±æ”£)","Koishi","Luminous","Mari Mod (Legacy)","Mari\u0027s V1 Patch","Marisa£®ÏF”Í°°ƒß¿Ì…≥£©","Minty Spire (QoL Compilation)","Quick Restart","Reimu£®≤©¿ˆ¡È√Œ£©","Remilia£®¿Ÿ√◊¿Ú—«£©","Replay The Spire","Robot Space Explorer","StSLib","The Alterego","The Bug Knight","The Construct","The Marked","The Runesmith","The Servant 0.9.4","WarShipGirlsR/’ΩΩ¢…Ÿ≈ÆR mod","Yakumo Yukari mod","Youmu£®ªÍ∆«—˝√Œ£©","Yuyuko","[IsaacMod]“‘»ˆº‚À˛","vexMod","°æ“≈ŒÔø®≈∆°øREMEMod"],"gold_per_floor":[116,116,135,135,60,108,8,35,87,107,107,144,19,32,32,82,82],"floor_reached":16,"language":"ZHS","playtime":1105,"items_purged":["Pain","Defend_Lin:ReiMu","Defend_Lin:ReiMu"],"score":135,"play_id":"d9349295-0a13-4e53-bb2e-acf916531dfd","local_time":"20210124210925","is_ascension_mode":false,"campfire_choices":[{"data":"BettingIsNotGood","floor":11,"key":"SMITH"},{"floor":15,"key":"DIG"}],"circlet_count":0,"master_deck":["Strike_Lin:ReiMu","Strike_Lin:ReiMu","Strike_Lin:ReiMu","Strike_Lin:ReiMu","Defend_Lin:ReiMu+1","Defend_Lin:ReiMu","Stagnation:ReiMu","BettingIsNotGood+1","AT_CaressingTears","SpreadBorder2:ReiMu+1","AlertArray:ReiMu","CareerPray:ReiMu","CareerPray:ReiMu","SealNeedle:ReiMu"],"relics":["FlyPower:ReiMu","AT_ATBox","HushsDoor","REME_ComplimentaryCards","GuppysPaw","NeowsBlessing","Gensokyo:Justice","Gensokyo:LunaticRedEyes","TuHaoJin","War Paint","Dota2Spire:UrnOfShadows"],"acts_visited":["Exordium"],"potions_floor_usage":[],"damage_taken":[{"damage":0,"enemies":"Gensokyo:Python","floor":1,"turns":1},{"damage":3,"enemies":"Gensokyo:2_Kodama","floor":3,"turns":2},{"damage":0,"enemies":"Gensokyo:Mamizou","floor":6,"turns":4},{"damage":6,"enemies":"Gensokyo:Cirno","floor":8,"turns":6},{"damage":0,"enemies":"Gensokyo:Gryphon","floor":10,"turns":2},{"damage":17,"enemies":"Gensokyo:3_Kodama","floor":12,"turns":5},{"damage":6,"enemies":"Gensokyo:LivingMonolith","floor":14,"turns":2},{"damage":57,"enemies":"Gensokyo:Yukari","floor":16,"turns":9}],"seed_played":"-3337615812565320364","potions_obtained":[{"floor":8,"key":"Fire Potion"},{"floor":10,"key":"Toxic Potion"},{"floor":14,"key":"Ancient Potion"}],"is_trial":false,"path_per_floor":["M","?","M","?","$","E","$","E","T","M","R","M","$","M","R","B"],"character_chosen":"REIMU","items_purchased":[],"campfire_rested":0,"item_purchase_floors":[],"current_hp_per_floor":[65,65,62,62,62,64,64,58,58,58,58,41,41,35,35,0,0],"gold":82,"neow_bonus":"THREE_ENEMY_KILL","is_daily":false,"chose_seed":false,"campfire_upgraded":1,"win_rate":0.0,"timestamp":1611493765,"path_taken":["M","?","?","?","?","E","$","E","T","M","R","M","?","?","R","BOSS"],"items_purchased_type":[],"build_version":"2020-12-22","purchased_purges":3,"victory":false,"max_hp_per_floor":[65,65,65,65,65,65,65,65,65,65,65,65,65,65,65,65,65],"card_choices":[{"not_picked":[],"picked":"BettingIsNotGood","floor":0},{"not_picked":["TakeOff:ReiMu","Conquer:ReiMu"],"picked":"SpreadBorder2:ReiMu","floor":1},{"not_picked":["AirStrike:ReiMu","PassingAway:ReiMu"],"picked":"AlertArray:ReiMu","floor":3},{"not_picked":["InherentArray:ReiMu","SubcavityInstant:ReiMu"],"picked":"CareerPray:ReiMu","floor":6},{"not_picked":["Dreaming:ReiMu","BlastKick2:ReiMu"],"picked":"CareerPray:ReiMu","floor":8},{"not_picked":["FineLineFantasy:ReiMu","Amulet:ReiMu","AirStrike:ReiMu"],"picked":"SKIP","floor":10},{"not_picked":["BarrageOfMoneybags:ReiMu","DoubleButterfly:ReiMu"],"picked":"SealNeedle:ReiMu","floor":12},{"not_picked":["Amulet:ReiMu","AirManeuver:ReiMu","AirStrike:ReiMu"],"picked":"SKIP","floor":14}],"player_experience":121800,"relics_obtained":[{"floor":6,"key":"TuHaoJin"},{"floor":8,"key":"War Paint"},{"floor":15,"key":"Dota2Spire:UrnOfShadows"}],"event_choices":[],"is_beta":false,"boss_relics":[],"items_purged_floors":[5,7,13],"is_endless":false,"potions_floor_spawned":[8,10,14],"killed_by":"Gensokyo:Yukari","ascension_level":0}}