{"host":"flash","time":1611477587,"event":{"mods":["ATMod(°¢èªMod)","Act Like it!","BaseMod","Jorbs\u0027s Wanderer Trilogy","Luminous","Minty Spire (QoL Compilation)","Shop Mod","StSLib","Td1madao Mod"],"gold_per_floor":[166,181,196,212,212,246,246,307,307,338,338,279,305,323,323,420,420,438,448,462,477,487,487,487],"floor_reached":23,"language":"ZHS","playtime":1243,"items_purged":[],"score":424,"play_id":"cc2618a9-6cfb-4663-b94f-4abc4facfc7d","local_time":"20210124163946","is_ascension_mode":true,"campfire_choices":[{"data":"AT_FamilyPortrait","floor":7.0,"key":"SMITH"},{"floor":11.0,"key":"REST"},{"data":"AT_MachinaRedman","floor":15.0,"key":"SMITH"}],"circlet_count":0,"master_deck":["AscendersBane","Strike_P","Strike_P","Strike_P","Defend_P+1","Defend_P","Defend_P","Defend_P","Eruption","Vigilance","AT_FamilyPortrait+1","FlyingSleeves","PathToVictory","Perseverance","EmptyMind","Tantrum","AT_MachinaRedman+1","AT_RealColorLess","AT_ChampionKick","Adaptation+1","Establishment+1","FlyingSleeves+1","AT_RealFormLess"],"relics":["AT_ATBox","Tiny House","AT_BellDemon","Kunai","Smiling Mask","Frozen Egg 2","Centennial Puzzle","Bronze Scales","Sozu"],"acts_visited":["Exordium","TheCity"],"potions_floor_usage":[22],"damage_taken":[{"damage":1.0,"enemies":"Cultist","floor":1.0,"turns":3.0},{"damage":1.0,"enemies":"Small Slimes","floor":2.0,"turns":3.0},{"damage":9.0,"enemies":"2 Louse","floor":3.0,"turns":3.0},{"damage":7.0,"enemies":"Gremlin Gang","floor":4.0,"turns":3.0},{"damage":0.0,"enemies":"Lagavulin","floor":6.0,"turns":4.0},{"damage":16.0,"enemies":"Lagavulin Event","floor":8.0,"turns":5.0},{"damage":14.0,"enemies":"3 Sentries","floor":10.0,"turns":5.0},{"damage":0.0,"enemies":"Lagavulin","floor":13.0,"turns":3.0},{"damage":0.0,"enemies":"Large Slime","floor":14.0,"turns":4.0},{"damage":8.0,"enemies":"Hexaghost","floor":16.0,"turns":6.0},{"damage":1.0,"enemies":"Spheric Guardian","floor":18.0,"turns":3.0},{"damage":0.0,"enemies":"Chosen","floor":19.0,"turns":4.0},{"damage":30.0,"enemies":"Snake Plant","floor":20.0,"turns":4.0},{"damage":2.0,"enemies":"Centurion and Healer","floor":21.0,"turns":5.0},{"damage":1,"enemies":"Shelled Parasite and Fungi","floor":22,"turns":2},{"damage":35,"enemies":"Slavers","floor":23,"turns":2}],"seed_played":"3383409292879858821","potions_obtained":[{"floor":0.0,"key":"SteroidPotion"},{"floor":4.0,"key":"SkillPotion"},{"floor":8.0,"key":"SteroidPotion"},{"floor":13.0,"key":"BottledMiracle"}],"is_trial":false,"path_per_floor":["M","M","M","M","?","E","R","?","T","E","R","?","E","M","R","B",null,"M","M","M","M","M","E"],"character_chosen":"WATCHER","items_purchased":[],"campfire_rested":1,"item_purchase_floors":[],"current_hp_per_floor":[69,68,59,52,52,52,52,36,36,22,45,45,45,45,45,37,67,66,66,36,34,33,0,0],"gold":487,"neow_bonus":"BOSS_RELIC","is_daily":false,"chose_seed":false,"campfire_upgraded":2,"win_rate":0.0,"timestamp":1611477586,"path_taken":["M","M","?","M","?","E","R","?","T","E","R","?","E","M","R","BOSS","M","?","M","M","M","E"],"items_purchased_type":[],"build_version":"2020-12-18","purchased_purges":0,"victory":false,"max_hp_per_floor":[77,77,77,77,77,77,77,77,77,77,77,77,77,77,77,77,77,77,77,77,77,77,77,77],"card_choices":[{"not_picked":["ClearTheMind","JustLucky"],"picked":"FlyingSleeves","floor":0.0},{"not_picked":["BattleHymn","EmptyFist"],"picked":"PathToVictory","floor":1.0},{"not_picked":["Halt","SignatureMove"],"picked":"Perseverance","floor":2.0},{"not_picked":["Halt","AT_ChampionStep"],"picked":"EmptyMind","floor":3.0},{"not_picked":["DeceiveReality","LikeWater"],"picked":"Tantrum","floor":4.0},{"not_picked":["Consecrate","FollowUp"],"picked":"AT_RealColorLess","floor":6.0},{"not_picked":["PathToVictory","Study+1"],"picked":"AT_ChampionKick","floor":10.0},{"not_picked":["Swivel","Indignation","Vengeance"],"picked":"SKIP","floor":13.0},{"not_picked":["Protect","Consecrate"],"picked":"Adaptation+1","floor":14.0},{"not_picked":["Brilliance","Blasphemy"],"picked":"Establishment+1","floor":16.0},{"not_picked":["BowlingBash","JustLucky"],"picked":"FlyingSleeves+1","floor":18.0},{"not_picked":["Halt","WheelKick"],"picked":"AT_RealFormLess","floor":19.0},{"not_picked":["FlurryOfBlows","ThirdEye","BowlingBash"],"picked":"SKIP","floor":20.0},{"not_picked":["Study+1","FollowUp","AT_DivineConfetti"],"picked":"SKIP","floor":21.0},{"not_picked":["ReachHeaven","FlurryOfBlows","CrushJoints"],"picked":"SKIP","floor":22}],"player_experience":650149,"relics_obtained":[{"floor":6.0,"key":"AT_BellDemon"},{"floor":8.0,"key":"Kunai"},{"floor":9.0,"key":"Smiling Mask"},{"floor":10.0,"key":"Frozen Egg 2"},{"floor":13.0,"key":"Bronze Scales"}],"event_choices":[{"damage_healed":0.0,"max_hp_gain":0.0,"max_hp_loss":0.0,"gold_gain":0.0,"cards_transformed":["Strike_P"],"event_name":"Living Wall","player_choice":"Change","floor":5.0,"gold_loss":0.0,"damage_taken":0.0,"cards_obtained":["AT_MachinaRedman"]},{"damage_healed":0.0,"max_hp_gain":0.0,"max_hp_loss":0.0,"gold_gain":30.0,"event_name":"Dead Adventurer","player_choice":"Searched \u00272\u0027 times","floor":8.0,"gold_loss":0.0,"damage_taken":0.0},{"damage_healed":0.0,"max_hp_gain":0.0,"max_hp_loss":0.0,"gold_gain":0.0,"event_name":"WeMeetAgain","player_choice":"Paid Gold","floor":12.0,"gold_loss":59.0,"damage_taken":0.0,"relics_obtained":["Centennial Puzzle"]}],"is_beta":true,"boss_relics":[{"not_picked":["SacredBark","Velvet Choker"],"picked":"Sozu"}],"items_purged_floors":[],"is_endless":false,"potions_floor_spawned":[4,8,10,13,16,18,19,21],"killed_by":"Slavers","ascension_level":12}}