{"host":"cjczijzq2n4uvi0v","time":1611448824,"event":{"mods":["2.2 Compatiblity","Act Like it!","Aspiration","Astrologer","BaseMod","BetterRewards","Challenge The Spire","Colored Map","Colored Powertips","Conspire","Elementarium","Gensokyo","GifTheSpireLib","GungeonMod","Halation","Hallownest","Highlight Path","Hubris","Infinite Spire","Jorbs\u0027s Wanderer Trilogy","Lobotomy","Mimic Mod","Minty Spire (QoL Compilation)","Pale of the Ancients","Permanent Neow","Rare Cards Sparkle","Replay The Spire","Shop Mod","Spikes Relics","StSLib","Stuff the Spire","The Animator","The Bug Knight","The Construct","The Disciple","The Jungle","The Problem Sleuth","Unknown Chances","Wandering Minibosses"],"gold_per_floor":[115,115,115,126,138,149,149,1714,1741,1761,1789,75,91,111,111,216,216,230,244,244,256,1528,1528,1553,1553,1553,1564,207,225,238,268,268,370,370,383,393,408,408,423,423,453,473,496,513,94,94,94,104,104,4],"floor_reached":51,"language":"ENG","playtime":3527,"items_purged":["Pain","Strike_B","Strike_B","Defend_B","Elementarium:StickyTar","Hatred"],"score":850,"play_id":"a6185f31-20ae-4f7d-ab91-2ab42a677195","local_time":"20210124004024","is_ascension_mode":false,"campfire_choices":[{"data":"Strike_B","floor":15.0,"key":"PURGE"},{"data":"Mirror Shield","floor":23.0,"key":"SMITH"},{"data":"Dualcast","floor":25.0,"key":"SMITH"},{"data":"BasicCrystalCard","floor":32.0,"key":"SMITH"},{"data":"Fission","floor":40.0,"key":"SMITH"},{"data":"ReplayTheSpireMod:Dual Polarity","floor":49,"key":"SMITH"}],"circlet_count":0,"master_deck":["Zap","Dualcast+1","Ball Lightning","Loop","ReplayTheSpireMod:Dual Polarity+1","stsjorbsmod:Withering","Static Discharge+1","ReplayUltimateDefense+1","Chill","Buffer","Ball Lightning","ReplaySolidLightProjector","Coolheaded","Heatsinks+1","StuffTheSpire:Plugnplay+1","aspiration:Polymerization+1","Mirror Shield+1","ReplayTheSpireMod:Calculation Training+1","Leap+1","Coolheaded","Coolheaded+1","DiskWipe+1","StuffTheSpire:Synthwave","aspiration:Polymerization","Skim","BasicCrystalCard+1","Fission+1","BasicCrystalCard+1","ReplayTheSpireMod:Reroute Power","Recycle+1","BasicCrystalCard","Skim+1","ReplayTheSpireMod:GoodbyeWorld","Coolheaded+1","BasicCrystalCard+1","Time Bomb+1","Steam+1","Barrage","Coolheaded+1","conspire:SharedLibrary+1","Ball Lightning+1","infinitespire:SealOfDarkness+","Genetic Algorithm+1","BasicCrystalCard","DiskWipe+1","BasicCrystalCard+1"],"relics":["Cracked Core","ReplayTheSpireMod:Ring of Exchange","Gensokyo:LunaticRedEyes","ReplayTheSpireMod:CursedCoin","Bronze Scales","MerchantsRug","hubris:TenFootPole","aspiration:EnhancedActuators","Cables","BlackRope","StuffTheSpire:Kangaroo","halation:Prosthetics","Mark of Pain","Prayer Wheel","Strawberry","infinitespire:Lychee Nut","Orrery","Omamori","Iron Hammer","Cursed Key","DemoMod:WeirdEgg","Regal Pillow","Honey Jar","DemoMod:GlassGuonStoneRelic","Prayer Wheel","hubris:BottledRain","infinitespire:Bottled Soul","wanderingMiniBosses:AbyssPearl","halation:AfternoonTea","infinitespire:CheckeredPen","halation:EternalFortune","Kintsugi","StuffTheSpire:Mouthbags"],"acts_visited":["Gensokyo:Gensokyo","Gensokyo:Gensokyo","TheBeyond"],"potions_floor_usage":[50],"damage_taken":[{"damage":4.0,"enemies":"Gensokyo:Gryphon","floor":1.0,"turns":4.0},{"damage":0.0,"enemies":"Gensokyo:3_Fairies","floor":4.0,"turns":3.0},{"damage":4.0,"enemies":"Gensokyo:2_Kodama","floor":5.0,"turns":3.0},{"damage":10.0,"enemies":"Gensokyo:VengefulSpirit","floor":6.0,"turns":4.0},{"damage":25.0,"enemies":"Gensokyo:LivingMonolith","floor":10.0,"turns":3.0},{"damage":7.0,"enemies":"Gensokyo:Aya","floor":11.0,"turns":5.0},{"damage":0.0,"enemies":"Gensokyo:Python_and_Kodama","floor":13.0,"turns":5.0},{"damage":0.0,"enemies":"Gensokyo:Kitsune","floor":14.0,"turns":2.0},{"damage":6.0,"enemies":"Gensokyo:Yukari","floor":16.0,"turns":13.0},{"damage":0.0,"enemies":"theJungle:MUSHROOMGANG","floor":18.0,"turns":6.0},{"damage":9.0,"enemies":"theJungle:GiantWrat","floor":19.0,"turns":6.0},{"damage":0.0,"enemies":"Snake Plant","floor":21.0,"turns":4.0},{"damage":0.0,"enemies":"Nightmare","floor":24.0,"turns":7.0},{"damage":4.0,"enemies":"theJungle:JungleHuntersEncounter","floor":27.0,"turns":5.0},{"damage":0.0,"enemies":"theJungle:Lyon","floor":29.0,"turns":2.0},{"damage":0.0,"enemies":"theJungle:2_Snecko_Cultists","floor":30.0,"turns":3.0},{"damage":0.0,"enemies":"theJungle:Cassacara","floor":31.0,"turns":8.0},{"damage":11.0,"enemies":"theJungle:TotemBoss","floor":33.0,"turns":8.0},{"damage":0.0,"enemies":"3 Darklings","floor":35.0,"turns":6.0},{"damage":0.0,"enemies":"3 Shapes","floor":36.0,"turns":3.0},{"damage":0.0,"enemies":"Writhing Mass","floor":37.0,"turns":6.0},{"damage":0.0,"enemies":"3 Darklings","floor":39.0,"turns":7.0},{"damage":0.0,"enemies":"Reptomancer","floor":41.0,"turns":5.0},{"damage":0.0,"enemies":"Jaw Worm Horde","floor":42.0,"turns":6.0},{"damage":0.0,"enemies":"4 Shapes","floor":44.0,"turns":6.0},{"damage":0,"enemies":"3 Darklings","floor":48,"turns":6},{"damage":0,"enemies":"Replay:Hell Engine","floor":50,"turns":7}],"seed_played":"-902012928759635543","potions_obtained":[{"floor":5.0,"key":"conspire:TimeTravelPotion"},{"floor":11.0,"key":"SpeedPotion"},{"floor":14.0,"key":"Strength Potion"},{"floor":16.0,"key":"Adrenaline Potion"},{"floor":18.0,"key":"SneckoOil"},{"floor":19.0,"key":"EssenceOfSteel"},{"floor":24.0,"key":"FearPotion"},{"floor":29.0,"key":"Adrenaline Potion"},{"floor":30.0,"key":"Regen Potion"},{"floor":33.0,"key":"EssenceOfSteel"},{"floor":36.0,"key":"Adrenaline Potion"},{"floor":39.0,"key":"Adrenaline Potion"},{"floor":41.0,"key":"SkillPotion"},{"floor":42.0,"key":"FearPotion"},{"floor":44.0,"key":"DuplicationPotion"}],"is_trial":false,"path_per_floor":["M","?","?","M","M","M","?","$","T","M","E","$","M","M","R_BF","B",null,"M","M","?","M","$","R","NM","R","T","M","$","M","M","E","R","B",null,"M","M","M","?","M","R","E","M","T","M","$","?","AVR","M","R_BF","B",null],"character_chosen":"DEFECT","items_purchased":["ReplayTheSpireMod:CursedCoin","Bronze Scales","Static Discharge+1","ReplayUltimateDefense","MerchantsRug","Cables","BlackRope","StuffTheSpire:Kangaroo","Energy Potion","Strawberry","infinitespire:Lychee Nut","Orrery","Cursed Key","DemoMod:WeirdEgg","StuffTheSpire:Synthwave","infinitespire:CheckeredPen"],"campfire_rested":0,"item_purchase_floors":[8,8,8,8,8,12,12,12,12,22,22,22,28,28,28,45],"current_hp_per_floor":[71,71,75,75,71,69,69,69,69,44,37,37,37,37,37,31,40,40,31,31,31,35,35,35,35,35,32,32,35,35,35,35,24,35,35,35,35,35,35,35,35,35,35,35,35,38,38,38,38,38],"gold":4,"neow_bonus":"REMOVE_CARD","is_daily":false,"chose_seed":false,"campfire_upgraded":5,"win_rate":0.0,"timestamp":1611448824,"path_taken":["M","?","?","M","M","?","?","$","T","M","E","?","?","M","R_BF","BOSS","M","M","?","?","$","R","NM","R","T","M","$","M","M","E","R","BOSS","M","?","M","?","M","R","E","M","T","M","$","?","AVR","M","R_BF","BOSS"],"items_purchased_type":["Relic","Relic","Card","Card","Relic","Relic","Relic","Relic","Potion","Relic","Relic","Relic","Relic","Relic","Card","Relic"],"build_version":"2020-12-22","purchased_purges":6,"victory":true,"max_hp_per_floor":[75,75,75,75,75,75,75,75,75,75,75,75,75,75,75,75,40,40,40,40,40,35,35,35,35,35,35,35,35,35,35,35,35,35,35,35,35,35,35,35,35,35,35,35,35,38,38,38,38,38],"card_choices":[{"not_picked":["Hologram","StuffTheSpire:SnapShoot"],"picked":"Ball Lightning","floor":1.0},{"not_picked":["Leap","Rainbow","Redo"],"picked":"SKIP","floor":4.0},{"not_picked":["Redo","Barrage"],"picked":"Loop","floor":5.0},{"not_picked":["Scrape","StuffTheSpire:CleanHardDrive"],"picked":"ReplayTheSpireMod:Dual Polarity","floor":6.0},{"not_picked":["Time Bomb","Go for the Eyes"],"picked":"Chill","floor":10.0},{"not_picked":["StuffTheSpire:Plugnplay","Seek"],"picked":"Buffer","floor":11.0},{"not_picked":["StuffTheSpire:Plugnplay","Stack","Panic Button"],"picked":"SKIP","floor":13.0},{"not_picked":["BootSequence","Redo"],"picked":"Ball Lightning","floor":14.0},{"not_picked":["Core Surge","StuffTheSpire:EventHorizon"],"picked":"ReplayTheSpireMod:Fabricate Wheel","floor":16.0},{"not_picked":["Sweeping Beam","Lockon"],"picked":"ReplaySolidLightProjector","floor":18.0},{"not_picked":["Gash","Conserve Battery+1","Steam+1"],"picked":"SKIP","floor":18.0},{"not_picked":["Compile Driver+1","Melter"],"picked":"Coolheaded","floor":19.0},{"not_picked":["Chill","Sweeping Beam+1"],"picked":"Heatsinks+1","floor":19.0},{"not_picked":["All For One","Recycle"],"picked":"StuffTheSpire:Plugnplay+1","floor":21.0},{"not_picked":["Rebound+1","StuffTheSpire:Plugnplay","Conserve Battery+1"],"picked":"SKIP","floor":21.0},{"not_picked":["Sweeping Beam","ReplaySolidLightProjector"],"picked":"aspiration:Polymerization+1","floor":22.0},{"not_picked":["Force Field+1","StuffTheSpire:Plugnplay"],"picked":"Mirror Shield","floor":22.0},{"not_picked":["Rebound","Leap"],"picked":"ReplayTheSpireMod:Calculation Training+1","floor":22.0},{"not_picked":["White Noise","Biased Cognition"],"picked":"Leap+1","floor":22.0},{"not_picked":["Thunder Strike","Static Discharge"],"picked":"Coolheaded","floor":22.0},{"not_picked":["Stack","StuffTheSpire:GlassShard"],"picked":"Coolheaded+1","floor":24.0},{"not_picked":["Chill","Redo"],"picked":"DiskWipe+1","floor":27.0},{"not_picked":["StuffTheSpire:LoadUp","Aggregate","Rainbow"],"picked":"SKIP","floor":27.0},{"not_picked":["Rebound+1","Gash"],"picked":"aspiration:Polymerization","floor":29.0},{"not_picked":["Reboot","StuffTheSpire:LoadUp+1"],"picked":"Genetic Algorithm+1","floor":29.0},{"not_picked":["Turbo","StuffTheSpire:LoadUp"],"picked":"Skim","floor":30.0},{"not_picked":["Steam","Hologram","Sweeping Beam"],"picked":"SKIP","floor":30.0},{"not_picked":["Double Energy","Sweeping Beam"],"picked":"BasicCrystalCard","floor":31.0},{"not_picked":["Biased Cognition","hubris:DoWhile"],"picked":"Fission","floor":33.0},{"not_picked":["Steam","Gash+1","Self Repair"],"picked":"BasicCrystalCard+1","floor":35.0},{"not_picked":["Static Discharge","Redo+1","Aggregate+1"],"picked":"ReplayTheSpireMod:Reroute Power","floor":35.0},{"not_picked":["StuffTheSpire:Plugnplay+1","Steam","Panic Button"],"picked":"ReplayTheSpireMod:Fabricate Wheel","floor":36.0},{"not_picked":["Sweeping Beam+1","Aggregate","Rebound+1"],"picked":"Recycle+1","floor":36.0},{"not_picked":["Heatsinks","Steam","Conserve Battery+1"],"picked":"conspire:Rain+1","floor":37.0},{"not_picked":["Cold Snap","Panic Button+1","StuffTheSpire:ShieldGenerator+1"],"picked":"BasicCrystalCard","floor":37.0},{"not_picked":["Coolheaded","Rebound+1","Beam Cell"],"picked":"Skim+1","floor":37.0},{"not_picked":["Cold Snap+1","Seek","Heatsinks"],"picked":"ReplayTheSpireMod:GoodbyeWorld","floor":39.0},{"not_picked":["Steam+1","Cold Snap","Rebound"],"picked":"Coolheaded+1","floor":39.0},{"not_picked":["Force Field+1","Hologram","Panic Button"],"picked":"BasicCrystalCard+1","floor":39.0},{"not_picked":["Gash+1","StuffTheSpire:EventHorizon","Compile Driver"],"picked":"Time Bomb+1","floor":41.0},{"not_picked":["Gash+1","Hologram","Stack"],"picked":"StuffTheSpire:ShieldGenerator+1","floor":42.0},{"not_picked":["Stack","Redo","Compile Driver+1"],"picked":"Steam+1","floor":42.0},{"not_picked":["Genetic Algorithm","Rebound","Scrape+1"],"picked":"Barrage","floor":42.0},{"not_picked":["FTL","conspire:Rain+1","Gash+1"],"picked":"Coolheaded+1","floor":44.0},{"not_picked":["Compile Driver","Reboot","Barrage+1"],"picked":"conspire:SharedLibrary+1","floor":44.0},{"not_picked":["StuffTheSpire:ShieldGenerator","Time Bomb+1","Cold Snap+1"],"picked":"Ball Lightning+1","floor":44.0},{"not_picked":["StuffTheSpire:NuclearReactor+1","Gash","StuffTheSpire:ShieldGenerator"],"picked":"BasicCrystalCard","floor":48},{"not_picked":["StuffTheSpire:SnapShoot+1","Thunder Strike","StuffTheSpire:Plugnplay"],"picked":"DiskWipe+1","floor":48},{"not_picked":["Compile Driver","Sunder","Stack+1"],"picked":"BasicCrystalCard+1","floor":48}],"player_experience":42735,"relics_obtained":[{"floor":2.0,"key":"ReplayTheSpireMod:Ring of Exchange"},{"floor":9.0,"key":"hubris:TenFootPole"},{"floor":11.0,"key":"aspiration:EnhancedActuators"},{"floor":24.0,"key":"Omamori"},{"floor":26.0,"key":"Iron Hammer"},{"floor":31.0,"key":"Regal Pillow"},{"floor":41.0,"key":"infinitespire:Bottled Soul"},{"floor":42.0,"key":"wanderingMiniBosses:AbyssPearl"},{"floor":43.0,"key":"halation:AfternoonTea"}],"event_choices":[{"damage_healed":0.0,"max_hp_gain":0.0,"max_hp_loss":0.0,"gold_gain":0.0,"event_name":"Upgrade Shrine","player_choice":"Upgraded","floor":20.0,"gold_loss":0.0,"damage_taken":0.0,"cards_upgraded":["ReplayUltimateDefense"]}],"is_beta":false,"boss_relics":[{"not_picked":["ReplayTheSpireMod:DimensionalGlitch","Painkiller Herb"],"picked":"halation:Prosthetics"},{"not_picked":["Fusion Hammer","ReplayTheSpireMod:Onyx Gauntlets"],"picked":"Honey Jar"}],"items_purged_floors":[8,12,22,28,45,47],"is_endless":false,"potions_floor_spawned":[5,11,14,16,18,19,24,29,30,33,36,39,41,42,44],"ascension_level":0}}