{"host":"vm3f1ccwgbs4oygt","time":1611522696,"event":{"mods":["BaseMod","BetterRewards","Colored Powertips","Minty Spire (QoL Compilation)","Permanent Neow","Shop Mod","StSLib"],"gold_per_floor":[161,161,16,28,28,28,68,68,68,103,116,116,131,144,144,269,269,287,287,212,231,245,245,55,98,98,13,31,54,54,3,3,3,3],"floor_reached":33,"language":"ENG","playtime":28446,"items_purged":[],"score":275,"play_id":"a7512058-03da-4dfb-b9cb-8bb301e62f23","local_time":"20210124221136","is_ascension_mode":false,"campfire_choices":[{"data":"Dual Wield","floor":6,"key":"SMITH"},{"data":"Blood for Blood","floor":8,"key":"SMITH"},{"data":"Fire Breathing","floor":15,"key":"SMITH"},{"floor":23,"key":"REST"},{"floor":30,"key":"REST"},{"floor":32,"key":"REST"}],"circlet_count":0,"master_deck":["Strike_R","Strike_R","Strike_R","Defend_R","Defend_R","Defend_R","Defend_R","Bash+1","Blood for Blood+1","Dual Wield+1","Disarm","Wild Strike","Injury","Bloodletting","Demon Form","Ghostly Armor","Fire Breathing+1","Dual Wield","Brutality","RitualDagger","Inflame","Apotheosis","Flame Barrier","Decay"],"relics":["Tiny House","Anchor","Golden Idol","Self Forming Clay","Shuriken","Mercury Hourglass","Cursed Key","Torii","White Beast Statue","Juzu Bracelet"],"acts_visited":["Exordium","TheCity"],"potions_floor_usage":[33,33,33,33,33],"damage_taken":[{"damage":7,"enemies":"2 Louse","floor":1,"turns":3},{"damage":1,"enemies":"Jaw Worm","floor":4,"turns":3},{"damage":30,"enemies":"3 Sentries","floor":7,"turns":9},{"damage":14,"enemies":"Lagavulin","floor":10,"turns":6},{"damage":3,"enemies":"Small Slimes","floor":11,"turns":3},{"damage":0,"enemies":"3 Louse","floor":13,"turns":2},{"damage":0,"enemies":"2 Fungi Beasts","floor":14,"turns":2},{"damage":33,"enemies":"Slime Boss","floor":16,"turns":8},{"damage":10,"enemies":"Shell Parasite","floor":18,"turns":5},{"damage":0,"enemies":"Chosen","floor":21,"turns":4},{"damage":44,"enemies":"Sentry and Sphere","floor":22,"turns":6},{"damage":39,"enemies":"Gremlin Leader","floor":25,"turns":5},{"damage":3,"enemies":"Centurion and Healer","floor":28,"turns":6},{"damage":29,"enemies":"3 Cultists","floor":29,"turns":6},{"damage":71,"enemies":"Automaton","floor":33,"turns":6}],"seed_played":"5830786799184725587","potions_obtained":[{"floor":0,"key":"BlessingOfTheForge"},{"floor":1,"key":"FairyPotion"},{"floor":14,"key":"SkillPotion"},{"floor":16,"key":"EntropicBrew"}],"is_trial":false,"path_per_floor":["M","?","$","M","?","R","E","R","T","E","M","?","M","M","R","B",null,"M","?","?","M","M","R","$","E","T","?","M","M","R","$","R","B"],"character_chosen":"IRONCLAD","items_purchased":["Anchor","Apotheosis","Block Potion"],"campfire_rested":3,"item_purchase_floors":[3,24,31],"current_hp_per_floor":[78,78,78,77,77,77,47,47,47,33,30,58,58,58,58,25,85,75,69,69,69,25,50,50,11,11,11,8,7,32,32,57,0,0],"gold":3,"neow_bonus":"BOSS_RELIC","is_daily":false,"chose_seed":false,"campfire_upgraded":3,"win_rate":0.0,"timestamp":1611522696,"path_taken":["M","?","$","M","?","R","E","R","T","E","M","?","?","M","R","BOSS","M","?","?","M","M","R","$","E","T","?","M","M","R","?","R","BOSS"],"items_purchased_type":["Relic","Card","Potion"],"build_version":"2020-12-22","purchased_purges":0,"victory":false,"max_hp_per_floor":[85,85,85,85,85,85,85,85,85,85,85,85,85,85,85,85,85,85,85,85,85,85,85,85,85,85,85,85,85,85,85,85,85,85],"card_choices":[{"not_picked":["Second Wind","Warcry"],"picked":"Blood for Blood","floor":0},{"not_picked":["Headbutt","Heavy Blade"],"picked":"Dual Wield","floor":1},{"not_picked":["Body Slam","Havoc"],"picked":"Wild Strike","floor":4},{"not_picked":["Thunderclap","True Grit"],"picked":"Bloodletting","floor":7},{"not_picked":["Pummel","Hemokinesis"],"picked":"Demon Form","floor":10},{"not_picked":["Armaments","Twin Strike"],"picked":"Ghostly Armor","floor":11},{"not_picked":["Cleave","Body Slam"],"picked":"Fire Breathing","floor":13},{"not_picked":["Body Slam","Havoc"],"picked":"Dual Wield","floor":14},{"not_picked":["Immolate","Double Tap"],"picked":"Brutality","floor":16},{"not_picked":["Twin Strike+1","Clash","Headbutt"],"picked":"SKIP","floor":18},{"not_picked":["Perfected Strike","Cleave"],"picked":"Inflame","floor":21},{"not_picked":["Pommel Strike","Body Slam+1","Twin Strike"],"picked":"SKIP","floor":22},{"not_picked":["Blood for Blood","Armaments+1"],"picked":"Flame Barrier","floor":25},{"not_picked":["Juggernaut","Combust","Anger"],"picked":"SKIP","floor":28},{"not_picked":["Hemokinesis+1","Cleave","Sever Soul"],"picked":"SKIP","floor":29}],"player_experience":794639,"relics_obtained":[{"floor":7,"key":"Self Forming Clay"},{"floor":9,"key":"Shuriken"},{"floor":10,"key":"Mercury Hourglass"},{"floor":25,"key":"Torii"},{"floor":26,"key":"White Beast Statue"}],"event_choices":[{"damage_healed":0,"gold_gain":0,"cards_transformed":["Strike_R"],"player_choice":"Change","damage_taken":0,"max_hp_gain":0,"max_hp_loss":0,"event_name":"Living Wall","floor":2,"gold_loss":0,"cards_obtained":["Disarm"]},{"damage_healed":0,"gold_gain":0,"player_choice":"Take Wound","damage_taken":0,"relics_obtained":["Golden Idol"],"max_hp_gain":0,"max_hp_loss":0,"event_name":"Golden Idol","floor":5,"gold_loss":0,"cards_obtained":["Injury"]},{"damage_healed":28,"gold_gain":0,"player_choice":"Banana","damage_taken":0,"max_hp_gain":0,"max_hp_loss":0,"event_name":"Big Fish","floor":12,"gold_loss":0},{"damage_healed":0,"gold_gain":0,"player_choice":"Joined the Cult","damage_taken":6,"max_hp_gain":0,"max_hp_loss":0,"event_name":"Nest","floor":19,"gold_loss":0,"cards_obtained":["RitualDagger"]},{"cards_removed":["Strike_R"],"damage_healed":0,"gold_gain":0,"player_choice":"Gave Gold","damage_taken":0,"max_hp_gain":0,"max_hp_loss":0,"event_name":"Beggar","floor":20,"gold_loss":75},{"damage_healed":0,"gold_gain":0,"player_choice":"Obtained Relic","damage_taken":0,"relics_obtained":["Juzu Bracelet"],"max_hp_gain":0,"max_hp_loss":0,"event_name":"Addict","floor":27,"gold_loss":85}],"is_beta":false,"boss_relics":[{"not_picked":["Pandora\u0027s Box","Velvet Choker"],"picked":"Cursed Key"}],"items_purged_floors":[],"is_endless":false,"potions_floor_spawned":[1,14,16,25,28,29],"killed_by":"Automaton","ascension_level":0}}