{"host":"b1dzdo8uo7e6jx8g","time":1611483022,"event":{"mods":["AchievementEnabler","BaseMod","BetterRewards","Colored Map","Downfall","Highlight Path","Minty Spire (QoL Compilation)","StSLib","The Bug Knight"],"gold_per_floor":[109,184,184,184,204,204,234,234,259,271,271,303,316,327,327,431,431,444,491,491,521,521,521,35,134,134,134,25,68,68,19,19,116,116,153,78,118,118,118,118,118,118,118,118,118,147,157,177,177,177,177,177,23,55,55,55],"floor_reached":55,"language":"ENG","playtime":1689,"items_purged":["Defend_P"],"score":897,"play_id":"d4b6fc51-dc30-48e3-a409-60a5777a2eea","local_time":"20210124111022","is_ascension_mode":false,"campfire_choices":[{"floor":6,"key":"REST"},{"floor":8,"key":"REST"},{"data":"Crescendo","floor":11,"key":"SMITH"},{"floor":15,"key":"RECALL"},{"floor":23,"key":"REST"},{"floor":27,"key":"REST"},{"data":"Adaptation","floor":30,"key":"SMITH"},{"data":"Pray","floor":32,"key":"SMITH"},{"floor":40,"key":"REST"},{"data":"Flash of Steel","floor":42,"key":"SMITH"},{"data":"Dark Shackles","floor":44,"key":"SMITH"},{"floor":49,"key":"REST"},{"data":"Establishment","floor":52,"key":"SMITH"}],"circlet_count":0,"master_deck":["Defend_P","Defend_P","Eruption","Vigilance","Apotheosis+1","Pray","Consecrate","Wallop","Crescendo+1","Consecrate","Halt","CarveReality","Blasphemy","Pray+1","Slimebound:Tackle+1","Slimebound:Tackle+1","Slimebound:Tackle+1","HandOfGreed","Dark Shackles+1","SandsOfTime","Adaptation+1","Vault","Worship+1","Flash of Steel+1","Establishment+1","Devotion"],"relics":["PureWater","Incense Burner","HollowMod:LifeEnderRelic","Happy Flower","SlaversCollar","Orichalcum","Nilry\u0027s Codex","Red Mask","Membership Card","Ancient Tea Set","Akabeko","Bottled Lightning","Vajra","SacredBark","Lee\u0027s Waffle","HollowMod:StagPassRelic","InkBottle","TungstenRod","Kunai"],"acts_visited":["Exordium","TheCity","TheBeyond","TheEnding"],"potions_floor_usage":[21,21,21,31,55],"damage_taken":[{"damage":3,"enemies":"Small Slimes","floor":1,"turns":4},{"damage":0,"enemies":"2 Louse","floor":5,"turns":2},{"damage":12,"enemies":"Lagavulin","floor":7,"turns":6},{"damage":0,"enemies":"Jaw Worm","floor":10,"turns":3},{"damage":0,"enemies":"Gremlin Nob","floor":12,"turns":2},{"damage":0,"enemies":"Red Slaver","floor":13,"turns":2},{"damage":0,"enemies":"Blue Slaver","floor":14,"turns":2},{"damage":14,"enemies":"The Guardian","floor":16,"turns":6},{"damage":23,"enemies":"2 Thieves","floor":18,"turns":3},{"damage":3,"enemies":"Masked Bandits","floor":21,"turns":3},{"damage":2,"enemies":"Chosen and Byrds","floor":29,"turns":3},{"damage":32,"enemies":"Automaton","floor":33,"turns":4},{"damage":3,"enemies":"3 Shapes","floor":35,"turns":2},{"damage":19,"enemies":"3 Darklings","floor":37,"turns":4},{"damage":13,"enemies":"Giant Head","floor":46,"turns":6},{"damage":6,"enemies":"Spire Growth","floor":47,"turns":5},{"damage":19,"enemies":"Maw","floor":48,"turns":5},{"damage":29,"enemies":"Awakened One","floor":50,"turns":8},{"damage":38,"enemies":"Shield and Spear","floor":54,"turns":5},{"damage":117,"enemies":"The Heart","floor":55,"turns":4}],"seed_played":"2162881085458974760","potions_obtained":[{"floor":1,"key":"Explosive Potion"},{"floor":12,"key":"champ:CounterPotion"},{"floor":13,"key":"PowerPotion"},{"floor":18,"key":"CultistPotion"},{"floor":35,"key":"sneckomod:MuddlingPotion"},{"floor":48,"key":"BottledMiracle"}],"is_trial":false,"path_per_floor":["M","?","?","?","M","R","E","R","T","M","R","E","M","M","R","B",null,"M","T","?","?","?","R","$","?","T","R","$","M","R","$","R","B",null,"M","$","M","?","?","R","?","R","T","R","?","E","M","M","R","B",null,"R","$","E","B"],"character_chosen":"WATCHER","items_purchased":["Apotheosis","Incense Burner","Membership Card","HandOfGreed","Dark Shackles","Ancient Tea Set","Akabeko","Vajra","SandsOfTime","Fruit Juice","Lee\u0027s Waffle","TungstenRod"],"campfire_rested":6,"item_purchase_floors":[0,0,24,24,24,24,24,28,28,31,36,53],"current_hp_per_floor":[50,39,39,39,39,60,48,69,69,69,69,69,69,69,69,55,72,49,49,33,30,30,51,51,51,51,72,72,70,70,75,75,43,77,74,84,65,65,65,80,80,80,80,80,80,67,61,42,66,37,80,80,80,42,0,0],"gold":55,"neow_bonus":"","is_daily":false,"chose_seed":false,"campfire_upgraded":6,"win_rate":0.0,"timestamp":1611483022,"path_taken":["M","?","?","?","M","R","E","R","T","M","R","E","M","M","R","BOSS","M","?","?","?","?","R","$","?","T","R","?","M","R","$","R","BOSS","M","$","M","?","?","R","?","R","T","R","?","E","?","M","R","BOSS","R","$","E","BOSS"],"items_purchased_type":["Card","Relic","Relic","Card","Card","Relic","Relic","Relic","Card","Potion","Relic","Relic"],"build_version":"2020-12-22","purchased_purges":1,"victory":false,"max_hp_per_floor":[72,72,72,72,72,72,72,72,72,72,72,72,72,72,72,72,72,72,72,72,72,72,72,72,72,72,72,72,72,72,77,77,77,77,77,84,84,84,80,80,80,80,80,80,80,80,80,80,80,80,80,80,80,80,80,80],"card_choices":[{"not_picked":["Consecrate","WheelKick"],"picked":"Pray","floor":1},{"not_picked":["Vengeance","FearNoEvil"],"picked":"Consecrate","floor":5},{"not_picked":["Omniscience","Evaluate"],"picked":"Wallop","floor":7},{"not_picked":["ThirdEye","Perseverance"],"picked":"Crescendo","floor":10},{"not_picked":["Perseverance","Evaluate"],"picked":"Consecrate","floor":12},{"not_picked":["ThirdEye","CutThroughFate"],"picked":"Halt","floor":13},{"not_picked":["Halt","FlurryOfBlows"],"picked":"CarveReality","floor":14},{"not_picked":["Ragnarok","SpiritShield"],"picked":"Blasphemy","floor":16},{"not_picked":["EmptyFist","Halt"],"picked":"Pray","floor":18},{"not_picked":["Meditate+1","Evaluate"],"picked":"Adaptation","floor":29},{"not_picked":["Omniscience","Alpha"],"picked":"Vault","floor":33},{"not_picked":["Halt+1","PathToVictory"],"picked":"Worship+1","floor":35},{"not_picked":["CrushJoints+1","EmptyBody","CutThroughFate+1"],"picked":"SKIP","floor":37},{"not_picked":["Jack Of All Trades","Mayhem"],"picked":"Flash of Steel","floor":38},{"not_picked":["FlyingSleeves+1","EmptyBody+1"],"picked":"Establishment","floor":46},{"not_picked":["Protect","Consecrate+1","Fasting2"],"picked":"SKIP","floor":47},{"not_picked":["Adaptation","Conclude+1","Halt"],"picked":"SKIP","floor":48},{"not_picked":["BattleHymn+1","Worship"],"picked":"Devotion","floor":54}],"player_experience":234824,"relics_obtained":[{"floor":7,"key":"HollowMod:LifeEnderRelic"},{"floor":12,"key":"Happy Flower"},{"floor":19,"key":"Orichalcum"},{"floor":20,"key":"Nilry\u0027s Codex"},{"floor":21,"key":"Red Mask"},{"floor":26,"key":"Bottled Lightning"},{"floor":43,"key":"HollowMod:StagPassRelic"},{"floor":46,"key":"InkBottle"},{"floor":54,"key":"Kunai"}],"event_choices":[{"damage_healed":0,"gold_gain":75,"player_choice":"Gather Gold","damage_taken":11,"max_hp_gain":0,"max_hp_loss":0,"event_name":"World of Goop","floor":2,"gold_loss":0},{"damage_healed":0,"gold_gain":0,"player_choice":"Grow","damage_taken":0,"max_hp_gain":0,"max_hp_loss":0,"event_name":"Living Wall","floor":3,"gold_loss":0,"cards_upgraded":["Apotheosis"]},{"cards_removed":["Defend_P"],"damage_healed":0,"gold_gain":0,"player_choice":"Purged","damage_taken":0,"max_hp_gain":0,"max_hp_loss":0,"event_name":"Purifier","floor":4,"gold_loss":0},{"damage_healed":0,"gold_gain":0,"player_choice":"Obtained Book","damage_taken":16,"max_hp_gain":0,"max_hp_loss":0,"event_name":"Cursed Tome","floor":20,"gold_loss":0},{"damage_healed":0,"gold_gain":0,"player_choice":"Fought Bandits","damage_taken":0,"max_hp_gain":0,"max_hp_loss":0,"event_name":"Masked Bandits","floor":21,"gold_loss":0},{"damage_healed":0,"gold_gain":99,"player_choice":"Stole From Cult","damage_taken":0,"max_hp_gain":0,"max_hp_loss":0,"event_name":"Nest","floor":25,"gold_loss":0},{"damage_healed":0,"gold_gain":0,"player_choice":"Memory 1","damage_taken":0,"max_hp_gain":0,"max_hp_loss":0,"event_name":"SensoryStone","floor":38,"gold_loss":0},{"damage_healed":0,"gold_gain":0,"player_choice":"Max HP","damage_taken":0,"max_hp_gain":0,"max_hp_loss":4,"event_name":"Winding Halls","floor":39,"gold_loss":0},{"damage_healed":0,"gold_gain":0,"player_choice":"Ignored","damage_taken":0,"max_hp_gain":0,"max_hp_loss":0,"event_name":"Tomb of Lord Red Mask","floor":41,"gold_loss":0},{"damage_healed":0,"gold_gain":0,"player_choice":"Ignored","damage_taken":0,"max_hp_gain":0,"max_hp_loss":0,"event_name":"NoteForYourself","floor":45,"gold_loss":0}],"is_beta":false,"boss_relics":[{"not_picked":["Cursed Key","Snecko Eye"],"picked":"SlaversCollar"},{"not_picked":["Coffee Dripper","Astrolabe"],"picked":"SacredBark"}],"items_purged_floors":[24],"is_endless":false,"potions_floor_spawned":[1,12,13,14,16,18,35,48],"killed_by":"The Heart","ascension_level":0}}