{"host":"9kp1xquhkkwhsiot","time":1611513511,"event":{"mods":["2.2 Compatiblity","AchievementEnabler","BaseMod","Better Note","Colored Map","Colored Powertips","Downfall","Highlight Path","Minty Spire (QoL Compilation)","Relic Stats","StSLib","Synergy Search"],"gold_per_floor":[99,118,128,228,239,273,273,306,306,306,323,338,138,155,171,272,272,272,285,301,321,334,334,357,357,369,229,260,52,64,79,96,192,192,192,208,226,236,28,28,28,54,54,88,99,25,25,25,38,38],"floor_reached":51,"language":"ENG","playtime":5249,"items_purged":["champ:CrownThrow"],"score":895,"play_id":"024089ba-fe53-4853-8b4d-3abc06526e47","local_time":"20210124193831","is_ascension_mode":false,"campfire_choices":[{"floor":1.0,"key":"RECALL"},{"floor":13.0,"key":"REST"},{"data":"champ:RapidStrikes","floor":18.0,"key":"SMITH"},{"data":"champ:Taunt","floor":23.0,"key":"SMITH"},{"data":"champ:BladeFlurry","floor":25.0,"key":"SMITH"},{"data":"champ:ShieldSlam","floor":35.0,"key":"SMITH"},{"data":"champ:StanceDance","floor":40.0,"key":"SMITH"},{"data":"champ:FlashCut","floor":43.0,"key":"SMITH"}],"circlet_count":0,"master_deck":["champ:Strike","champ:Strike","champ:Strike","champ:Strike","champ:Defend","champ:Defend","champ:Defend","champ:Defend+1","champ:Execute","champ:Taunt+1","champ:FanOfKnives","champ:BringItOn+1","champ:RapidStrikes+1","champ:BladeFlurry+1","champ:Devastate","champ:Backstep+1","champ:ShieldSlam+1","champ:GutPunch","champ:FlashCut+1","champ:PreciseThrust+1","champ:ShieldThrow","champ:StanceDance+1","champ:Lariat+1","champ:GladiatorStyle","expansioncontent:GuardianWhirl","expansioncontent:AwakenDeath","expansioncontent:Hexaburn","champ:IronFortress+1"],"relics":["Busted Crown","Eternal Feather","Orichalcum","Kunai","champ:LiftRelic","downfall:HeartBlessingRed","downfall:HeartBlessingGreen","Runic Pyramid","Boot","War Paint","Akabeko","Snecko Eye","HandDrill","Calipers","HornCleat","Mummified Hand","Blue Candle"],"acts_visited":["Exordium","TheCity","TheBeyond"],"potions_floor_usage":[50],"damage_taken":[{"damage":10.0,"enemies":"2 Louse","floor":2.0,"turns":2.0},{"damage":16.0,"enemies":"Jaw Worm","floor":3.0,"turns":4.0},{"damage":20.0,"enemies":"Cultist","floor":5.0,"turns":3.0},{"damage":56.0,"enemies":"Gremlin Nob","floor":6.0,"turns":5.0},{"damage":39.0,"enemies":"Lagavulin","floor":8.0,"turns":7.0},{"damage":4.0,"enemies":"2 Fungi Beasts","floor":11.0,"turns":3.0},{"damage":11.0,"enemies":"Large Slime","floor":12.0,"turns":3.0},{"damage":0.0,"enemies":"3 Louse","floor":14.0,"turns":2.0},{"damage":0.0,"enemies":"Lots of Slimes","floor":15.0,"turns":2.0},{"damage":37.0,"enemies":"IC_STATUS_ARCHETYPE","floor":16.0,"turns":8.0},{"damage":10.0,"enemies":"3 Byrds","floor":19.0,"turns":3.0},{"damage":10.0,"enemies":"Spheric Guardian","floor":20.0,"turns":3.0},{"damage":35.0,"enemies":"Snake Plant","floor":21.0,"turns":4.0},{"damage":10.0,"enemies":"3 Cultists","floor":22.0,"turns":4.0},{"damage":10.0,"enemies":"Snecko","floor":26.0,"turns":4.0},{"damage":14.0,"enemies":"downfall:FleeingMerchant","floor":27.0,"turns":4.0},{"damage":22.0,"enemies":"Slavers","floor":28.0,"turns":5.0},{"damage":10.0,"enemies":"downfall:FleeingMerchant","floor":29.0,"turns":4.0},{"damage":10.0,"enemies":"Centurion and Healer","floor":30.0,"turns":4.0},{"damage":10.0,"enemies":"Cultist and Chosen","floor":31.0,"turns":3.0},{"damage":25.0,"enemies":"Snake Plant","floor":32.0,"turns":2.0},{"damage":16.0,"enemies":"DF_ARCHETYPE_CLAW","floor":33.0,"turns":9.0},{"damage":10.0,"enemies":"3 Shapes","floor":36.0,"turns":1.0},{"damage":11.0,"enemies":"3 Darklings","floor":37.0,"turns":3.0},{"damage":14.0,"enemies":"Sphere and 2 Shapes","floor":38.0,"turns":4.0},{"damage":10.0,"enemies":"downfall:FleeingMerchant","floor":39.0,"turns":2.0},{"damage":40.0,"enemies":"Reptomancer","floor":42.0,"turns":6.0},{"damage":37.0,"enemies":"Nemesis","floor":44.0,"turns":8.0},{"damage":10.0,"enemies":"Maw","floor":45.0,"turns":7.0},{"damage":10,"enemies":"Transient","floor":49,"turns":5},{"damage":45,"enemies":"SI_POISON_ARCHETYPE","floor":50,"turns":13}],"seed_played":"-1142204479216936284","potions_obtained":[{"floor":2.0,"key":"Fire Potion"},{"floor":3.0,"key":"SteroidPotion"},{"floor":12.0,"key":"champ:OpenerPotion"},{"floor":14.0,"key":"PowerPotion"},{"floor":20.0,"key":"SteroidPotion"},{"floor":31.0,"key":"DuplicationPotion"}],"is_trial":false,"path_per_floor":["R","M","M","?","M","E","T","E","?","?","M","M","R","M","M","B",null,"R","M","M","M","M","R","T","R","M","$","E","$","M","M","M","B",null,"R","M","M","M","$","R","T","E","R","E","M","$","?","?","M","B",null],"character_chosen":"THE_CHAMP","items_purchased":["champ:ShieldSlam","champ:GutPunch","champ:FlashCut","Akabeko","HandDrill","Calipers","champ:GladiatorStyle"],"campfire_rested":1,"item_purchase_floors":[27,27,29,29,39,39,46],"current_hp_per_floor":[90,90,84,84,84,43,43,24,24,24,20,19,52,52,52,35,90,90,90,90,75,75,84,84,90,90,86,74,74,74,74,59,53,90,90,90,89,85,85,90,90,90,90,78,78,78,68,63,63,38],"gold":38,"neow_bonus":"BOSS_RELIC","is_daily":false,"chose_seed":false,"campfire_upgraded":6,"win_rate":0.0,"timestamp":1611513511,"path_taken":["R","M","M","?","M","E","T","E","?","?","M","M","R","M","M","BOSS","R","M","M","?","M","R","T","R","M","$","E","$","M","M","M","BOSS","R","M","M","M","$","R","T","E","R","E","M","$","?","?","M","BOSS"],"items_purchased_type":["Card","Card","Card","Relic","Relic","Relic","Card"],"build_version":"2020-12-22","purchased_purges":1,"victory":true,"max_hp_per_floor":[90,90,90,90,90,90,90,90,90,90,90,90,90,90,90,90,90,90,90,90,90,90,90,90,90,90,90,90,90,90,90,90,90,90,90,90,90,90,90,90,90,90,90,90,90,90,90,90,90,90],"relic_stats":{"Busted Crown":74,"counters":[31,137],"Mummified Hand":[18],"Blue Candle":[0],"Snecko Eye":[57,60,46,51],"Eternal Feather":26,"HandDrill":[10],"Kunai":[47],"Orichalcum":[174],"War Paint":["champ:Defend","champ:BringItOn"],"Boot":[98],"obtain_stats":[{"Calipers":39,"downfall:HeartBlessingRed":13,"Blue Candle":48,"champ:ChampionCrown":0,"Eternal Feather":6,"downfall:HeartBlessingGreen":13,"Orichalcum":7,"War Paint":28,"Boot":24,"Akabeko":29,"Busted Crown":0,"HornCleat":42,"Mummified Hand":44,"champ:LiftRelic":9,"Snecko Eye":34,"HandDrill":39,"Kunai":8,"Runic Pyramid":17},{"Calipers":26,"downfall:HeartBlessingRed":7,"Blue Candle":29,"champ:ChampionCrown":0,"Eternal Feather":4,"downfall:HeartBlessingGreen":7,"Orichalcum":4,"War Paint":17,"Boot":14,"Akabeko":18,"Busted Crown":0,"HornCleat":27,"Mummified Hand":28,"champ:LiftRelic":5,"Snecko Eye":22,"HandDrill":26,"Kunai":5,"Runic Pyramid":10},{"Calipers":98,"downfall:HeartBlessingRed":27,"Blue Candle":119,"champ:ChampionCrown":0,"Eternal Feather":14,"downfall:HeartBlessingGreen":27,"Orichalcum":14,"War Paint":66,"Boot":53,"Akabeko":70,"Busted Crown":0,"HornCleat":104,"Mummified Hand":112,"champ:LiftRelic":21,"Snecko Eye":88,"HandDrill":98,"Kunai":21,"Runic Pyramid":39}]},"card_choices":[{"not_picked":["champ:BringItOn"],"picked":"SKIP","floor":2.0},{"not_picked":[],"picked":"champ:CrownThrow","floor":3.0},{"not_picked":[],"picked":"champ:FanOfKnives","floor":5.0},{"not_picked":["champ:RecklessLeap"],"picked":"SKIP","floor":6.0},{"not_picked":[],"picked":"champ:BringItOn","floor":8.0},{"not_picked":["champ:SetATrap"],"picked":"SKIP","floor":11.0},{"not_picked":[],"picked":"champ:RapidStrikes","floor":12.0},{"not_picked":["champ:SkillfulDodge"],"picked":"SKIP","floor":14.0},{"not_picked":[],"picked":"champ:BladeFlurry","floor":15.0},{"not_picked":[],"picked":"champ:Devastate","floor":16.0},{"not_picked":["champ:BerserkersShout"],"picked":"SKIP","floor":19.0},{"not_picked":["champ:EnGarde"],"picked":"SKIP","floor":20.0},{"not_picked":["champ:SkillfulDodge"],"picked":"SKIP","floor":21.0},{"not_picked":[],"picked":"champ:Backstep+1","floor":22.0},{"not_picked":["champ:SkillfulDodge"],"picked":"SKIP","floor":26.0},{"not_picked":["champ:Duel+1"],"picked":"SKIP","floor":27.0},{"not_picked":["champ:Backstep"],"picked":"SKIP","floor":28.0},{"not_picked":["champ:HeavySlash"],"picked":"SKIP","floor":29.0},{"not_picked":["champ:HeartStrike"],"picked":"SKIP","floor":30.0},{"not_picked":["champ:RecklessLeap"],"picked":"SKIP","floor":31.0},{"not_picked":[],"picked":"champ:PreciseThrust+1","floor":32.0},{"not_picked":[],"picked":"champ:ShieldThrow","floor":33.0},{"not_picked":[],"picked":"champ:StanceDance","floor":36.0},{"not_picked":["champ:CrownThrow+1"],"picked":"SKIP","floor":37.0},{"not_picked":[],"picked":"champ:Lariat+1","floor":38.0},{"not_picked":["champ:DeathBlow+1"],"picked":"SKIP","floor":39.0},{"not_picked":["champ:DeathBlow+1"],"picked":"SKIP","floor":42.0},{"not_picked":["champ:Encircle+1"],"picked":"SKIP","floor":44.0},{"not_picked":["champ:Encircle+1"],"picked":"SKIP","floor":45},{"not_picked":[],"picked":"expansioncontent:GuardianWhirl","floor":47},{"not_picked":[],"picked":"expansioncontent:AwakenDeath","floor":47},{"not_picked":[],"picked":"expansioncontent:Hexaburn","floor":47},{"not_picked":[],"picked":"champ:IronFortress+1","floor":49}],"player_experience":592714,"relics_obtained":[{"floor":6.0,"key":"Eternal Feather"},{"floor":7.0,"key":"Orichalcum"},{"floor":8.0,"key":"Kunai"},{"floor":24.0,"key":"Boot"},{"floor":28.0,"key":"War Paint"},{"floor":42.0,"key":"HornCleat"},{"floor":44.0,"key":"Mummified Hand"}],"event_choices":[{"cards_removed":["champ:Strike"],"damage_healed":0.0,"max_hp_gain":0.0,"max_hp_loss":0.0,"gold_gain":0.0,"event_name":"betterNote:BetterNote","player_choice":"Give","floor":10.0,"gold_loss":0.0,"damage_taken":0.0,"cards_obtained":["hexamod:Strike"]}],"is_beta":false,"boss_relics":[{"not_picked":["Black Star","SacredBark"],"picked":"Runic Pyramid"},{"not_picked":["Velvet Choker","Fusion Hammer"],"picked":"Snecko Eye"}],"items_purged_floors":[39],"is_endless":false,"potions_floor_spawned":[2,3,12,14,20,21,31,32,37,38,42],"ascension_level":0}}