{"host":"0v07cr0k93jhgkpm","time":1611461599,"event":{"mods":["BaseMod","Colored Map","DeckTracker","Minty Spire (QoL Compilation)","Quick Restart","SuperFastMode"],"gold_per_floor":[119,99,119,44,54,80,97,97,97,115,126,126,126,143,143,220,220,233,233,233],"floor_reached":19,"language":"KOR","playtime":561,"items_purged":[],"score":342,"play_id":"fe3b6d5f-a066-4327-bf0b-f62f5cad05b5","local_time":"20210124131319","is_ascension_mode":true,"campfire_choices":[{"floor":8.0,"key":"REST"},{"data":"True Grit","floor":12.0,"key":"SMITH"},{"data":"Limit Break","floor":15.0,"key":"SMITH"}],"circlet_count":0,"master_deck":["AscendersBane","Strike_R","Strike_R","Strike_R","Strike_R","Strike_R","Defend_R","Defend_R","Defend_R","Defend_R","Bash","Bloodletting","Fire Breathing","Inflame","Dark Embrace","Immolate","Cleave","True Grit+1","Limit Break+1","Reaper","Sentinel"],"relics":["Burning Blood","Incense Burner","StrikeDummy","Gremlin Horn","Cursed Key"],"acts_visited":["Exordium","TheCity"],"potions_floor_usage":[19],"damage_taken":[{"damage":4.0,"enemies":"Small Slimes","floor":1.0,"turns":4.0},{"damage":15.0,"enemies":"Cultist","floor":3.0,"turns":5.0},{"damage":7.0,"enemies":"2 Louse","floor":5.0,"turns":3.0},{"damage":11.0,"enemies":"Gremlin Nob","floor":6.0,"turns":3.0},{"damage":17.0,"enemies":"Red Slaver","floor":7.0,"turns":2.0},{"damage":1.0,"enemies":"Looter","floor":10.0,"turns":2.0},{"damage":7.0,"enemies":"Gremlin Gang","floor":11.0,"turns":3.0},{"damage":4.0,"enemies":"Lots of Slimes","floor":14.0,"turns":2.0},{"damage":16.0,"enemies":"Slime Boss","floor":16.0,"turns":8.0},{"damage":40.0,"enemies":"Shell Parasite","floor":18.0,"turns":9.0},{"damage":33,"enemies":"Chosen","floor":19,"turns":3}],"seed_played":"-3505875989752384503","potions_obtained":[{"floor":1.0,"key":"FearPotion"},{"floor":2.0,"key":"EssenceOfSteel"},{"floor":5.0,"key":"Strength Potion"},{"floor":14.0,"key":"Block Potion"},{"floor":16.0,"key":"Ancient Potion"},{"floor":18.0,"key":"LiquidBronze"}],"is_trial":false,"path_per_floor":["M","?","M","$","M","E","M","R","T","M","M","R","?","M","R","B",null,"M","M"],"character_chosen":"IRONCLAD","items_purchased":["Inflame"],"campfire_rested":1,"item_purchase_floors":[4],"current_hp_per_floor":[52,52,43,43,42,37,26,48,48,53,52,52,52,54,54,44,67,33,0,0],"gold":233,"neow_bonus":"ONE_RARE_RELIC","is_daily":false,"chose_seed":false,"campfire_upgraded":2,"win_rate":0.0,"timestamp":1611461599,"path_taken":["M","?","M","?","?","E","M","R","T","M","M","R","?","M","R","BOSS","M","M"],"items_purchased_type":["Card"],"build_version":"2020-12-22","purchased_purges":0,"victory":false,"max_hp_per_floor":[75,75,75,75,75,75,75,75,75,75,75,75,75,75,75,75,75,75,75,75],"card_choices":[{"not_picked":["Anger","Clothesline"],"picked":"Bloodletting","floor":1.0},{"not_picked":["Thunderclap","Twin Strike"],"picked":"Fire Breathing","floor":3.0},{"not_picked":["Sentinel","Perfected Strike"],"picked":"Dark Embrace","floor":5.0},{"not_picked":["Thunderclap","Burning Pact"],"picked":"Immolate","floor":6.0},{"not_picked":["Headbutt","Flex"],"picked":"Cleave","floor":7.0},{"not_picked":["Twin Strike","Inflame"],"picked":"True Grit","floor":10.0},{"not_picked":["True Grit","Body Slam","Havoc"],"picked":"SKIP","floor":11.0},{"not_picked":["Flex","Shockwave"],"picked":"Limit Break","floor":14.0},{"not_picked":["Feed","Brutality"],"picked":"Reaper","floor":16.0},{"not_picked":["Pommel Strike","Clash"],"picked":"Sentinel","floor":18.0}],"player_experience":2506442,"relics_obtained":[{"floor":6.0,"key":"StrikeDummy"},{"floor":9.0,"key":"Gremlin Horn"}],"event_choices":[{"damage_healed":0.0,"max_hp_gain":0.0,"max_hp_loss":0.0,"gold_gain":0.0,"event_name":"The Woman in Blue","player_choice":"Bought 1 Potion","floor":2.0,"gold_loss":0.0,"damage_taken":0.0},{"damage_healed":0.0,"max_hp_gain":0.0,"max_hp_loss":0.0,"gold_gain":0.0,"event_name":"Match and Keep!","player_choice":"0 cards matched","floor":13.0,"gold_loss":0.0,"damage_taken":0.0,"cards_obtained":[]}],"is_beta":false,"boss_relics":[{"not_picked":["Runic Dome","Pandora\u0027s Box"],"picked":"Cursed Key"}],"items_purged_floors":[],"is_endless":false,"potions_floor_spawned":[1,3,5,14,16,18],"killed_by":"Chosen","ascension_level":20}}