{"host":"0bf1j2iyw2812bby","time":1611452121,"event":{"mods":["BaseMod","Colored Map","Downfall","Highlight Path","Minty Spire (QoL Compilation)","StSLib"],"gold_per_floor":[114,126,3,19,29,29,46,46,46,46,66,66,82,101,101,197,197,213,393,406,424,424,424,435,469,493,493,94,113,212,222,222,222,222],"floor_reached":33,"language":"ENG","playtime":1399,"items_purged":["Parasite","downfall:Bewildered"],"score":342,"play_id":"6d969a58-7b6a-41a4-bfd8-7a9a482724d1","local_time":"20210123203521","is_ascension_mode":true,"campfire_choices":[{"data":"Iron Wave","floor":6,"key":"SMITH"},{"data":"Spot Weakness","floor":8,"key":"SMITH"},{"data":"Sword Boomerang","floor":10,"key":"SMITH"},{"data":"Intimidate","floor":12,"key":"SMITH"},{"data":"Battle Trance","floor":15,"key":"SMITH"},{"floor":23,"key":"REST"},{"floor":27,"key":"REST"},{"floor":32,"key":"REST"}],"circlet_count":0,"master_deck":["Strike_R","Strike_R","Strike_R","Strike_R","Strike_R","Defend_R+1","Defend_R","Defend_R+1","Defend_R","Bash","Sword Boomerang+1","Spot Weakness+1","Iron Wave+1","Metallicize","Battle Trance+1","Cleave","Intimidate+1","Clash","Rampage","Feed","Impatience","Clash+1","Clash","Armaments+1","Iron Wave","Thunderclap"],"relics":["Burning Blood","Charon\u0027s Ashes","Boot","Sozu","sneckomod:BabySnecko","Centennial Puzzle","Bronze Scales","War Paint","Sling"],"acts_visited":["Exordium","TheCity"],"potions_floor_usage":[16,33],"damage_taken":[{"damage":6,"enemies":"Cultist","floor":1,"turns":4},{"damage":7,"enemies":"Jaw Worm","floor":2,"turns":3},{"damage":6,"enemies":"Small Slimes","floor":4,"turns":4},{"damage":5,"enemies":"Blue Slaver","floor":5,"turns":3},{"damage":7,"enemies":"Looter","floor":7,"turns":4},{"damage":14,"enemies":"3 Louse","floor":11,"turns":3},{"damage":2,"enemies":"Blue Slaver","floor":13,"turns":3},{"damage":1,"enemies":"Looter","floor":14,"turns":2},{"damage":41,"enemies":"The Guardian","floor":16,"turns":9},{"damage":0,"enemies":"Spheric Guardian","floor":18,"turns":3},{"damage":1,"enemies":"3 Byrds","floor":20,"turns":4},{"damage":37,"enemies":"Sentry and Sphere","floor":21,"turns":6},{"damage":14,"enemies":"Centurion and Healer","floor":24,"turns":4},{"damage":30,"enemies":"Gremlin Leader","floor":25,"turns":7},{"damage":12,"enemies":"Shelled Parasite and Fungi","floor":29,"turns":3},{"damage":0,"enemies":"Sentry and Sphere","floor":31,"turns":3},{"damage":79,"enemies":"Automaton","floor":33,"turns":8}],"seed_played":"1394458690017640663","potions_obtained":[{"floor":1,"key":"sneckomod:MuddlingPotion"},{"floor":4,"key":"FearPotion"},{"floor":5,"key":"LiquidMemories"}],"is_trial":false,"path_per_floor":["M","M","$","M","M","R","M","R","T","R","M","R","M","M","R","B",null,"M","?","M","M","?","R","M","E","T","R","$","M","?","M","R","B"],"character_chosen":"IRONCLAD","items_purchased":["Iron Wave","War Paint","Sling"],"campfire_rested":3,"item_purchase_floors":[3,28,28],"current_hp_per_floor":[72,71,71,71,72,72,71,71,71,71,63,63,67,72,72,37,67,73,48,53,22,22,45,40,16,16,40,40,37,37,43,67,0,0],"gold":222,"neow_bonus":"ONE_RARE_RELIC","is_daily":false,"chose_seed":false,"campfire_upgraded":5,"win_rate":0.0,"timestamp":1611452121,"path_taken":["M","?","$","M","M","R","M","R","T","R","M","R","M","M","R","BOSS","M","?","?","M","?","R","M","E","T","R","$","M","?","M","R","BOSS"],"items_purchased_type":["Card","Relic","Relic"],"build_version":"2020-12-13","purchased_purges":2,"victory":false,"max_hp_per_floor":[80,80,77,77,77,77,77,77,77,77,77,77,77,77,77,77,77,77,77,77,77,77,77,80,80,80,80,80,83,83,83,83,83,83],"card_choices":[{"not_picked":["Wild Strike","Reckless Charge"],"picked":"Sword Boomerang","floor":1},{"not_picked":["Metallicize","Evolve"],"picked":"Spot Weakness","floor":2},{"not_picked":["Thunderclap","Anger"],"picked":"Metallicize","floor":4},{"not_picked":["Spot Weakness","Second Wind"],"picked":"Battle Trance","floor":5},{"not_picked":["Armaments","Clothesline"],"picked":"Cleave","floor":7},{"not_picked":["Bloodletting","Wild Strike"],"picked":"Intimidate","floor":11},{"not_picked":["Entrench","Wild Strike"],"picked":"Clash","floor":13},{"not_picked":["Whirlwind","Headbutt"],"picked":"Rampage","floor":14},{"not_picked":["Barricade","Fiend Fire"],"picked":"Feed","floor":16},{"not_picked":["Second Wind","Body Slam","Cleave"],"picked":"SKIP","floor":18},{"not_picked":["Armaments+1","Pummel"],"picked":"Clash+1","floor":20},{"not_picked":["Corruption","Power Through","Sentinel"],"picked":"SKIP","floor":21},{"not_picked":["Spot Weakness","Whirlwind+1"],"picked":"Clash","floor":24},{"not_picked":["Clash","Flame Barrier"],"picked":"Armaments+1","floor":25},{"not_picked":["Clash","Thunderclap"],"picked":"Iron Wave","floor":29},{"not_picked":["True Grit+1","Evolve"],"picked":"Thunderclap","floor":31}],"player_experience":385203,"relics_obtained":[{"floor":9,"key":"Boot"},{"floor":25,"key":"Centennial Puzzle"},{"floor":26,"key":"Bronze Scales"}],"event_choices":[{"damage_healed":0,"gold_gain":180,"player_choice":"GOLD CARD GOLD ","damage_taken":25,"max_hp_gain":0,"max_hp_loss":0,"event_name":"Knowing Skull","floor":19,"potions_obtained":[],"gold_loss":0,"cards_obtained":["Impatience"]},{"damage_healed":0,"gold_gain":99,"player_choice":"Stole From Cult","damage_taken":0,"max_hp_gain":0,"max_hp_loss":0,"event_name":"Nest","floor":30,"gold_loss":0}],"is_beta":false,"boss_relics":[{"not_picked":["Black Star","Coffee Dripper"],"picked":"Sozu"}],"items_purged_floors":[3,28],"is_endless":false,"potions_floor_spawned":[1,4,5,7,21,25,29,31],"killed_by":"Automaton","ascension_level":6}}