{"host":"9b7hrp48q3pna783","time":1611470916,"event":{"mods":["BaseMod","Colored Map","Colored Powertips","Highlight Path","Minty Spire (QoL Compilation)","Relic Stats"],"gold_per_floor":[117,292,307,327,61,61,71,99,99,130,130,146,160,179,179,284,284,300,45,45,55,55,90,90,122,148,162,262,39,54,0,0,101,101,111,127,142,72,72,99,115,115,139,14,24,24,74,105,105,105,105],"floor_reached":50,"language":"ENG","playtime":3527,"items_purged":["Doubt","Strike_R","Strike_R"],"score":681,"play_id":"6cd114dc-3fbf-4127-a32b-2bd5376fbfc4","local_time":"20210124014836","is_ascension_mode":true,"campfire_choices":[{"data":"Apotheosis","floor":6,"key":"SMITH"},{"data":"Combust","floor":11,"key":"SMITH"},{"data":"Body Slam","floor":15,"key":"SMITH"},{"data":"Inflame","floor":24,"key":"SMITH"},{"floor":32,"key":"REST"},{"floor":46,"key":"RECALL"},{"floor":49,"key":"REST"}],"circlet_count":0,"master_deck":["Strike_R","Strike_R","Defend_R","Defend_R","Defend_R","Defend_R","Bash","Rage","Shrug It Off","Cleave","Apotheosis+1","Inflame+1","Combust+1","Bloodletting+1","Body Slam+1","Feed","Shrug It Off+1","Whirlwind","Sword Boomerang","Blood for Blood+1","Entrench+1","Warcry+1","Limit Break+1","True Grit+1","Rupture","Blood for Blood","Sword Boomerang+1","Heavy Blade+1"],"relics":["Black Blood","NeowsBlessing","WingedGreaves","Toxic Egg 2","Pear","DollysMirror","MutagenicStrength","StoneCalendar","Blood Vial","Centennial Puzzle","Thread and Needle","Question Card","Brimstone","Runic Cube","PreservedInsect","Unceasing Top","FossilizedHelix"],"acts_visited":["Exordium","TheCity","TheBeyond"],"potions_floor_usage":[10,13,16,25,25,28,37,48,50,50],"damage_taken":[{"damage":0,"enemies":"2 Louse","floor":1,"turns":1},{"damage":0,"enemies":"Small Slimes","floor":3,"turns":1},{"damage":0,"enemies":"Jaw Worm","floor":4,"turns":1},{"damage":12,"enemies":"Exordium Wildlife","floor":7,"turns":5},{"damage":28,"enemies":"Lagavulin","floor":8,"turns":6},{"damage":13,"enemies":"3 Sentries","floor":10,"turns":5},{"damage":1,"enemies":"Blue Slaver","floor":12,"turns":4},{"damage":6,"enemies":"Exordium Thugs","floor":13,"turns":3},{"damage":7,"enemies":"3 Louse","floor":14,"turns":3},{"damage":9,"enemies":"Slime Boss","floor":16,"turns":8},{"damage":22,"enemies":"Shell Parasite","floor":18,"turns":5},{"damage":13,"enemies":"Chosen","floor":21,"turns":5},{"damage":62,"enemies":"Slavers","floor":23,"turns":7},{"damage":36,"enemies":"Book of Stabbing","floor":25,"turns":6},{"damage":24,"enemies":"Shelled Parasite and Fungi","floor":27,"turns":5},{"damage":12,"enemies":"Colosseum Slavers","floor":28,"turns":2},{"damage":8,"enemies":"Colosseum Nobs","floor":28,"turns":4},{"damage":36,"enemies":"Snake Plant","floor":30,"turns":4},{"damage":48,"enemies":"Automaton","floor":33,"turns":7},{"damage":4,"enemies":"Orb Walker","floor":35,"turns":3},{"damage":3,"enemies":"3 Shapes","floor":36,"turns":3},{"damage":20,"enemies":"Spire Growth","floor":37,"turns":3},{"damage":21,"enemies":"Giant Head","floor":40,"turns":6},{"damage":31,"enemies":"3 Darklings","floor":41,"turns":4},{"damage":15,"enemies":"Maw","floor":45,"turns":6},{"damage":34,"enemies":"Mind Bloom Boss Battle","floor":47,"turns":3},{"damage":60,"enemies":"Reptomancer","floor":48,"turns":4},{"damage":59,"enemies":"Awakened One","floor":50,"turns":5}],"seed_played":"6740751059560656423","potions_obtained":[{"floor":1,"key":"BloodPotion"},{"floor":3,"key":"Fruit Juice"},{"floor":7,"key":"Strength Potion"},{"floor":12,"key":"FearPotion"},{"floor":23,"key":"PowerPotion"},{"floor":27,"key":"DistilledChaos"},{"floor":30,"key":"Strength Potion"},{"floor":36,"key":"ElixirPotion"},{"floor":40,"key":"Explosive Potion"},{"floor":45,"key":"SpeedPotion"},{"floor":48,"key":"SteroidPotion"}],"is_trial":false,"path_per_floor":["M","?","M","M","$","R","M","E","T","E","R","M","M","M","R","B",null,"M","$","?","M","?","E","R","E","T","M","?","$","M","?","R","B",null,"M","M","M","$","?","E","M","$","T","$","M","R","?","E","R","B"],"character_chosen":"IRONCLAD","items_purchased":["Apotheosis","DollysMirror","Brimstone","Entrench+1","Rupture"],"campfire_rested":2,"item_purchase_floors":[5,19,29,29,38],"current_hp_per_floor":[80,80,80,80,80,80,74,52,52,60,60,65,65,64,64,61,95,85,85,85,88,88,42,42,38,38,28,40,40,18,18,50,16,107,110,110,102,102,102,95,78,78,78,78,81,81,61,15,49,0,0],"gold":105,"neow_bonus":"THREE_ENEMY_KILL","is_daily":false,"chose_seed":false,"campfire_upgraded":4,"win_rate":0.0,"timestamp":1611470916,"path_taken":["M","?","M","M","$","R","M","E","T","E","R","M","M","M","R","BOSS","M","$","?","M","?","E","R","E","T","?","?","?","M","?","R","BOSS","M","M","M","$","?","E","M","?","T","$","?","R","?","E","R","BOSS"],"items_purchased_type":["Card","Relic","Relic","Card","Card"],"build_version":"2020-12-22","purchased_purges":3,"victory":false,"max_hp_per_floor":[80,80,80,80,80,80,80,80,80,95,95,95,95,95,95,95,95,95,95,95,99,99,103,103,103,103,103,107,107,107,107,107,107,107,110,110,110,110,110,110,110,110,110,110,114,114,114,114,114,114,114],"relic_stats":{"Blood Vial":22,"Centennial Puzzle":[42],"counters":[28,119],"Black Blood":229,"StoneCalendar":[0],"PreservedInsect":59,"Question Card":10,"obtain_stats":[{"Pear":10,"NeowsBlessing":0,"Black Blood":17,"StoneCalendar":23,"Thread and Needle":28,"PreservedInsect":40,"Question Card":28,"Burning Blood":0,"Blood Vial":25,"Centennial Puzzle":26,"DollysMirror":19,"Brimstone":29,"MutagenicStrength":22,"WingedGreaves":8,"Toxic Egg 2":9,"Unceasing Top":47,"FossilizedHelix":48,"Runic Cube":34},{"Pear":6,"NeowsBlessing":0,"Black Blood":10,"StoneCalendar":13,"Thread and Needle":17,"PreservedInsect":23,"Question Card":17,"Burning Blood":0,"Blood Vial":14,"Centennial Puzzle":14,"DollysMirror":11,"Brimstone":17,"MutagenicStrength":12,"WingedGreaves":5,"Toxic Egg 2":5,"Unceasing Top":26,"FossilizedHelix":27,"Runic Cube":19},{"Pear":19,"NeowsBlessing":0,"Black Blood":37,"StoneCalendar":54,"Thread and Needle":71,"PreservedInsect":97,"Question Card":71,"Burning Blood":0,"Blood Vial":60,"Centennial Puzzle":60,"DollysMirror":42,"Brimstone":71,"MutagenicStrength":47,"WingedGreaves":14,"Toxic Egg 2":14,"Unceasing Top":110,"FossilizedHelix":114,"Runic Cube":82}],"Unceasing Top":[0],"Runic Cube":[40]},"card_choices":[{"not_picked":["Iron Wave","Metallicize"],"picked":"Rage","floor":1},{"not_picked":["Evolve","Rampage"],"picked":"Shrug It Off","floor":3},{"not_picked":["Clothesline","Entrench"],"picked":"Cleave","floor":4},{"not_picked":["Armaments","Rage"],"picked":"Inflame","floor":7},{"not_picked":["Twin Strike","Seeing Red"],"picked":"Combust","floor":8},{"not_picked":["Infernal Blade+1","Carnage","True Grit+1"],"picked":"SKIP","floor":10},{"not_picked":["Inflame","Burning Pact+1"],"picked":"Bloodletting+1","floor":12},{"not_picked":["Spot Weakness+1","Headbutt","Dark Embrace"],"picked":"SKIP","floor":13},{"not_picked":["Clash","Sever Soul"],"picked":"Body Slam","floor":14},{"not_picked":["Berserk","Barricade"],"picked":"Feed","floor":16},{"not_picked":["Shrug It Off+1","Anger+1","Flex+1"],"picked":"SKIP","floor":18},{"not_picked":["Battle Trance+1","Twin Strike"],"picked":"Whirlwind","floor":21},{"not_picked":["Headbutt","Feed","Sever Soul"],"picked":"SKIP","floor":23},{"not_picked":["Headbutt","Feed","Sever Soul"],"picked":"SKIP","floor":23},{"not_picked":["Cleave","Brutality","Searing Blow"],"picked":"SKIP","floor":25},{"not_picked":["Ghostly Armor+1","Pommel Strike"],"picked":"Sword Boomerang","floor":27},{"not_picked":["Pommel Strike","Flex+1"],"picked":"Blood for Blood+1","floor":28},{"not_picked":["Dropkick","Carnage","Whirlwind"],"picked":"Warcry+1","floor":30},{"not_picked":["Fiend Fire","Barricade","Immolate"],"picked":"Limit Break+1","floor":33},{"not_picked":["Perfected Strike","Anger","Wild Strike","Fire Breathing+1"],"picked":"SKIP","floor":35},{"not_picked":["Body Slam","Headbutt+1","Bloodletting+1"],"picked":"True Grit+1","floor":36},{"not_picked":["Fire Breathing+1","Thunderclap","Uppercut","Evolve+1"],"picked":"SKIP","floor":37},{"not_picked":["Bloodletting+1","Body Slam","Bludgeon","Infernal Blade+1"],"picked":"SKIP","floor":40},{"not_picked":["Anger","Body Slam+1","Twin Strike"],"picked":"Sword Boomerang+1","floor":41},{"not_picked":["Combust","Intimidate+1","Dark Embrace+1"],"picked":"Heavy Blade+1","floor":45},{"not_picked":["Sword Boomerang","Reckless Charge","Rage+1","Hemokinesis"],"picked":"SKIP","floor":48}],"player_experience":102942,"relics_obtained":[{"floor":8,"key":"WingedGreaves"},{"floor":9,"key":"Toxic Egg 2"},{"floor":10,"key":"Pear"},{"floor":23,"key":"StoneCalendar"},{"floor":25,"key":"Blood Vial"},{"floor":26,"key":"Centennial Puzzle"},{"floor":28,"key":"Thread and Needle"},{"floor":28,"key":"Question Card"},{"floor":40,"key":"PreservedInsect"},{"floor":47,"key":"Unceasing Top"},{"floor":48,"key":"FossilizedHelix"}],"event_choices":[{"damage_healed":0,"gold_gain":175,"player_choice":"AGREE","damage_taken":0,"max_hp_gain":0,"max_hp_loss":0,"event_name":"Liars Game","floor":2,"gold_loss":0,"cards_obtained":["Doubt"]},{"damage_healed":0,"gold_gain":0,"player_choice":"Inject Mutagens","damage_taken":0,"relics_obtained":["MutagenicStrength"],"max_hp_gain":0,"max_hp_loss":0,"event_name":"Drug Dealer","floor":22,"gold_loss":0},{"damage_healed":0,"gold_gain":0,"player_choice":"Fight","damage_taken":0,"max_hp_gain":0,"max_hp_loss":0,"event_name":"Colosseum","floor":28,"gold_loss":0},{"damage_healed":0,"gold_gain":0,"player_choice":"Fought Nobs","damage_taken":0,"max_hp_gain":0,"max_hp_loss":0,"event_name":"Colosseum","floor":28,"gold_loss":0},{"damage_healed":0,"gold_gain":0,"player_choice":"Paid Fearfully","damage_taken":0,"max_hp_gain":0,"max_hp_loss":0,"event_name":"Masked Bandits","floor":31,"gold_loss":54},{"damage_healed":0,"gold_gain":0,"cards_transformed":["Strike_R"],"player_choice":"Transformed","damage_taken":0,"max_hp_gain":0,"max_hp_loss":0,"event_name":"Transmorgrifier","floor":39,"gold_loss":0,"cards_obtained":["Blood for Blood"]},{"damage_healed":0,"gold_gain":0,"player_choice":"Fight","damage_taken":0,"max_hp_gain":0,"max_hp_loss":0,"event_name":"MindBloom","floor":47,"gold_loss":0}],"is_beta":false,"boss_relics":[{"not_picked":["Sozu","Runic Dome"],"picked":"Black Blood"},{"not_picked":["Calling Bell","Snecko Eye"],"picked":"Runic Cube"}],"items_purged_floors":[5,19,44],"is_endless":false,"potions_floor_spawned":[1,3,7,12,23,27,28,30,36,40,45,47,48],"killed_by":"Awakened One","ascension_level":1}}