{"host":"shb6fs4xkmgx64v4","time":1611509745,"event":{"mods":["AchievementEnabler","BaseMod","Colored Map","Downfall","Minty Spire (QoL Compilation)","StSLib"],"gold_per_floor":[99,118,118,118,118,118,118,118,5,5,0,14,32,52,62,62,62,62],"floor_reached":16,"language":"ENG","playtime":804,"items_purged":["Regret"],"score":90,"play_id":"6518f155-aa4b-4277-9b59-5ca3348dc9be","local_time":"20210124123545","is_ascension_mode":false,"campfire_choices":[{"floor":1.0,"key":"RECALL"},{"floor":6,"key":"REST"},{"data":"sneckomod:UnknownRareAttack","floor":8,"key":"SMITH"},{"data":"sneckomod:Nope","floor":10,"key":"SMITH"}],"circlet_count":0,"master_deck":["sneckomod:Strike","sneckomod:Strike","sneckomod:Strike","sneckomod:Defend","sneckomod:Defend","sneckomod:Defend","sneckomod:TailWhip","sneckomod:SnekBite","sneckomod:Unknown","sneckomod:Unknown","downfall:Icky","sneckomod:UnknownRareAttack+1","sneckomod:ImprovisedGuard","sneckomod:UnknownClassGUARDIAN","sneckomod:Nope+1","sneckomod:SlitherStrike","sneckomod:UnknownExhaust","sneckomod:UnknownClassTHE_CHAMP_GRAY","sneckomod:Unknown1Cost","sneckomod:UnknownUncommonSkill"],"relics":["sneckomod:SneckoSoul","downfall:ShatteredFragment","Blue Candle","Potion Belt"],"acts_visited":["Exordium"],"potions_floor_usage":[],"damage_taken":[{"damage":0.0,"enemies":"2 Louse","floor":2.0,"turns":1.0},{"damage":12,"enemies":"downfall:FleeingMerchant","floor":9,"turns":5},{"damage":3,"enemies":"downfall:FleeingMerchant","floor":11,"turns":5},{"damage":10,"enemies":"Small Slimes","floor":12,"turns":2},{"damage":6,"enemies":"Jaw Worm","floor":13,"turns":2},{"damage":6,"enemies":"Exordium Wildlife","floor":14,"turns":4},{"damage":1,"enemies":"Lots of Slimes","floor":15,"turns":4},{"damage":55,"enemies":"IC_STATUS_ARCHETYPE","floor":16,"turns":8}],"seed_played":"7058216500300896603","potions_obtained":[{"floor":13,"key":"FearPotion"},{"floor":14,"key":"SpeedPotion"}],"is_trial":false,"path_per_floor":["R","M","?","?","?","R","T","R","$","R","$","M","M","M","M","B"],"character_chosen":"THE_SNECKO","items_purchased":["sneckomod:Nope"],"campfire_rested":1,"item_purchase_floors":[9],"current_hp_per_floor":[90,90,69,62,62,89,89,89,77,77,74,64,58,52,51,0,0,0],"gold":62,"neow_bonus":"THREE_RARE_CARDS","is_daily":false,"chose_seed":false,"campfire_upgraded":2,"win_rate":0.0,"timestamp":1611509745,"path_taken":["R","M","?","?","?","R","T","R","$","R","?","M","?","M","M","BOSS"],"items_purchased_type":["Card"],"build_version":"2020-12-22","purchased_purges":1,"victory":false,"max_hp_per_floor":[90,90,90,90,90,90,90,90,90,90,90,90,90,90,90,90,90,90],"card_choices":[{"not_picked":["sneckomod:DangerNoodle","sneckomod:Restock"],"picked":"sneckomod:UnknownRareAttack","floor":0.0},{"not_picked":["sneckomod:SerpentIdol","sneckomod:SnakeSap"],"picked":"sneckomod:ImprovisedGuard","floor":2.0},{"not_picked":["sneckomod:WideSting","sneckomod:UnknownClassTHE_BRONZE_AUTOMATON"],"picked":"sneckomod:UnknownClassGUARDIAN","floor":9},{"not_picked":["sneckomod:SoulRoll","sneckomod:UnknownCommonSkill"],"picked":"sneckomod:SlitherStrike","floor":11},{"not_picked":["sneckomod:SerpentIdol","sneckomod:SnekBeam"],"picked":"sneckomod:UnknownExhaust","floor":12},{"not_picked":["sneckomod:UnknownExhaust","sneckomod:SerpentIdol"],"picked":"sneckomod:UnknownClassTHE_CHAMP_GRAY","floor":13},{"not_picked":["sneckomod:WideSting","sneckomod:RainOfDice"],"picked":"sneckomod:Unknown1Cost","floor":14},{"not_picked":["sneckomod:UnknownCommonAttack","sneckomod:DiceBoulder"],"picked":"sneckomod:UnknownUncommonSkill","floor":15}],"player_experience":275186,"relics_obtained":[],"event_choices":[{"damage_healed":0.0,"max_hp_gain":0.0,"max_hp_loss":0.0,"gold_gain":0.0,"event_name":"Scrap Ooze","player_choice":"Success","floor":4.0,"gold_loss":0.0,"damage_taken":7.0,"relics_obtained":["Blue Candle"]},{"damage_healed":0.0,"max_hp_gain":0.0,"max_hp_loss":0.0,"gold_gain":0.0,"event_name":"Big Fish","player_choice":"Box","floor":5.0,"gold_loss":0.0,"damage_taken":0.0,"relics_obtained":["Potion Belt"],"cards_obtained":["Regret"]}],"is_beta":false,"boss_relics":[],"items_purged_floors":[9],"is_endless":false,"potions_floor_spawned":[13,14],"killed_by":"IC_STATUS_ARCHETYPE","ascension_level":0}}