{"host":"y76clbnovzmw9ubx","time":1611520853,"event":{"mods":["AchievementEnabler","BaseMod","Minty Spire (QoL Compilation)","Permanent Neow","Relic Stats"],"gold_per_floor":[369,388,406,205,268,268,294,294,294,294,306,334,334,378,378,461,461,480,516,516,525,554,554,554],"floor_reached":23,"language":"ENG","playtime":1082,"items_purged":["Strike_G"],"score":414,"play_id":"19eb032d-64a9-40de-b09e-d205cceb5916","local_time":"20210124154053","is_ascension_mode":true,"campfire_choices":[{"data":"Bouncing Flask","floor":6,"key":"SMITH"},{"floor":8,"key":"REST"},{"floor":13,"key":"REST"},{"data":"Deadly Poison","floor":15,"key":"SMITH"}],"circlet_count":0,"master_deck":["AscendersBane","Strike_G","Strike_G","Strike_G","Strike_G","Defend_G","Defend_G","Defend_G","Defend_G","Defend_G","Survivor","Neutralize","Backstab","Deadly Poison+1","Bane","All Out Attack","Bouncing Flask+1","Deflect","Backstab","Venomology","PiercingWail","Catalyst","Doubt","Cloak And Dagger","PiercingWail"],"relics":["Ring of the Snake","Prayer Wheel","Snake Skull","CeramicFish","Cursed Key","Red Mask","Pear"],"acts_visited":["Exordium","TheCity"],"potions_floor_usage":[12,14,19,22,23,23],"damage_taken":[{"damage":2,"enemies":"Jaw Worm","floor":1,"turns":7},{"damage":0,"enemies":"2 Louse","floor":2,"turns":3},{"damage":4,"enemies":"Small Slimes","floor":3,"turns":4},{"damage":12,"enemies":"Lagavulin","floor":7,"turns":7},{"damage":0,"enemies":"Blue Slaver","floor":11,"turns":4},{"damage":39,"enemies":"Gremlin Nob","floor":12,"turns":4},{"damage":3,"enemies":"3 Sentries","floor":14,"turns":7},{"damage":20,"enemies":"The Guardian","floor":16,"turns":8},{"damage":13,"enemies":"Chosen","floor":18,"turns":4},{"damage":20,"enemies":"Masked Bandits","floor":19,"turns":4},{"damage":6,"enemies":"3 Byrds","floor":22,"turns":5},{"damage":24,"enemies":"Slavers","floor":23,"turns":6}],"seed_played":"-7365853763936890851","potions_obtained":[{"floor":2,"key":"PowerPotion"},{"floor":3,"key":"Weak Potion"},{"floor":11,"key":"DuplicationPotion"}],"is_trial":false,"path_per_floor":["M","M","M","$","?","R","E","R","T","?","M","E","R","E","R","B",null,"M","?","?","T","M","E"],"character_chosen":"THE_SILENT","items_purchased":["All Out Attack","Bouncing Flask"],"campfire_rested":2,"item_purchase_floors":[4,4],"current_hp_per_floor":[42,42,38,38,38,38,26,45,45,45,45,6,25,22,22,2,50,37,17,17,27,21,0,0],"gold":554,"neow_bonus":"TWO_FIFTY_GOLD","is_daily":false,"chose_seed":false,"campfire_upgraded":2,"win_rate":0.0,"timestamp":1611520853,"path_taken":["M","M","M","$","?","R","E","R","T","?","M","E","R","E","R","BOSS","M","?","?","?","M","E"],"items_purchased_type":["Card","Card"],"build_version":"2020-12-22","purchased_purges":1,"victory":false,"max_hp_per_floor":[66,66,66,66,66,66,66,66,66,66,66,66,66,66,66,66,66,66,66,66,76,76,76,76],"relic_stats":{"counters":[12,63],"CeramicFish":63,"Prayer Wheel":3,"Snake Skull":[40],"Cursed Key":1,"obtain_stats":[{"Pear":21,"CeramicFish":14,"Prayer Wheel":7,"Snake Skull":12,"Red Mask":19,"Cursed Key":17,"Ring of the Snake":0},{"Pear":10,"CeramicFish":7,"Prayer Wheel":4,"Snake Skull":6,"Red Mask":10,"Cursed Key":8,"Ring of the Snake":0},{"Pear":52,"CeramicFish":36,"Prayer Wheel":21,"Snake Skull":29,"Red Mask":52,"Cursed Key":44,"Ring of the Snake":0}],"Ring of the Snake":[24]},"card_choices":[{"not_picked":["Slice","Deflect"],"picked":"Backstab","floor":1},{"not_picked":["Predator","Prepared"],"picked":"Deadly Poison","floor":2},{"not_picked":["Flying Knee","Outmaneuver"],"picked":"Bane","floor":3},{"not_picked":["Acrobatics","Skewer","Outmaneuver"],"picked":"SKIP","floor":7},{"not_picked":["Calculated Gamble","Expertise"],"picked":"Deflect","floor":11},{"not_picked":["Sucker Punch","Quick Slash","Terror"],"picked":"SKIP","floor":11},{"not_picked":["Dagger Throw","Blade Dance","Storm of Steel"],"picked":"SKIP","floor":12},{"not_picked":["Riddle With Holes","Dodge and Roll"],"picked":"Backstab","floor":14},{"not_picked":["Phantasmal Killer","Die Die Die"],"picked":"Venomology","floor":16},{"not_picked":["Blade Dance+1","Distraction"],"picked":"PiercingWail","floor":18},{"not_picked":["Cloak And Dagger","Slice","Dagger Throw"],"picked":"SKIP","floor":18},{"not_picked":["Flechettes","Calculated Gamble"],"picked":"Catalyst","floor":19},{"not_picked":["Slice+1","Poisoned Stab"],"picked":"Cloak And Dagger","floor":22},{"not_picked":["Dagger Throw","All Out Attack"],"picked":"PiercingWail","floor":22}],"player_experience":3118753,"relics_obtained":[{"floor":7,"key":"Prayer Wheel"},{"floor":12,"key":"Snake Skull"},{"floor":14,"key":"CeramicFish"},{"floor":19,"key":"Red Mask"},{"floor":21,"key":"Pear"}],"event_choices":[{"damage_healed":0,"gold_gain":63,"player_choice":"Gained Gold","damage_taken":0,"max_hp_gain":0,"max_hp_loss":0,"event_name":"Golden Wing","floor":5,"gold_loss":0},{"damage_healed":0,"gold_gain":0,"player_choice":"Ignored","damage_taken":0,"max_hp_gain":0,"max_hp_loss":0,"event_name":"Liars Game","floor":10,"gold_loss":0},{"damage_healed":0,"gold_gain":0,"player_choice":"Fought Bandits","damage_taken":0,"max_hp_gain":0,"max_hp_loss":0,"event_name":"Masked Bandits","floor":19,"gold_loss":0},{"damage_healed":0,"gold_gain":0,"player_choice":"Ignored","damage_taken":0,"max_hp_gain":0,"max_hp_loss":0,"event_name":"Cursed Tome","floor":20,"gold_loss":0}],"is_beta":false,"boss_relics":[{"not_picked":["Black Star","Tiny House"],"picked":"Cursed Key"}],"items_purged_floors":[4],"is_endless":false,"potions_floor_spawned":[2,3,11],"killed_by":"Slavers","ascension_level":20}}