{"host":"w2kjv12xyhtt0cv2","time":1611509912,"event":{"mods":["Act Like it!","BaseMod","Colored Map","Friendly Minions","Gensokyo","GifTheSpireLib","Highlight Path","Hubris","Kiyohime（清姬）","Marisa（F雨　魔理沙）","Minty Spire (QoL Compilation)","Quick Restart","Reimu（博丽灵梦）","Relic Stats","Replay The Spire","RumiaBox-露米娅的神秘盒子","Shop Mod","Spicy Shops","StSLib","The Cursed","The Servant 0.9.4","UnlockEverythingMod","Waifu the Spire","[功能]功能增强和修复MOD","vexMod","【功能Mod】Neow奖励","【遗物卡牌】REMEMod","没有小屋子和绿帽子啦"],"gold_per_floor":[115,115,125,125,125,250,367,402,402,402,428,12,287,314,314,422,449,477,255,264,264,64,104,127,208,233,273,306,315,353,362,362,476,476,510,200,218,56,65,120,120,120,147,209,209,234,162,186,186,86,86,86,49,91,41],"floor_reached":56,"language":"ZHS","playtime":3430,"items_purged":["Regret","TheCursedMod:Defend_TheCursed"],"score":2184,"play_id":"b2759588-2d30-4437-b8b9-1055d61b76d8","local_time":"20210125013832","is_ascension_mode":true,"campfire_choices":[{"data":"TheCursedMod:AntiAging","floor":10.0,"key":"SMITH"},{"data":"TheCursedMod:LuckyCharm","floor":15.0,"key":"SMITH"},{"floor":32.0,"key":"DIG"},{"floor":45.0,"key":"DIG"},{"floor":49.0,"key":"RECALL"},{"floor":52.0,"key":"DIG"}],"circlet_count":0,"master_deck":["TheCursedMod:Strike_TheCursed+1","TheCursedMod:Strike_TheCursed+1","TheCursedMod:Strike_TheCursed+1","TheCursedMod:Strike_TheCursed+1","TheCursedMod:Defend_TheCursed","TheCursedMod:Defend_TheCursed","TheCursedMod:CursedWand+1","TheCursedMod:CleanUpWorkshop+1","TheCursedMod:Dregs","hubris:DoWhile+1","TheCursedMod:AntiAging+1","TheCursedMod:Neurasthenia","TheCursedMod:OutForBlood","TheCursedMod:LuckyCharm+1","TheCursedMod:ShockAndAwe","Injury","Gensokyo:AllTheWorldsEvil","TheCursedMod:AbyssShockwave","Shame","TheCursedMod:SpitefulPlan","TheCursedMod:RapidMovement","TheCursedMod:Mangle+1","Pot Of Greed","Pot Of Greed","Pot Of Greed","TheCursedMod:CursedBlade+1","TheCursedMod:StunningStrike","TheCursedMod:SaltUponWound","TheCursedMod:PrepareRite+1","TheCursedMod:DemonicPact","TheCursedMod:UltimatePain","TheCursedMod:CursedMace+1","TheCursedMod:SpitefulPlan","TheCursedMod:SoulCrush","TheCursedMod:CursedShiv","Pot Of Greed","TheCursedMod:CircleOfCorruption+1","ReplayTheSpireMod:IOU","TheCursedMod:LuckyCharm+1","TheCursedMod:OutForBlood","Sickly","TheCursedMod:ForbiddenAlchemy","TheCursedMod:CursedMace+1","Apotheosis","ReplayTheSpireMod:IOU","Pot Of Greed","ReplayTheSpireMod:IOU","TheCursedMod:UltimatePain","TheCursedMod:OutForBlood"],"relics":["REME_ComplimentaryCards","Snecko Heart","hubris:Icosahedron","FaceOfCleric","Replay:Wax Seal","Pen Nib","hubris:PeanutButter","Gremlin Horn","hubris:GlazedTorus","Shuriken","CeramicFish","Replay:Ancient Bell","Replay:Rubber Ducky","Replay:Bottled Eggs","Calipers","TheCursedMod:BloodyHarpoon","ReplayTheSpireMod:Lightbulb","vexMod:ConsolationPrize","Grinning Jar","Mastiff:ReiMu","Shovel","TheCursedMod:CrystalBall","Gambling Chip","REME_ChargedStone","Membership Card","Blue Doll","Replay:Baseball","TheCursedMod:Tack","DollysMirror","Ring of Fury","Ring of Fangs","Dead Branch","Orichalcum","Counterbalance","Bottled Lightning","PreservedInsect","vexMod:ScavengeHelm","Lantern","hubris:CrystalStatue","RuthlessExorcism:ReiMu"],"acts_visited":["Exordium","Gensokyo:Gensokyoer","Gensokyo:Gensokyoest","TheEnding"],"potions_floor_usage":[54,55],"damage_taken":[{"damage":0.0,"enemies":"Cultist","floor":1.0,"turns":4.0},{"damage":5.0,"enemies":"Small Slimes","floor":3.0,"turns":4.0},{"damage":12.0,"enemies":"Gremlin Nob","floor":6.0,"turns":2.0},{"damage":4.0,"enemies":"Jaw Worm","floor":7.0,"turns":4.0},{"damage":40.0,"enemies":"3 Sentries","floor":8.0,"turns":12.0},{"damage":29.0,"enemies":"Lagavulin","floor":11.0,"turns":9.0},{"damage":0.0,"enemies":"3 Sentries","floor":14.0,"turns":9.0},{"damage":45.0,"enemies":"Slime Boss","floor":16.0,"turns":10.0},{"damage":10.0,"enemies":"Gensokyo:AngelMirror","floor":18.0,"turns":3.0},{"damage":21.0,"enemies":"Gensokyo:Koishi","floor":23.0,"turns":6.0},{"damage":0.0,"enemies":"Gensokyo:2_Gloops","floor":24.0,"turns":3.0},{"damage":30.0,"enemies":"Gensokyo:Tenshi","floor":25.0,"turns":3.0},{"damage":0.0,"enemies":"Gensokyo:Koishi","floor":27.0,"turns":2.0},{"damage":16.0,"enemies":"Gensokyo:Swordslinger","floor":28.0,"turns":4.0},{"damage":0.0,"enemies":"Gensokyo:Tenshi","floor":30.0,"turns":6.0},{"damage":0.0,"enemies":"Gensokyo:Eiki","floor":33.0,"turns":5.0},{"damage":7.0,"enemies":"Gensokyo:3_Bats","floor":35.0,"turns":3.0},{"damage":23.0,"enemies":"Gensokyo:Marisa","floor":40.0,"turns":3.0},{"damage":24.0,"enemies":"Gensokyo:Kasen","floor":44.0,"turns":4.0},{"damage":8.0,"enemies":"Gensokyo:3_Boulders","floor":46.0,"turns":4.0},{"damage":0.0,"enemies":"Gensokyo:Marisa","floor":47.0,"turns":4.0},{"damage":0.0,"enemies":"Gensokyo:SeedOfUnknown","floor":48.0,"turns":3.0},{"damage":0.0,"enemies":"Gensokyo:Scarlet_Devils","floor":50.0,"turns":7.0},{"damage":0.0,"enemies":"hubris:Merchant","floor":53.0,"turns":1.0},{"damage":0,"enemies":"Shield and Spear","floor":54,"turns":1},{"damage":50,"enemies":"The Heart","floor":55,"turns":5}],"seed_played":"5386578666883846245","potions_obtained":[{"floor":1.0,"key":"Fire Potion"},{"floor":3.0,"key":"Death Potion"},{"floor":6.0,"key":"GamblersBrew"},{"floor":8.0,"key":"FearPotion"},{"floor":16.0,"key":"ZuzhouPotion:ReiMu"},{"floor":18.0,"key":"MagicPotion:ReiMu"},{"floor":24.0,"key":"Death Potion"},{"floor":27.0,"key":"SpeedPotion"},{"floor":28.0,"key":"SpeedPotion"},{"floor":30.0,"key":"Dexterity Potion"},{"floor":40.0,"key":"Swift Potion"},{"floor":44.0,"key":"SteroidPotion"}],"is_trial":false,"path_per_floor":["M","?","M","?","?","E","M","E","T","R","E","$","?","E","R","B",null,"M","$","?","?","$","E","M","E","T","E","M","?","E","?","R_BF","B",null,"M","$","?","$","?","E","?","T","T","E","R","M","E","M","R_BF","B",null,"R","$","E","B",null],"character_chosen":"THE_CURSED","items_purchased":["hubris:GlazedTorus","TheCursedMod:LuckyCharm","Shuriken","TheCursedMod:BloodyHarpoon","TheCursedMod:SpitefulPlan","ReplayTheSpireMod:Lightbulb","TheCursedMod:SpitefulPlan","TheCursedMod:SoulCrush","TheCursedMod:CursedShiv","Membership Card","TheCursedMod:CircleOfCorruption+1","Blue Doll","Replay:Baseball","TheCursedMod:Tack","DollysMirror","TheCursedMod:OutForBlood","Apotheosis","Lantern","hubris:CrystalStatue","TheCursedMod:UltimatePain"],"campfire_rested":0,"item_purchase_floors":[12,12,12,19,22,22,36,36,36,38,38,38,38,38,38,38,53,53,53,53],"current_hp_per_floor":[68,68,65,65,65,56,55,18,18,18,61,61,61,62,62,21,77,71,71,71,71,71,51,55,29,29,30,15,15,16,16,16,17,88,85,85,85,85,85,63,46,46,46,26,26,22,23,24,24,28,105,105,106,107,58],"gold":41,"neow_bonus":"BOSS_RELIC","is_daily":false,"chose_seed":false,"campfire_upgraded":2,"win_rate":0.0,"timestamp":1611509912,"path_taken":["M","?","?","?","?","E","?","E","T","R","E","$","?","E","R","BOSS","M","?","?","?","$","E","M","E","T","E","M","?","E","?","R_BF","BOSS","M","$","?","$","?","E","?","?","T","E","R","?","E","M","R_BF","BOSS","R","$","E","BOSS"],"items_purchased_type":["Relic","Card","Relic","Relic","Card","Relic","Card","Card","Card","Relic","Card","Relic","Relic","Relic","Relic","Card","Card","Relic","Relic","Card"],"build_version":"2020-12-22","purchased_purges":2,"victory":true,"max_hp_per_floor":[75,75,77,77,77,80,83,86,86,86,90,90,90,91,91,95,95,99,99,99,99,99,100,104,108,108,109,110,110,111,111,111,112,112,116,116,116,116,116,117,117,117,117,121,121,125,126,127,127,131,131,131,132,133,134],"relic_stats":{"Shovel":3,"FaceOfCleric":24,"Gremlin Horn":[22,15],"counters":[26,121],"Shuriken":[27],"CeramicFish":360,"Gambling Chip":[21],"Dead Branch":[59],"Pen Nib":[19],"PreservedInsect":68,"Orichalcum":[36],"obtain_stats":[{"TheCursedMod:BloodyHarpoon":19,"Lantern":53,"Snecko Heart":0,"Calipers":17,"hubris:CrystalStatue":53,"Gremlin Horn":11,"CeramicFish":14,"TheCursedMod:Tack":38,"REME_ChargedStone":34,"Blue Doll":38,"Replay:Rubber Ducky":17,"Frozen Eye":23,"hubris:Icosahedron":4,"Shovel":27,"Ring of Fangs":39,"FaceOfCleric":5,"Mastiff:ReiMu":26,"DollysMirror":38,"Gambling Chip":32,"TheCursedMod:CrystalBall":30,"Replay:Wax Seal":6,"Replay:Bottled Eggs":17,"hubris:GlazedTorus":12,"TheCursedMod:BlackMagic101":0,"vexMod:ScavengeHelm":52,"vexMod:ConsolationPrize":23,"Dead Branch":40,"Counterbalance":44,"Pen Nib":8,"PreservedInsect":47,"Replay:Ancient Bell":17,"Orichalcum":43,"Replay:Baseball":38,"Shuriken":12,"hubris:PeanutButter":9,"Ring of Fury":39,"Membership Card":38,"Bottled Lightning":45,"Grinning Jar":25,"ReplayTheSpireMod:Lightbulb":22,"REME_ComplimentaryCards":0,"RuthlessExorcism:ReiMu":54},{"TheCursedMod:BloodyHarpoon":9,"Lantern":24,"Snecko Heart":0,"Calipers":8,"hubris:CrystalStatue":24,"Gremlin Horn":6,"CeramicFish":7,"TheCursedMod:Tack":17,"REME_ChargedStone":16,"Blue Doll":17,"Replay:Rubber Ducky":8,"Frozen Eye":9,"hubris:Icosahedron":2,"Shovel":13,"Ring of Fangs":17,"FaceOfCleric":2,"Mastiff:ReiMu":12,"DollysMirror":17,"Gambling Chip":15,"TheCursedMod:CrystalBall":15,"Replay:Wax Seal":3,"Replay:Bottled Eggs":8,"hubris:GlazedTorus":6,"TheCursedMod:BlackMagic101":0,"vexMod:ScavengeHelm":23,"vexMod:ConsolationPrize":10,"Dead Branch":18,"Counterbalance":19,"Pen Nib":5,"PreservedInsect":21,"Replay:Ancient Bell":8,"Orichalcum":18,"Replay:Baseball":17,"Shuriken":6,"hubris:PeanutButter":5,"Ring of Fury":17,"Membership Card":17,"Bottled Lightning":19,"Grinning Jar":12,"ReplayTheSpireMod:Lightbulb":9,"REME_ComplimentaryCards":0,"RuthlessExorcism:ReiMu":25},{"TheCursedMod:BloodyHarpoon":57,"Lantern":115,"Snecko Heart":0,"Calipers":54,"hubris:CrystalStatue":115,"Gremlin Horn":35,"CeramicFish":44,"TheCursedMod:Tack":89,"REME_ChargedStone":86,"Blue Doll":89,"Replay:Rubber Ducky":54,"Frozen Eye":57,"hubris:Icosahedron":8,"Shovel":71,"Ring of Fangs":89,"FaceOfCleric":8,"Mastiff:ReiMu":69,"DollysMirror":89,"Gambling Chip":81,"TheCursedMod:CrystalBall":81,"Replay:Wax Seal":10,"Replay:Bottled Eggs":54,"hubris:GlazedTorus":35,"TheCursedMod:BlackMagic101":0,"vexMod:ScavengeHelm":114,"vexMod:ConsolationPrize":63,"Dead Branch":92,"Counterbalance":96,"Pen Nib":26,"PreservedInsect":104,"Replay:Ancient Bell":54,"Orichalcum":92,"Replay:Baseball":89,"Shuriken":35,"hubris:PeanutButter":26,"Ring of Fury":89,"Membership Card":89,"Bottled Lightning":96,"Grinning Jar":69,"ReplayTheSpireMod:Lightbulb":57,"REME_ComplimentaryCards":0,"RuthlessExorcism:ReiMu":116}]},"card_choices":[{"not_picked":["TheCursedMod:Torture","TheCursedMod:Obscuration","TheCursedMod:DoubleShield"],"picked":"SKIP","floor":1.0},{"not_picked":["TheCursedMod:PrepareRite","TheCursedMod:CircleOfFlame","TheCursedMod:ManaBullet"],"picked":"SKIP","floor":3.0},{"not_picked":["TheCursedMod:Evocation","TheCursedMod:CircleOfFlame","TheCursedMod:ManaBullet"],"picked":"SKIP","floor":6.0},{"not_picked":["TheCursedMod:RavingStaff","TheCursedMod:ReleasedStrength","TheCursedMod:TroublousMinions"],"picked":"SKIP","floor":7.0},{"not_picked":["TheCursedMod:Grudge","TheCursedMod:CursedBlade"],"picked":"TheCursedMod:Neurasthenia","floor":8.0},{"not_picked":["TheCursedMod:NeowsMight","TheCursedMod:CursedAmulet"],"picked":"TheCursedMod:OutForBlood","floor":11.0},{"not_picked":["TheCursedMod:CursedAmulet","TheCursedMod:Stretching","TheCursedMod:SurpriseAttack"],"picked":"SKIP","floor":14.0},{"not_picked":["TheCursedMod:UltimatePain","TheCursedMod:ParallelWorld"],"picked":"TheCursedMod:ShockAndAwe","floor":16.0},{"not_picked":["ReplayTheSpireMod:Doomed","Pain"],"picked":"Injury","floor":17.0},{"not_picked":["ReplayTheSpireMod:IOU","Decay"],"picked":"Replay:Sluggish","floor":17.0},{"not_picked":["ReplayTheSpireMod:Restless Dread","Shame"],"picked":"Gensokyo:AllTheWorldsEvil","floor":17.0},{"not_picked":["TheCursedMod:EmpowerCircles+1","TheCursedMod:SpitefulStrike"],"picked":"TheCursedMod:AbyssShockwave","floor":18.0},{"not_picked":["TheCursedMod:RavingStaff","TheCursedMod:CircleOfFlame"],"picked":"TheCursedMod:RapidMovement","floor":23.0},{"not_picked":["TheCursedMod:BloodBarrier","TheCursedMod:RapidMovement"],"picked":"TheCursedMod:Mangle+1","floor":24.0},{"not_picked":["TheCursedMod:CircleOfCorruption","TheCursedMod:Obscuration"],"picked":"TheCursedMod:CursedBlade+1","floor":25.0},{"not_picked":["TheCursedMod:ReleasedKnowledge","TheCursedMod:Stigma+1"],"picked":"TheCursedMod:StunningStrike","floor":27.0},{"not_picked":["TheCursedMod:DoubleShield","TheCursedMod:Stigma+1","TheCursedMod:FleshFromBone"],"picked":"SKIP","floor":28.0},{"not_picked":["TheCursedMod:ShockAndAwe","TheCursedMod:TacticalStrike"],"picked":"TheCursedMod:PrepareRite+1","floor":30.0},{"not_picked":["TheCursedMod:StunningStrike","TheCursedMod:ParallelWorld"],"picked":"TheCursedMod:UltimatePain","floor":33.0},{"not_picked":["TheCursedMod:RavingStaff","TheCursedMod:SurpriseAttack+1"],"picked":"TheCursedMod:CursedMace+1","floor":35.0},{"not_picked":["TheCursedMod:SmokeScreen+1","TheCursedMod:ReleasedKnowledge","TheCursedMod:TroublousMinions+1"],"picked":"SKIP","floor":40.0},{"not_picked":["TheCursedMod:VitalStrike+1","TheCursedMod:SurpriseAttack+1"],"picked":"TheCursedMod:ForbiddenAlchemy","floor":44.0},{"not_picked":["TheCursedMod:SoulCrush+1","TheCursedMod:FleshFromBone+1","TheCursedMod:TacticalStrike"],"picked":"SKIP","floor":46.0},{"not_picked":["TheCursedMod:SoulCrush+1","TheCursedMod:CursedShiv+1","TheCursedMod:SmokeScreen+1"],"picked":"SKIP","floor":47.0},{"not_picked":["TheCursedMod:CursedAmulet","TheCursedMod:TacticalStrike+1"],"picked":"TheCursedMod:CursedMace+1","floor":48.0},{"not_picked":["TheCursedMod:CircleOfFlame","TheCursedMod:BloodBarrier+1"],"picked":"TheCursedMod:OutForBlood","floor":54}],"player_experience":206514,"relics_obtained":[{"floor":6.0,"key":"Replay:Wax Seal"},{"floor":8.0,"key":"Pen Nib"},{"floor":9.0,"key":"hubris:PeanutButter"},{"floor":11.0,"key":"Gremlin Horn"},{"floor":14.0,"key":"CeramicFish"},{"floor":23.0,"key":"vexMod:ConsolationPrize"},{"floor":25.0,"key":"Grinning Jar"},{"floor":26.0,"key":"Mastiff:ReiMu"},{"floor":27.0,"key":"Shovel"},{"floor":30.0,"key":"TheCursedMod:CrystalBall"},{"floor":32.0,"key":"Gambling Chip"},{"floor":39.0,"key":"Ring of Fury"},{"floor":39.0,"key":"Ring of Fangs"},{"floor":40.0,"key":"Dead Branch"},{"floor":43.0,"key":"Orichalcum"},{"floor":44.0,"key":"Counterbalance"},{"floor":45.0,"key":"Bottled Lightning"},{"floor":47.0,"key":"PreservedInsect"},{"floor":52.0,"key":"vexMod:ScavengeHelm"},{"floor":54,"key":"RuthlessExorcism:ReiMu"}],"event_choices":[{"damage_healed":0.0,"max_hp_gain":0.0,"max_hp_loss":0.0,"gold_gain":0.0,"cards_transformed":["TheCursedMod:Defend_TheCursed"],"event_name":"Transmorgrifier","player_choice":"Transformed","floor":2.0,"gold_loss":0.0,"damage_taken":0.0,"cards_obtained":["TheCursedMod:AntiAging"]},{"damage_healed":0.0,"max_hp_gain":0.0,"max_hp_loss":0.0,"gold_gain":0.0,"event_name":"FaceTrader","player_choice":"Trade","floor":5.0,"gold_loss":0.0,"damage_taken":0.0,"relics_obtained":["FaceOfCleric"]},{"damage_healed":0.0,"max_hp_gain":0.0,"max_hp_loss":0.0,"gold_gain":275.0,"event_name":"Golden Shrine","player_choice":"Desecrate","floor":13.0,"gold_loss":0.0,"damage_taken":0.0,"cards_obtained":["Regret"]}],"is_beta":false,"boss_relics":[{"not_picked":["Fusion Hammer","REME_DemonsWealth"],"picked":"Replay:Ancient Bell"},{"not_picked":["Centennial Puzzle","Replay:Bandana"],"picked":"Replay:Rubber Ducky"},{"not_picked":["HornCleat","Pantograph"],"picked":"Replay:Bottled Eggs"},{"not_picked":["MoreBug","hubris:64BitClover"],"picked":"Calipers"},{"not_picked":["Runic Pyramid","Honey Jar"],"picked":"REME_ChargedStone"}],"items_purged_floors":[36,38],"is_endless":false,"potions_floor_spawned":[1,3,6,8,16,18,24,27,28,30,40,44],"ascension_level":6}}