{"host":"c97twqu0op5dg8i4","time":1611476564,"event":{"mods":["AchievementEnabler","BaseMod","Colored Map","Minty Spire (QoL Compilation)","Permanent Neow"],"gold_per_floor":[116,116,116,37,55,55,74,99,125,135,135,168,168,187,187,282,282,297,44,44,54,71,71,91,91,91,104,104,120,154,154,154,154,154],"floor_reached":33,"language":"ENG","playtime":1535,"items_purged":[],"score":374,"play_id":"b7b879c0-7766-4ac4-acf0-e4076f58f4c0","local_time":"20210124032244","is_ascension_mode":true,"campfire_choices":[{"floor":6,"key":"REST"},{"data":"Calculated Gamble","floor":13,"key":"SMITH"},{"floor":15,"key":"REST"},{"data":"Blade Dance","floor":23,"key":"SMITH"},{"data":"Leg Sweep","floor":28,"key":"SMITH"},{"floor":32,"key":"REST"}],"circlet_count":0,"master_deck":["Strike_G+1","Strike_G","Strike_G","Strike_G","Strike_G","Defend_G","Defend_G","Defend_G","Defend_G","Defend_G+1","Survivor","Neutralize","Skewer+1","Leg Sweep+1","Blade Dance+1","Calculated Gamble+1","Dodge and Roll","All Out Attack","After Image","CurseOfTheBell","Acrobatics","Concentrate","Slice","Tactician","Slice","Blade Dance","Blade Dance"],"relics":["Ring of the Snake","Tingsha","Bag of Marbles","Tiny Chest","Boot","Darkstone Periapt","Calling Bell","Happy Flower","InkBottle","Peace Pipe","Oddly Smooth Stone","White Beast Statue","Singing Bowl"],"acts_visited":["Exordium","TheCity"],"potions_floor_usage":[16,16,27,31,33,33,33],"damage_taken":[{"damage":0,"enemies":"Jaw Worm","floor":1,"turns":5},{"damage":0,"enemies":"2 Louse","floor":5,"turns":3},{"damage":0,"enemies":"Small Slimes","floor":7,"turns":5},{"damage":22,"enemies":"3 Sentries","floor":8,"turns":8},{"damage":0,"enemies":"Looter","floor":10,"turns":3},{"damage":6,"enemies":"Lagavulin","floor":12,"turns":6},{"damage":0,"enemies":"2 Fungi Beasts","floor":14,"turns":2},{"damage":27,"enemies":"Hexaghost","floor":16,"turns":11},{"damage":3,"enemies":"Shell Parasite","floor":18,"turns":6},{"damage":0,"enemies":"Spheric Guardian","floor":21,"turns":3},{"damage":0,"enemies":"Centurion and Healer","floor":22,"turns":6},{"damage":5,"enemies":"Snake Plant","floor":24,"turns":4},{"damage":0,"enemies":"Cultist and Chosen","floor":27,"turns":6},{"damage":0,"enemies":"3 Cultists","floor":29,"turns":5},{"damage":10,"enemies":"Book of Stabbing","floor":30,"turns":6},{"damage":13,"enemies":"Colosseum Slavers","floor":31,"turns":5},{"damage":56,"enemies":"Champ","floor":33,"turns":17}],"seed_played":"-168516009876355996","potions_obtained":[{"floor":7,"key":"Weak Potion"},{"floor":10,"key":"FearPotion"},{"floor":12,"key":"Fire Potion"},{"floor":14,"key":"ColorlessPotion"},{"floor":18,"key":"GhostInAJar"},{"floor":27,"key":"FearPotion"},{"floor":29,"key":"EntropicBrew"}],"is_trial":false,"path_per_floor":["M","?","?","$","M","R","M","E","T","M","?","E","R","M","R","B",null,"M","$","?","M","M","R","M","T","T","M","R","M","E","?","R","B"],"character_chosen":"THE_SILENT","items_purchased":["Leg Sweep","Concentrate","Slice","Oddly Smooth Stone"],"campfire_rested":3,"item_purchase_floors":[4,19,19,19],"current_hp_per_floor":[45,31,31,31,31,52,52,30,30,30,30,24,24,24,45,18,63,60,60,60,60,60,60,55,55,55,55,55,55,45,32,54,0,0],"gold":154,"neow_bonus":"ONE_RARE_RELIC","is_daily":false,"chose_seed":false,"campfire_upgraded":3,"win_rate":0.0,"timestamp":1611476564,"path_taken":["M","?","?","$","M","R","M","E","T","M","?","E","R","M","R","BOSS","M","?","?","M","M","R","M","?","T","M","R","M","E","?","R","BOSS"],"items_purchased_type":["Card","Card","Card","Relic"],"build_version":"2020-12-22","purchased_purges":0,"victory":false,"max_hp_per_floor":[70,70,70,70,70,70,70,70,70,70,70,70,70,70,70,70,76,76,76,76,76,76,76,76,76,76,76,76,76,76,76,76,76,76],"card_choices":[{"not_picked":["Bane","Distraction"],"picked":"Skewer","floor":1},{"not_picked":["Expertise","Well Laid Plans","Sucker Punch"],"picked":"SKIP","floor":5},{"not_picked":["Flying Knee","Cloak And Dagger"],"picked":"Blade Dance","floor":7},{"not_picked":["Deflect","Bane"],"picked":"Calculated Gamble","floor":8},{"not_picked":["Flying Knee","Predator","Flechettes"],"picked":"SKIP","floor":10},{"not_picked":["Underhanded Strike","Tactician"],"picked":"Dodge and Roll","floor":12},{"not_picked":["Choke","Masterful Stab"],"picked":"All Out Attack","floor":14},{"not_picked":["Phantasmal Killer","Adrenaline"],"picked":"After Image","floor":16},{"not_picked":["Poisoned Stab+1","All Out Attack"],"picked":"Acrobatics","floor":18},{"not_picked":["Heel Hook","Backstab","Quick Slash"],"picked":"SKIP","floor":21},{"not_picked":["Slice+1","Dash"],"picked":"Tactician","floor":22},{"not_picked":["Tactician","Venomology","Heel Hook+1"],"picked":"SKIP","floor":24},{"not_picked":["Heel Hook","Bouncing Flask"],"picked":"Slice","floor":27},{"not_picked":["Endless Agony","Dagger Throw"],"picked":"Blade Dance","floor":29},{"not_picked":["Setup","Eviscerate+1"],"picked":"Blade Dance","floor":30}],"player_experience":296766,"relics_obtained":[{"floor":8,"key":"Bag of Marbles"},{"floor":9,"key":"Tiny Chest"},{"floor":12,"key":"Darkstone Periapt"},{"floor":17,"key":"Happy Flower"},{"floor":17,"key":"InkBottle"},{"floor":17,"key":"Peace Pipe"},{"floor":25,"key":"White Beast Statue"},{"floor":30,"key":"Singing Bowl"}],"event_choices":[{"damage_healed":0,"gold_gain":0,"player_choice":"Entered Light","damage_taken":14,"max_hp_gain":0,"max_hp_loss":0,"event_name":"Shining Light","floor":2,"gold_loss":0,"cards_upgraded":["Strike_G","Defend_G"]},{"damage_healed":0,"gold_gain":0,"player_choice":"Grow","damage_taken":0,"max_hp_gain":0,"max_hp_loss":0,"event_name":"Living Wall","floor":3,"gold_loss":0,"cards_upgraded":["Skewer"]},{"damage_healed":0,"gold_gain":0,"player_choice":"Gave Potion","damage_taken":0,"relics_obtained":["Boot"],"max_hp_gain":0,"max_hp_loss":0,"event_name":"WeMeetAgain","floor":11,"gold_loss":0},{"damage_healed":0,"gold_gain":0,"player_choice":"Ignored","damage_taken":0,"max_hp_gain":0,"max_hp_loss":0,"event_name":"Ghosts","floor":20,"gold_loss":0},{"damage_healed":0,"gold_gain":0,"player_choice":"Fight","damage_taken":0,"max_hp_gain":0,"max_hp_loss":0,"event_name":"Colosseum","floor":31,"gold_loss":0},{"damage_healed":0,"gold_gain":0,"player_choice":"Fled From Nobs","damage_taken":0,"max_hp_gain":0,"max_hp_loss":0,"event_name":"Colosseum","floor":31,"gold_loss":0}],"is_beta":false,"boss_relics":[{"not_picked":["Runic Dome","Philosopher\u0027s Stone"],"picked":"Calling Bell"}],"items_purged_floors":[],"is_endless":false,"potions_floor_spawned":[7,10,12,14,18,27,29,30,31],"killed_by":"Champ","ascension_level":7}}