{"host":"swphzoo6hmc78epl","time":1611447994,"event":{"mods":["BaseMod","Highlight Path","Minty Spire (QoL Compilation)","Quick Restart"],"gold_per_floor":[109,120,138,152,171,171,189,189,189,64,90,110,110,121,121,218,218,235,12,28,28,28,62,62,89,137,137,137],"floor_reached":27,"language":"ENG","playtime":1218,"items_purged":["Strike_P","Strike_P"],"score":338,"play_id":"d2c98a96-b981-4dc6-b9b8-4c2c5e2c4b30","local_time":"20210123192634","is_ascension_mode":true,"campfire_choices":[{"data":"Panache","floor":6.0,"key":"SMITH"},{"floor":8.0,"key":"REST"},{"data":"Alpha","floor":15,"key":"SMITH"},{"data":"CarveReality","floor":24,"key":"SMITH"}],"circlet_count":0,"master_deck":["Strike_P","Strike_P","Defend_P","Defend_P","Defend_P","Defend_P","Eruption","Vigilance","Panache+1","BattleHymn","JustLucky","FlurryOfBlows","CarveReality+1","CutThroughFate","CutThroughFate","FollowUp","LikeWater","Flash of Steel","Alpha+1","Omniscience","ClearTheMind","JustLucky","LikeWater","Shame","LikeWater"],"relics":["PureWater","Bottled Flame","Odd Mushroom","Snecko Eye","MealTicket","Shuriken","Thread and Needle","Toy Ornithopter"],"acts_visited":["Exordium","TheCity"],"potions_floor_usage":[14,16,20,23,25,27],"damage_taken":[{"damage":0.0,"enemies":"Cultist","floor":1.0,"turns":2.0},{"damage":0.0,"enemies":"2 Louse","floor":2.0,"turns":1.0},{"damage":0.0,"enemies":"Small Slimes","floor":3.0,"turns":3.0},{"damage":35.0,"enemies":"Exordium Wildlife","floor":4.0,"turns":5.0},{"damage":0.0,"enemies":"Large Slime","floor":5.0,"turns":4.0},{"damage":17.0,"enemies":"Exordium Thugs","floor":7.0,"turns":5.0},{"damage":4.0,"enemies":"The Mushroom Lair","floor":11.0,"turns":2.0},{"damage":0,"enemies":"Looter","floor":12,"turns":1},{"damage":0,"enemies":"Lots of Slimes","floor":14,"turns":2},{"damage":10,"enemies":"Hexaghost","floor":16,"turns":7},{"damage":0,"enemies":"Spheric Guardian","floor":18,"turns":3},{"damage":45,"enemies":"Shell Parasite","floor":20,"turns":9},{"damage":23,"enemies":"Gremlin Leader","floor":23,"turns":4},{"damage":26,"enemies":"Slavers","floor":25,"turns":4},{"damage":14,"enemies":"Centurion and Healer","floor":27,"turns":1}],"seed_played":"7359583395330648508","potions_obtained":[{"floor":1.0,"key":"ColorlessPotion"},{"floor":3.0,"key":"EssenceOfSteel"},{"floor":7.0,"key":"SteroidPotion"},{"floor":11.0,"key":"Swift Potion"},{"floor":16,"key":"Fire Potion"},{"floor":18,"key":"FairyPotion"},{"floor":23,"key":"Fruit Juice"},{"floor":25,"key":"DistilledChaos"}],"is_trial":false,"path_per_floor":["M","M","M","M","M","R","M","R","T","$","?","M","?","M","R","B",null,"M","$","M","?","?","E","R","E","T","M"],"character_chosen":"WATCHER","items_purchased":["CutThroughFate","JustLucky","LikeWater"],"campfire_rested":1,"item_purchase_floors":[10,19,19],"current_hp_per_floor":[65,65,65,30,30,30,13,32,32,32,28,28,28,28,28,18,53,53,53,8,29,29,11,11,8,8,0,0],"gold":137,"neow_bonus":"RANDOM_COLORLESS_2","is_daily":false,"chose_seed":false,"campfire_upgraded":3,"win_rate":0.0,"timestamp":1611447994,"path_taken":["M","M","M","M","M","R","M","R","T","$","?","M","?","?","R","BOSS","M","$","M","?","?","E","R","E","T","M"],"items_purchased_type":["Card","Card","Card"],"build_version":"2020-12-22","purchased_purges":2,"victory":false,"max_hp_per_floor":[65,65,65,65,65,65,65,65,65,65,65,65,65,65,65,65,65,65,65,65,65,65,70,70,70,70,70,70],"card_choices":[{"not_picked":["Magnetism","Secret Technique"],"picked":"Panache","floor":0.0},{"not_picked":["EmptyFist","ThirdEye"],"picked":"BattleHymn","floor":1.0},{"not_picked":["Collect","FearNoEvil"],"picked":"JustLucky","floor":2.0},{"not_picked":["SignatureMove","EmptyBody"],"picked":"FlurryOfBlows","floor":3.0},{"not_picked":["EmptyBody","WaveOfTheHand","Evaluate"],"picked":"SKIP","floor":4.0},{"not_picked":["Crescendo","PathToVictory"],"picked":"CarveReality","floor":5.0},{"not_picked":["WindmillStrike","Crescendo"],"picked":"CutThroughFate","floor":7.0},{"not_picked":["JustLucky","CrushJoints"],"picked":"FollowUp","floor":11.0},{"not_picked":["EmptyBody","InnerPeace"],"picked":"LikeWater","floor":12},{"not_picked":["InnerPeace","Crescendo"],"picked":"Alpha","floor":14},{"not_picked":["Brilliance","SpiritShield"],"picked":"Omniscience","floor":16},{"not_picked":["SignatureMove","Worship"],"picked":"ClearTheMind","floor":18},{"not_picked":["CrushJoints+1","BowlingBash","Vengeance"],"picked":"SKIP","floor":20},{"not_picked":["JustLucky","Meditate"],"picked":"LikeWater","floor":23},{"not_picked":["FlurryOfBlows","Fasting2","EmptyFist"],"picked":"SKIP","floor":25}],"player_experience":815701,"relics_obtained":[{"floor":9.0,"key":"Bottled Flame"},{"floor":11.0,"key":"Odd Mushroom"},{"floor":23,"key":"Shuriken"},{"floor":25,"key":"Thread and Needle"},{"floor":26,"key":"Toy Ornithopter"}],"event_choices":[{"damage_healed":0.0,"max_hp_gain":0.0,"max_hp_loss":0.0,"gold_gain":0.0,"event_name":"Mushrooms","player_choice":"Fought Mushrooms","floor":11.0,"gold_loss":0.0,"damage_taken":0.0},{"damage_healed":0,"gold_gain":0,"player_choice":"1 cards matched","damage_taken":0,"max_hp_gain":0,"max_hp_loss":0,"event_name":"Match and Keep!","floor":13,"gold_loss":0,"cards_obtained":["Flash of Steel"]},{"damage_healed":21,"gold_gain":0,"player_choice":"Heal","damage_taken":0,"max_hp_gain":0,"max_hp_loss":0,"event_name":"The Library","floor":21,"gold_loss":0},{"damage_healed":0,"gold_gain":0,"player_choice":"Stole Relic","damage_taken":0,"relics_obtained":["MealTicket"],"max_hp_gain":0,"max_hp_loss":0,"event_name":"Addict","floor":22,"gold_loss":0,"cards_obtained":["Shame"]}],"is_beta":false,"boss_relics":[{"not_picked":["Runic Pyramid","Sozu"],"picked":"Snecko Eye"}],"items_purged_floors":[10,19],"is_endless":false,"potions_floor_spawned":[1,3,7,11,16,18,23,25],"killed_by":"Centurion and Healer","ascension_level":5}}