{"host":"x205naxbihvu3p76","time":1611505435,"event":{"mods":["AchievementEnabler","BaseMod","Minty Spire (QoL Compilation)","StSLib","SuperFastMode"],"gold_per_floor":[115,115,115,26,26,58,58,93,93,93,107,127,146,126,126,202,202,219,494,45,59,110,141,166,78,78,78,78],"floor_reached":27,"language":"KOR","playtime":443,"items_purged":["Strike_B","Strike_B"],"score":578,"play_id":"04548756-9ffe-44e1-a7f6-6eb235b9d91c","local_time":"20210125012355","is_ascension_mode":true,"campfire_choices":[{"data":"Defragment","floor":7,"key":"SMITH"},{"data":"Zap","floor":10,"key":"SMITH"},{"data":"Consume","floor":15,"key":"SMITH"}],"circlet_count":0,"master_deck":["AscendersBane","Strike_B","Strike_B","Defend_B","Defend_B+1","Defend_B","Zap+1","Dualcast+1","Defragment+1","Sweeping Beam","Electrodynamics","Chill","Consume+1","Reboot","Conserve Battery+1","Hologram+1"],"relics":["Cracked Core","NeowsBlessing","Pantograph","Gambling Chip","Omamori","Black Star","Toxic Egg 2","MawBank","FossilizedHelix","Matryoshka"],"acts_visited":["Exordium","TheCity"],"potions_floor_usage":[18,23,23],"damage_taken":[{"damage":0,"enemies":"2 Louse","floor":1,"turns":1},{"damage":0,"enemies":"Gremlin Nob","floor":6,"turns":1},{"damage":0,"enemies":"3 Sentries","floor":8,"turns":1},{"damage":0,"enemies":"Cultist","floor":11,"turns":3},{"damage":0,"enemies":"Small Slimes","floor":12,"turns":2},{"damage":6,"enemies":"Red Slaver","floor":13,"turns":3},{"damage":18,"enemies":"Slime Boss","floor":16,"turns":5},{"damage":0,"enemies":"Spheric Guardian","floor":18,"turns":3},{"damage":0,"enemies":"3 Byrds","floor":21,"turns":3},{"damage":18,"enemies":"Book of Stabbing","floor":23,"turns":5},{"damage":0,"enemies":"Centurion and Healer","floor":24,"turns":4},{"damage":52,"enemies":"Cultist and Chosen","floor":27,"turns":5}],"seed_played":"-8272535906650782114","potions_obtained":[{"floor":1,"key":"Weak Potion"},{"floor":8,"key":"Block Potion"},{"floor":23,"key":"Dexterity Potion"},{"floor":24,"key":"CultistPotion"}],"is_trial":false,"path_per_floor":["M","?","?","$","?","E","R","E","T","R","M","M","M","?","R","B",null,"M","?","$","M","T","E","M","$","T","M"],"character_chosen":"DEFECT","items_purchased":["Defragment","Toxic Egg 2","Conserve Battery+1","PotionOfCapacity"],"campfire_rested":0,"item_purchase_floors":[4,20,20,20],"current_hp_per_floor":[64,43,48,48,48,48,48,48,48,48,48,48,42,42,42,49,69,69,69,69,69,69,51,51,51,51,0,0],"gold":78,"neow_bonus":"THREE_ENEMY_KILL","is_daily":false,"chose_seed":false,"campfire_upgraded":3,"win_rate":0.0,"timestamp":1611505435,"path_taken":["M","?","?","$","?","E","R","E","T","R","?","M","M","?","R","BOSS","M","?","$","?","?","E","M","$","T","M"],"items_purchased_type":["Card","Relic","Card","Potion"],"build_version":"2020-12-22","purchased_purges":2,"victory":false,"max_hp_per_floor":[71,71,76,76,76,76,76,76,76,76,76,76,76,76,76,76,76,76,76,76,76,76,76,76,76,76,76,76],"card_choices":[{"not_picked":["Hello World","Turbo","Streamline"],"picked":"SKIP","floor":1},{"not_picked":["Darkness","Redo"],"picked":"Sweeping Beam","floor":6},{"not_picked":["Consume","Melter"],"picked":"Electrodynamics","floor":8},{"not_picked":["Static Discharge","Darkness"],"picked":"Chill","floor":11},{"not_picked":["Coolheaded","Cold Snap"],"picked":"Consume","floor":12},{"not_picked":["Barrage","Chaos","Ball Lightning"],"picked":"SKIP","floor":13},{"not_picked":["Rainbow","Seek"],"picked":"Reboot","floor":16},{"not_picked":["Sweeping Beam","Gash+1","Steam Power"],"picked":"SKIP","floor":18},{"not_picked":["Gash","Lockon"],"picked":"Hologram+1","floor":21},{"not_picked":["Sweeping Beam","Barrage","Storm"],"picked":"SKIP","floor":23},{"not_picked":["Compile Driver","Reprogram+1","Beam Cell"],"picked":"SKIP","floor":24}],"player_experience":994005,"relics_obtained":[{"floor":6,"key":"Pantograph"},{"floor":8,"key":"Gambling Chip"},{"floor":9,"key":"Omamori"},{"floor":23,"key":"MawBank"},{"floor":23,"key":"FossilizedHelix"},{"floor":26,"key":"Matryoshka"}],"event_choices":[{"damage_healed":0,"gold_gain":0,"player_choice":"Entered Light","damage_taken":21,"max_hp_gain":0,"max_hp_loss":0,"event_name":"Shining Light","floor":2,"gold_loss":0,"cards_upgraded":["Dualcast","Defend_B"]},{"damage_healed":0,"gold_gain":0,"player_choice":"Donut","damage_taken":0,"max_hp_gain":5,"max_hp_loss":0,"event_name":"Big Fish","floor":3,"gold_loss":0},{"cards_removed":["Defend_B"],"damage_healed":0,"gold_gain":0,"player_choice":"Offered Basic","damage_taken":0,"max_hp_gain":0,"max_hp_loss":0,"event_name":"Bonfire Elementals","floor":5,"gold_loss":0},{"damage_healed":0,"gold_gain":0,"player_choice":"Bought 1 Potion","damage_taken":0,"max_hp_gain":0,"max_hp_loss":0,"event_name":"The Woman in Blue","floor":14,"gold_loss":0},{"damage_healed":0,"gold_gain":275,"player_choice":"Desecrate","damage_taken":0,"max_hp_gain":0,"max_hp_loss":0,"event_name":"Golden Shrine","floor":19,"gold_loss":0,"cards_obtained":["Regret"]}],"is_beta":false,"boss_relics":[{"not_picked":["Busted Crown","Coffee Dripper"],"picked":"Black Star"}],"items_purged_floors":[20,25],"is_endless":false,"potions_floor_spawned":[1,8,12,21,23,24],"killed_by":"Cultist and Chosen","ascension_level":20}}