{"host":"uzp1tn8qxn9571p9","time":1611457022,"event":{"mods":["BaseMod","Colored Map","Colored Powertips","Hermit","Minty Spire (QoL Compilation)","StSLib","The Hierophant","óô»ðÖ¸ÄÏ"],"gold_per_floor":[119,119,119,133,153,153,185,185,185,205,219,64,64,139,139,139,139],"floor_reached":16,"language":"ZHS","playtime":631,"items_purged":[],"score":100,"play_id":"3e264b14-c4e5-4e4d-81a4-4fb166725178","local_time":"20210124105702","is_ascension_mode":false,"campfire_choices":[{"data":"hierophant:RepressedViolence","floor":6.0,"key":"SMITH"},{"data":"hierophant:ChurchCoffers","floor":8.0,"key":"SMITH"},{"data":"hierophant:SealAway","floor":13.0,"key":"SMITH"},{"data":"hierophant:Smite","floor":15,"key":"SMITH"}],"circlet_count":0,"master_deck":["hierophant:Strike_Hierophant","hierophant:Strike_Hierophant","hierophant:Strike_Hierophant","hierophant:Strike_Hierophant","hierophant:Punish","hierophant:Defend_Hierophant","hierophant:Defend_Hierophant","hierophant:Defend_Hierophant","hierophant:Defend_Hierophant","hierophant:ChurchCoffers+1","hierophant:SealAway+1","hierophant:RepressedViolence+1","hierophant:Smite","hierophant:Smite+1"],"relics":["hierophant:PropheticMaskRelic","WingedGreaves","Pen Nib","Ornamental Fan","Strawberry"],"acts_visited":["Exordium"],"potions_floor_usage":[],"damage_taken":[{"damage":0.0,"enemies":"Small Slimes","floor":1.0,"turns":3.0},{"damage":3.0,"enemies":"2 Louse","floor":4.0,"turns":2.0},{"damage":1.0,"enemies":"Cultist","floor":5.0,"turns":3.0},{"damage":18.0,"enemies":"3 Sentries","floor":7.0,"turns":6.0},{"damage":11.0,"enemies":"Exordium Wildlife","floor":10.0,"turns":3.0},{"damage":0.0,"enemies":"Lots of Slimes","floor":11.0,"turns":1.0},{"damage":30,"enemies":"The Guardian","floor":16,"turns":5}],"seed_played":"-4301278216936611924","potions_obtained":[{"floor":3.0,"key":"LiquidBronze"},{"floor":3.0,"key":"GamblersBrew"},{"floor":3.0,"key":"BlessingOfTheForge"},{"floor":5.0,"key":"Swift Potion"}],"is_trial":false,"path_per_floor":["M","?","?","M","M","R","E","R","T","M","M","$","R","?","R","B"],"character_chosen":"HIEROPHANT","items_purchased":["Strawberry"],"campfire_rested":0,"item_purchase_floors":[12],"current_hp_per_floor":[82,64,64,61,60,60,42,42,42,31,31,38,38,30,30,0,0],"gold":139,"neow_bonus":"TEN_PERCENT_HP_BONUS","is_daily":false,"chose_seed":false,"campfire_upgraded":4,"win_rate":0.0,"timestamp":1611457022,"path_taken":["M","?","?","M","M","R","E","R","T","M","?","$","R","?","R","BOSS"],"items_purchased_type":["Relic"],"build_version":"2020-12-22","purchased_purges":0,"victory":false,"max_hp_per_floor":[82,82,82,82,82,82,82,82,82,82,82,89,89,89,89,89,89],"card_choices":[{"not_picked":["hierophant:PassingBell","hierophant:SolarFlare"],"picked":"hierophant:SealAway","floor":1.0},{"not_picked":["hierophant:RecallFunds","hierophant:Endure"],"picked":"hierophant:RepressedViolence","floor":4.0},{"not_picked":["hierophant:ArchangelShield","hierophant:HammerAndAnvil"],"picked":"hierophant:Smite","floor":5.0},{"not_picked":["hierophant:DisplayOfPower","hierophant:PassingBell","hierophant:AuricBeam"],"picked":"SKIP","floor":7.0},{"not_picked":["hierophant:ThreeLashes","hierophant:AuricBeam"],"picked":"hierophant:Smite","floor":10.0},{"not_picked":["hierophant:RustyCrate","hierophant:OrnateBuckler","hierophant:MorningPrayer"],"picked":"SKIP","floor":11.0}],"player_experience":375973,"relics_obtained":[{"floor":7.0,"key":"Pen Nib"},{"floor":9.0,"key":"Ornamental Fan"}],"event_choices":[{"damage_healed":0.0,"max_hp_gain":0.0,"max_hp_loss":0.0,"gold_gain":0.0,"event_name":"Scrap Ooze","player_choice":"Success","floor":2.0,"gold_loss":0.0,"damage_taken":18.0,"relics_obtained":["WingedGreaves"]},{"damage_healed":0.0,"max_hp_gain":0.0,"max_hp_loss":0.0,"gold_gain":0.0,"event_name":"Lab","player_choice":"Got Potions","floor":3.0,"gold_loss":0.0,"damage_taken":0.0},{"damage_healed":0,"gold_gain":75,"player_choice":"Touch","damage_taken":8,"max_hp_gain":0,"max_hp_loss":0,"event_name":"FaceTrader","floor":14,"gold_loss":0}],"is_beta":false,"boss_relics":[],"items_purged_floors":[],"is_endless":false,"potions_floor_spawned":[4,5,10],"killed_by":"The Guardian","ascension_level":0}}