{"host":"7lqra3rfanasaqnt","time":1611528534,"event":{"mods":["AchievementEnabler","Act Like it!","BaseMod","Colored Powertips","Downfall","Friendly Minions","Gremlin Mod","Minty Spire (QoL Compilation)","StSLib"],"gold_per_floor":[99,115,135,235,246,246,293,293,307,342,342,371,271,304,314,314,314,314],"floor_reached":16,"language":"ENG","playtime":855,"items_purged":[],"score":174,"play_id":"15944963-3646-45ce-984a-6ef19ecfa04a","local_time":"20210124154854","is_ascension_mode":true,"campfire_choices":[{"data":"Guardian:TwinSlam","floor":1,"key":"SMITH"},{"data":"Guardian:TimeBomb","floor":8,"key":"SMITH"},{"data":"Guardian:DecasProtection","floor":11,"key":"SMITH"},{"data":"Guardian:ChargeCore","floor":13,"key":"SMITH"}],"circlet_count":0,"master_deck":["Guardian:Strike_Guardian","Guardian:Strike_Guardian","Guardian:Strike_Guardian","Guardian:Defend_Guardian","Guardian:Defend_Guardian","Guardian:Defend_Guardian","Guardian:Defend_Guardian","Guardian:CurlUp","Guardian:TwinSlam+1","Guardian:TimeSifter","Guardian:PrimingBeam","Guardian:TimeBomb+1","Guardian:PiercingHide","Guardian:DecasProtection+1","Guardian:ExploitGems","Guardian:ChargeCore+1","Guardian:Recover","Guardian:TemporalShield"],"relics":["Guardian:ModeShifter","PreservedInsect","Anchor","Guardian:PickAxe","downfall:HeartBlessingGreen","Turnip"],"acts_visited":["Exordium"],"potions_floor_usage":[3,16,16,16],"damage_taken":[{"damage":1,"enemies":"Cultist","floor":2,"turns":5},{"damage":6,"enemies":"2 Louse","floor":3,"turns":3},{"damage":10,"enemies":"Small Slimes","floor":5,"turns":4},{"damage":4,"enemies":"Red Slaver","floor":9,"turns":4},{"damage":18,"enemies":"Gremlin Nob","floor":10,"turns":4},{"damage":12,"enemies":"3 Sentries","floor":12,"turns":7},{"damage":11,"enemies":"Lagavulin","floor":14,"turns":5},{"damage":0,"enemies":"3 Louse","floor":15,"turns":4},{"damage":43,"enemies":"IC_STATUS_ARCHETYPE","floor":16,"turns":13}],"seed_played":"-4469971507932068488","potions_obtained":[{"floor":2,"key":"Guardian:DefensiveModePotion"},{"floor":5,"key":"Swift Potion"},{"floor":10,"key":"Guardian:DefensiveModePotion"},{"floor":15,"key":"BlessingOfTheForge"}],"is_trial":false,"path_per_floor":["R","M","M","?","M","?","T","R","M","E","R","E","R","E","M","B"],"character_chosen":"GUARDIAN","items_purchased":[],"campfire_rested":0,"item_purchase_floors":[],"current_hp_per_floor":[72,71,65,65,55,80,80,80,76,58,58,46,46,35,35,0,0,0],"gold":314,"neow_bonus":"TRANSFORM_CARD","is_daily":false,"chose_seed":false,"campfire_upgraded":4,"win_rate":0.0,"timestamp":1611528534,"path_taken":["R","M","M","?","M","?","T","R","M","E","R","E","R","E","M","BOSS"],"items_purchased_type":[],"build_version":"2020-12-22","purchased_purges":0,"victory":false,"max_hp_per_floor":[80,80,80,80,80,80,80,80,80,80,80,80,80,80,80,80,80,80],"card_choices":[{"not_picked":["Guardian:Recover","Guardian:DonusPower"],"picked":"Guardian:PrimingBeam","floor":2},{"not_picked":["Guardian:Recover","Guardian:Gem_Blue"],"picked":"Guardian:TimeBomb","floor":3},{"not_picked":["Guardian:TemporalStrike","Guardian:Gem_Red"],"picked":"Guardian:PiercingHide","floor":5},{"not_picked":["Guardian:Recover","Guardian:Gem_Crimson"],"picked":"Guardian:DecasProtection","floor":9},{"not_picked":["Guardian:Gem_Green","Guardian:PolyBeam"],"picked":"Guardian:ExploitGems","floor":10},{"not_picked":["Guardian:CrystalBeam","Guardian:ShieldCharger"],"picked":"Guardian:ChargeCore","floor":12},{"not_picked":["Guardian:BronzeOrb","Guardian:Gem_Green"],"picked":"Guardian:Recover","floor":14},{"not_picked":["Guardian:Gem_Green","Guardian:Reroute"],"picked":"Guardian:TemporalShield","floor":15}],"player_experience":585209,"relics_obtained":[{"floor":7,"key":"PreservedInsect"},{"floor":10,"key":"Anchor"},{"floor":12,"key":"Guardian:PickAxe"},{"floor":14,"key":"Turnip"}],"event_choices":[{"damage_healed":25,"gold_gain":0,"player_choice":"Full Heal","damage_taken":0,"max_hp_gain":0,"max_hp_loss":0,"event_name":"Wheel of Change","floor":6,"gold_loss":0}],"is_beta":false,"boss_relics":[],"items_purged_floors":[],"is_endless":false,"potions_floor_spawned":[2,5,10,15],"killed_by":"IC_STATUS_ARCHETYPE","ascension_level":9}}