{"host":"dolejg1rjmkcifoo","time":1611473202,"event":{"mods":["ATMod(阿瑾Mod)","BaseMod","Conspire","HololiveMod","Koishi","LagranYue(拉格朗・月)","Lobotomy","LobotomyExtend","Luminous","Minty Spire (QoL Compilation)","Prisma Mod","Remilia（蕾米莉亚）","Replay The Spire","Spicy Shops","StSLib","The Animator"],"gold_per_floor":[118,156,173,173,173,206,206,57,81,81,96,112,135,166,166,285,397,409,441,506,518,530,542,570,582,594,630,673,709,745,776,788,930,942,978,1323,1351,1417,539,564,564,564,564,434,434,448,448,466,466,466,466,466,393,421,464],"floor_reached":56,"language":"ZHS","playtime":3289,"items_purged":["Regret","Regret"],"score":1453,"play_id":"c16f2ed9-2853-4a27-8f5f-4ae902141678","local_time":"20210124152642","is_ascension_mode":false,"campfire_choices":[{"floor":7,"key":"REST"},{"floor":15,"key":"REST"},{"floor":23,"key":"RECALL"},{"floor":25,"key":"REST"},{"floor":32,"key":"REST"},{"data":"LagranYue:AttackGodSpearCard","floor":41,"key":"SMITH"},{"floor":49,"key":"DIG"},{"data":"LagranYue:AttackAerCard","floor":52,"key":"SMITH"}],"circlet_count":0,"master_deck":["LagranYue:BaseAttackCard+1","LagranYue:BaseAttackCard+1","LagranYue:BaseDefendCard","LagranYue:BaseDefendCard","LagranYue:BaseDefendCard","LagranYue:AttackTopazCard+1","LagranYue:SkillBrokenSwordCard","LagranYue:BaseAttackCard+1","LagranYue:BaseDefendCard","AT_KingSlayer+1","LagranYue:SkillDeadlyBloomCard","VoidDream","Bloodbath","LagranYue:AttackGodSwordCard+1","LagranYue:RoseCard+1","MeatLantern","LagranYue:AttackRubyCard","Murderer","SpiderBud","LagranYue:AttackGalacticZeroCard","LagranYue:AttackGoldCard","LagranYue:AttackEngravingRoseCard","GalaxyChild","LongBird","Pot Of Greed+1","Dazed","Pot Of Greed+1","BeautyBeast","LagranYue:PowerMaxArmsPliesCard","LagranYue:AttackGodSpearCard+1","Wellcheers","OldLady","CENSORED","LagranYue:AttackAerCard+1","HeroicMonk","LagranYue:AttackRubyCard+1","LagranYue:SkillCocoonEvolutionCard+1","Pot Of Greed+1","LagranYue:AttackEmeraldCard+1","Shame","Transmutation+1","LagranYue:AttackCellGodCard"],"relics":["LagranYue:ArmsProficiencyRelics","AT_ATBox","LagranYue:RandomDrawCardRelic","CogitoBucket","LetterFromLob","LagranYue:RareGoldArmorRelic","LagranYue:DarkRelics","LagranYue:LuEnSwordRelics","Chemical X","AT_BellDemon","Singing Bowl","AntiCross","AT_RedNoBalance","BackwardClock","PreservedInsect","AT_TimeSand","Grinning Jar","MawBank","Replay:Wanted Poster","MagicBullet_r","AT_RabadonDeathcap","Mirror","AT_RedTearstoneRing","BehaviorAdjustment","Matryoshka","Orichalcum","Replay:Baseball","Lantern","Toy Ornithopter","Blue Doll","Sundial","LagranYue:ReturningEmperorRelic","Blood Vial","AT_EbonyIvory","Coffee Dripper","Potion Belt","AtMidnight","Replay:Rubber Ducky","Replay:WaspNest","Thread and Needle","LagranYue:OveredgeRelics","Onion Ring","ReplayFunnel","War Paint","Guide Book","Durian","ReplayTheSpireMod:CursedCoin","LagranYue:MagicReflectiveArmorRelic","Calipers","Replay:Bottled Eggs","Ornamental Fan","AT_DeathDance","Replay:Bottled Flurry","Whetstone","ReplayTheSpireMod:TigerMarble","Anchor","OrangePellets","Boot","Oddly Smooth Stone"],"acts_visited":["Exordium","TheCity","TheBeyond","TheEnding"],"potions_floor_usage":[16,16,16,33,33,33,50,50,50,50,50],"damage_taken":[{"damage":0,"enemies":"Small Slimes","floor":1,"turns":4},{"damage":19,"enemies":"conspire:MimicChest","floor":2,"turns":10},{"damage":0,"enemies":"2 Louse","floor":3,"turns":3},{"damage":22,"enemies":"Gremlin Nob","floor":6,"turns":7},{"damage":5,"enemies":"Cultist","floor":11,"turns":2},{"damage":17,"enemies":"Looter","floor":12,"turns":1},{"damage":0,"enemies":"3 Louse","floor":13,"turns":1},{"damage":5,"enemies":"3 Sentries","floor":14,"turns":1},{"damage":35,"enemies":"The Guardian","floor":16,"turns":4},{"damage":0,"enemies":"Shell Parasite","floor":19,"turns":1},{"damage":5,"enemies":"2 Thieves","floor":24,"turns":3},{"damage":0,"enemies":"Shelled Parasite and Fungi","floor":27,"turns":1},{"damage":1,"enemies":"conspire:Head Lice","floor":28,"turns":1},{"damage":0,"enemies":"Snake Plant","floor":30,"turns":1},{"damage":20,"enemies":"Chosen and Byrds","floor":31,"turns":2},{"damage":58,"enemies":"Champ","floor":33,"turns":4},{"damage":12,"enemies":"Orb Walker","floor":35,"turns":2},{"damage":0,"enemies":"3 Darklings","floor":37,"turns":2},{"damage":22,"enemies":"2 Orb Walkers","floor":38,"turns":2},{"damage":2,"enemies":"R_Hoarder","floor":40,"turns":2},{"damage":21,"enemies":"Maw","floor":46,"turns":3},{"damage":0,"enemies":"Transient","floor":48,"turns":4},{"damage":37,"enemies":"Donu and Deca","floor":50,"turns":5},{"damage":0,"enemies":"Shield and Spear","floor":54,"turns":1},{"damage":21,"enemies":"The Heart","floor":55,"turns":3}],"seed_played":"1030304647815907060","potions_obtained":[{"floor":6,"key":"Dexterity Potion"},{"floor":11,"key":"Elixir"},{"floor":13,"key":"LifebloodPotion"},{"floor":16,"key":"BlessingOfTheForge"},{"floor":16,"key":"Strength Potion"},{"floor":19,"key":"DuplicationPotion"},{"floor":38,"key":"Fire Potion"},{"floor":46,"key":"Toxic Potion"},{"floor":46,"key":"LifebloodPotion"},{"floor":48,"key":"ColorlessPotion"},{"floor":48,"key":"Venom Potion"}],"is_trial":false,"path_per_floor":["M","?","M","?","?","E","R","$","T","?","M","M","M","E","R","B",null,"M","M","T","?","?","R","M","R","T","M","E","T","M","M","R","B",null,"M","?","M","?","$","E","R","$","T","$","?","M","$","M","R","B",null,"R","$","E","B",null],"character_chosen":"LagranYueCharacter","items_purchased":["Chemical X","Onion Ring","ReplayFunnel","War Paint","Guide Book","Durian","ReplayTheSpireMod:CursedCoin","Transmutation+1","AT_DeathDance","OrangePellets"],"campfire_rested":4,"item_purchase_floors":[8,39,39,39,39,39,39,39,44,53],"current_hp_per_floor":[75,56,57,57,57,36,58,58,58,46,42,25,39,35,58,4,79,79,46,46,46,46,46,48,74,74,76,79,79,81,71,97,71,97,91,91,95,98,103,110,110,110,110,110,110,106,106,116,116,132,132,132,132,134,123],"gold":464,"neow_bonus":"","is_daily":false,"chose_seed":false,"campfire_upgraded":2,"win_rate":0.0,"timestamp":1611473202,"path_taken":["M","?","?","?","?","E","R","?","T","?","M","M","M","E","R","BOSS","M","M","?","?","?","R","M","R","T","M","E","?","?","M","R","BOSS","M","?","M","?","$","E","R","?","T","?","?","M","?","M","R","BOSS","R","$","E","BOSS"],"items_purchased_type":["Relic","Relic","Relic","Relic","Relic","Relic","Relic","Card","Relic","Relic"],"build_version":"2020-12-22","purchased_purges":2,"victory":true,"max_hp_per_floor":[75,75,75,75,75,75,75,75,75,75,75,75,77,79,79,79,79,79,83,83,83,83,83,87,87,87,89,93,93,95,97,97,97,97,99,99,101,103,108,115,115,115,115,115,115,122,122,129,129,132,132,132,132,134,137],"card_choices":[{"not_picked":["LagranYue:AttackDevilCard","LagranYue:SkillDistortionCard"],"picked":"LagranYue:SkillDeadlyBloomCard","floor":1},{"not_picked":["ShyLook","UniverseFragment"],"picked":"VoidDream","floor":1},{"not_picked":["QueenBee","CherryBlossoms"],"picked":"Bloodbath","floor":2},{"not_picked":["LagranYue:ProjectionCard","LagranYue:AttackEngravingRoseCard"],"picked":"LagranYue:AttackGodSwordCard","floor":2},{"not_picked":["LagranYue:SkillWoodSpearCard","LagranYue:SkillFalseAerialAceCard"],"picked":"LagranYue:RoseCard","floor":3},{"not_picked":["MHz","LittlePrince"],"picked":"MeatLantern","floor":3},{"not_picked":["LagranYue:AttackDevilCard","LagranYue:AttackFaithCard"],"picked":"LagranYue:AttackRubyCard","floor":6},{"not_picked":["NakedNest","WallGazer"],"picked":"Murderer","floor":6},{"not_picked":["Rudolta","OldLady"],"picked":"SpiderBud","floor":11},{"not_picked":["LagranYue:SkillDeadlyBloomCard","LagranYue:SkillTestamentCard"],"picked":"LagranYue:AttackGalacticZeroCard","floor":11},{"not_picked":["LagranYue:PowerDreamCard","LagranYue:PowerWindKingEnchantmentCard"],"picked":"LagranYue:AttackGoldCard","floor":12},{"not_picked":["LagranYue:SkillChiharaHoundCard","LagranYue:EmeraldRemorseCard"],"picked":"LagranYue:AttackEngravingRoseCard","floor":12},{"not_picked":["Variant","OSAHOGD"],"picked":"GalaxyChild","floor":12},{"not_picked":["ShyLook","UniverseFragment"],"picked":"LongBird","floor":13},{"not_picked":["LagranYue:SkillExplosiveArmorCard","LagranYue:AttackMagicMoonCard","LagranYue:PhysicalFitnessCard"],"picked":"Singing Bowl","floor":13},{"not_picked":["LagranYue:SkillChiharaHoundCard","LagranYue:MultipleThornsCard","LagranYue:SkillDeadlyBloomCard"],"picked":"Singing Bowl","floor":14},{"not_picked":["BlueStar","MHz"],"picked":"BeautyBeast","floor":14},{"not_picked":["LagranYue:SkillBlazingSevenRingsCard","LagranYue:AttackLakeCard"],"picked":"LagranYue:PowerMaxArmsPliesCard","floor":16},{"not_picked":["LagranYue:AttackFireCard","LagranYue:PrematureBurialCard"],"picked":"LagranYue:AttackGodSpearCard","floor":16},{"not_picked":["FairyFestival","DreamingCurrent"],"picked":"Wellcheers","floor":16},{"not_picked":["LagranYue:AttackIceCard","LagranYue:SkillDeadlyBloomCard+1","LagranYue:SkillIncompleteArchCard"],"picked":"Singing Bowl","floor":19},{"not_picked":["LagranYue:DefendBetterCard","LagranYue:PowerWindKingEnchantmentCard","LagranYue:PurpleNightmareCard"],"picked":"Singing Bowl","floor":19},{"not_picked":["OSAHOGD","CherryBlossoms"],"picked":"OldLady","floor":19},{"not_picked":["LagranYue:AttackPurpleCard","LagranYue:SkillIncompleteArchCard","LagranYue:AttackCrowCrossbowCard"],"picked":"Singing Bowl","floor":24},{"not_picked":["LagranYue:AttackRubyCard","LagranYue:SkillDistortionCard+1","LagranYue:AttackGoldCard"],"picked":"Singing Bowl","floor":24},{"not_picked":["MHz","CherryBlossoms"],"picked":"CENSORED","floor":24},{"not_picked":["LagranYue:AttackEnchantmentCard","LagranYue:PowerBloodyTempleCard","LagranYue:AttackDegenerateCard"],"picked":"Singing Bowl","floor":27},{"not_picked":["LagranYue:AttackBetterCard+1","LagranYue:EatTigerCard"],"picked":"LagranYue:AttackAerCard","floor":27},{"not_picked":["Woodsman","WallGazer"],"picked":"HeroicMonk","floor":27},{"not_picked":["LagranYue:SkillTestamentCard","LagranYue:AttackFlintCard","LagranYue:SkillKadeboSwordCard"],"picked":"Singing Bowl","floor":28},{"not_picked":["LagranYue:SkillBrokenShieldCard","LagranYue:SkillHeartWaterCard","LagranYue:SkillBrokenShieldCard"],"picked":"Singing Bowl","floor":28},{"not_picked":["LagranYue:DefendBetterCard","LagranYue:MagicSkyrocketCard+1","LagranYue:AttackMagicMoonCard"],"picked":"Singing Bowl","floor":30},{"not_picked":["LagranYue:RubyDefendCard","LagranYue:PowerBloodyTempleCard","LagranYue:SkillBrokenShieldCard"],"picked":"Singing Bowl","floor":31},{"not_picked":["LagranYue:AttackFaithCard","LagranYue:AttackDegenerateCard"],"picked":"LagranYue:AttackRubyCard+1","floor":31},{"not_picked":["LagranYue:AttackGodSwordCard","LagranYue:PowerWindKingEnchantmentCard"],"picked":"LagranYue:SkillCocoonEvolutionCard","floor":33},{"not_picked":["LagranYue:PowerDreamCard","LagranYue:GoldForgingCard"],"picked":"LagranYue:AttackEmeraldCard","floor":35},{"not_picked":["LagranYue:SkillEightFeetJadeCard+1","LagranYue:TestChooseCard","LagranYue:SkillDeadlyBloomCard+1"],"picked":"Singing Bowl","floor":35},{"not_picked":["LagranYue:AttackGoldCard+1","LagranYue:TestChooseCard","LagranYue:AttackIceCard"],"picked":"Singing Bowl","floor":37},{"not_picked":["LagranYue:BraveTemperamentCard+1","LagranYue:AttackBetterCard","LagranYue:AttackWaltzCard+1"],"picked":"Singing Bowl","floor":38},{"not_picked":["LagranYue:AttackRubyCard","LagranYue:AttackGalacticZeroCard","LagranYue:PowerMaxArmsPliesCard"],"picked":"Singing Bowl","floor":40},{"not_picked":["LagranYue:AttackGalacticZeroCard","LagranYue:AttackWaltzCard+1","LagranYue:DefendBetterCard"],"picked":"Singing Bowl","floor":40},{"not_picked":["LagranYue:SkillGaeBolgCard","LagranYue:SkillChiharaHoundCard","LagranYue:RoseCard"],"picked":"Singing Bowl","floor":46},{"not_picked":["LagranYue:AttackGoldCard+1","LagranYue:AttackKingCard","LagranYue:SkillIncompleteArchCard"],"picked":"Singing Bowl","floor":46},{"not_picked":["LagranYue:AttackMagicStarsCard","LagranYue:AttackRavagedCard","LagranYue:SkillTestamentCard"],"picked":"Singing Bowl","floor":48},{"not_picked":["LagranYue:PowerBloodyTempleCard","LagranYue:SkillFalseAerialAceCard","LagranYue:AttackEngravingRoseCard+1"],"picked":"Singing Bowl","floor":48},{"not_picked":["LagranYue:AttackDevilCard","LagranYue:AttackRubyCard","LagranYue:AttackPurpleCard+1"],"picked":"Singing Bowl","floor":54},{"not_picked":["LagranYue:AttackDegenerateCard","LagranYue:AttackDevilCard"],"picked":"LagranYue:AttackCellGodCard","floor":54}],"player_experience":125942,"relics_obtained":[{"floor":1,"key":"LetterFromLob"},{"floor":2,"key":"LagranYue:RareGoldArmorRelic"},{"floor":6,"key":"LagranYue:LuEnSwordRelics"},{"floor":9,"key":"AT_BellDemon"},{"floor":11,"key":"AntiCross"},{"floor":12,"key":"AT_SilverBalance"},{"floor":13,"key":"PreservedInsect"},{"floor":14,"key":"AT_TimeSand"},{"floor":14,"key":"Grinning Jar"},{"floor":16,"key":"MawBank"},{"floor":19,"key":"AT_RabadonDeathcap"},{"floor":24,"key":"Mirror"},{"floor":24,"key":"AT_RedTearstoneRing"},{"floor":26,"key":"Matryoshka"},{"floor":27,"key":"Orichalcum"},{"floor":28,"key":"Replay:Baseball"},{"floor":28,"key":"Lantern"},{"floor":29,"key":"Toy Ornithopter"},{"floor":29,"key":"Blue Doll"},{"floor":30,"key":"Sundial"},{"floor":31,"key":"LagranYue:ReturningEmperorRelic"},{"floor":33,"key":"Blood Vial"},{"floor":33,"key":"AT_EbonyIvory"},{"floor":35,"key":"Potion Belt"},{"floor":35,"key":"AtMidnight"},{"floor":35,"key":"Replay:Rubber Ducky"},{"floor":37,"key":"Replay:WaspNest"},{"floor":38,"key":"Thread and Needle"},{"floor":38,"key":"LagranYue:OveredgeRelics"},{"floor":40,"key":"LagranYue:MagicReflectiveArmorRelic"},{"floor":40,"key":"Calipers"},{"floor":43,"key":"Replay:Bottled Eggs"},{"floor":43,"key":"Ornamental Fan"},{"floor":46,"key":"Replay:Bottled Flurry"},{"floor":48,"key":"Whetstone"},{"floor":48,"key":"ReplayTheSpireMod:TigerMarble"},{"floor":49,"key":"Anchor"},{"floor":54,"key":"Boot"},{"floor":54,"key":"Oddly Smooth Stone"}],"event_choices":[{"damage_healed":0,"gold_gain":0,"player_choice":"Take Wound","damage_taken":0,"relics_obtained":["Golden Idol"],"max_hp_gain":0,"max_hp_loss":0,"event_name":"Golden Idol","floor":4,"gold_loss":0,"cards_obtained":["Injury"]},{"damage_healed":0,"gold_gain":0,"player_choice":"Box","damage_taken":0,"relics_obtained":["LagranYue:DarkRelics"],"max_hp_gain":0,"max_hp_loss":0,"event_name":"Big Fish","floor":5,"gold_loss":0,"cards_obtained":["Regret"]},{"damage_healed":0,"gold_gain":0,"player_choice":"Success","damage_taken":12,"relics_obtained":["Singing Bowl"],"max_hp_gain":0,"max_hp_loss":0,"event_name":"Scrap Ooze","floor":10,"gold_loss":0},{"cards_removed":["Injury"],"damage_healed":0,"gold_gain":0,"player_choice":"Elegance","damage_taken":0,"max_hp_gain":0,"max_hp_loss":0,"event_name":"Back to Basics","floor":21,"gold_loss":0},{"damage_healed":0,"gold_gain":0,"player_choice":"Leave","damage_taken":0,"max_hp_gain":0,"max_hp_loss":0,"event_name":"conspire:Investor","floor":22,"gold_loss":0},{"damage_healed":0,"gold_gain":333,"player_choice":"Gave Idol","damage_taken":0,"max_hp_gain":0,"max_hp_loss":0,"event_name":"The Moai Head","floor":36,"relics_lost":["Golden Idol"],"gold_loss":0},{"damage_healed":0,"gold_gain":0,"player_choice":"Fight","damage_taken":0,"max_hp_gain":0,"max_hp_loss":0,"event_name":"Mysterious Sphere","floor":38,"gold_loss":0},{"cards_removed":["LagranYue:BaseAttackCard"],"damage_healed":0,"gold_gain":0,"player_choice":"Removed Attack","damage_taken":0,"max_hp_gain":0,"max_hp_loss":0,"event_name":"Falling","floor":45,"gold_loss":0}],"is_beta":false,"boss_relics":[{"not_picked":["SacredBark","Tiny House"],"picked":"Replay:Wanted Poster"},{"not_picked":["Cursed Key","conspire:SeveredTorchhead"],"picked":"Coffee Dripper"}],"items_purged_floors":[8,39],"is_endless":false,"potions_floor_spawned":[6,11,13,16,19,28,38,46,48],"ascension_level":0}}