{"host":"dzit4ljil6490tuf","time":1611468137,"event":{"mods":["BaseMod","Downfall","Hermit","Hubris","Minty Spire (QoL Compilation)","StSLib","The Cursed","The Runesmith","The Servant 0.9.4"],"gold_per_floor":[99,115,129,129,129,148,172,191,191,209,37,48,48,48,58,155,155,155,167,167,40,60,70,95,95,95,95],"floor_reached":25,"language":"ITA","playtime":1676,"items_purged":["bronze:BuggyMess"],"score":195,"play_id":"9f93ec01-53b5-48cb-92e6-861a8a0688f9","local_time":"20210124070217","is_ascension_mode":false,"campfire_choices":[{"data":"bronze:Goto","floor":1,"key":"SMITH"},{"data":"bronze:Boost","floor":9,"key":"SMITH"},{"data":"bronze:Philosophize","floor":13,"key":"SMITH"},{"data":"bronze:FineTuning","floor":18,"key":"SMITH"}],"circlet_count":0,"master_deck":["bronze:Strike","bronze:Strike","bronze:Strike","bronze:Defend","bronze:Defend","bronze:Defend","bronze:Defend","bronze:Replicate","bronze:Goto+1","bronze:DelayedSlice","bronze:Overheat","bronze:Boost+1","bronze:Philosophize+1","bronze:OilSpill","bronze:FineTuning+1","bronze:Boost","bronze:CleanCode","bronze:BitShift","bronze:DelayedGuard","bronze:NullPointer","bronze:Overheat","bronze:ForceShield+1"],"relics":["bronze:PlatinumCore","hubris:Reverence","Regal Pillow","Toolbox","hubris:Zylophone","Potion Belt"],"acts_visited":["Exordium","TheCity"],"potions_floor_usage":[8,16,16,25],"damage_taken":[{"damage":0,"enemies":"2 Louse","floor":2,"turns":3},{"damage":0,"enemies":"Small Slimes","floor":3,"turns":3},{"damage":0,"enemies":"Cultist","floor":6,"turns":2},{"damage":1,"enemies":"Exordium Thugs","floor":8,"turns":4},{"damage":3,"enemies":"Exordium Wildlife","floor":10,"turns":3},{"damage":0,"enemies":"downfall:FleeingMerchant","floor":11,"turns":4},{"damage":0,"enemies":"Blue Slaver","floor":12,"turns":2},{"damage":7,"enemies":"2 Fungi Beasts","floor":15,"turns":2},{"damage":35,"enemies":"WA_ARCHETYPE_RETAIN","floor":16,"turns":7},{"damage":18,"enemies":"Chosen","floor":19,"turns":5},{"damage":4,"enemies":"downfall:FleeingMerchant","floor":21,"turns":4},{"damage":0,"enemies":"Spheric Guardian","floor":22,"turns":3},{"damage":0,"enemies":"Cultist and Chosen","floor":23,"turns":4},{"damage":68,"enemies":"Gremlin Leader","floor":25,"turns":6}],"seed_played":"-5444160359274937156","potions_obtained":[{"floor":3,"key":"Strength Potion"},{"floor":6,"key":"LiquidBronze"},{"floor":8,"key":"bronze:CleanCodePotion"},{"floor":12,"key":"Block Potion"}],"is_trial":false,"path_per_floor":["R","M","M","?","?","M","T","M","R","M","$","M","R","T","M","B",null,"R","M","?","$","M","M","T","E"],"character_chosen":"THE_AUTOMATON","items_purchased":["Toolbox","bronze:NullPointer"],"campfire_rested":0,"item_purchase_floors":[11,21],"current_hp_per_floor":[77,77,77,77,70,70,70,69,69,66,66,66,66,66,59,24,77,77,59,59,55,55,55,55,0,0,0],"gold":95,"neow_bonus":"TEN_PERCENT_HP_BONUS","is_daily":false,"chose_seed":false,"campfire_upgraded":4,"win_rate":0.0,"timestamp":1611468137,"path_taken":["R","M","M","?","?","M","T","M","R","M","$","?","R","?","M","BOSS","R","M","?","$","M","M","T","E"],"items_purchased_type":["Relic","Card"],"build_version":"2020-12-22","purchased_purges":1,"victory":false,"max_hp_per_floor":[77,77,77,77,77,77,77,77,77,77,77,77,77,77,77,77,77,77,77,77,77,77,77,77,77,77,77],"card_choices":[{"not_picked":["bronze:Frontload","bronze:WildBeam"],"picked":"bronze:DelayedSlice","floor":2},{"not_picked":["bronze:Iterate","bronze:BuggyMess"],"picked":"bronze:Overheat","floor":3},{"not_picked":["bronze:WhirlingStrike","bronze:BuggyMess"],"picked":"bronze:Boost","floor":6},{"not_picked":["bronze:Turbo","bronze:BugBarrage"],"picked":"bronze:Philosophize","floor":8},{"not_picked":["bronze:Repulsor","bronze:Optimize"],"picked":"bronze:OilSpill","floor":10},{"not_picked":["bronze:DigitalCarnage","bronze:HardenedForm"],"picked":"bronze:FineTuning","floor":11},{"not_picked":["bronze:BugBarrage","bronze:OilSpill"],"picked":"bronze:Boost","floor":12},{"not_picked":["bronze:DigitalCarnage","bronze:Safeguard"],"picked":"bronze:BuggyMess","floor":15},{"not_picked":["bronze:RecursiveStrike","bronze:HardenedForm"],"picked":"bronze:CleanCode","floor":16},{"not_picked":["bronze:Shield","bronze:Frontload"],"picked":"bronze:BitShift","floor":19},{"not_picked":["bronze:ForLoop+1","bronze:Shield"],"picked":"bronze:DelayedGuard","floor":21},{"not_picked":["bronze:OilSpill+1","bronze:BitShift"],"picked":"bronze:Overheat","floor":22},{"not_picked":["bronze:Overheat","bronze:CloningBeam+1"],"picked":"bronze:ForceShield+1","floor":23}],"player_experience":594870,"relics_obtained":[{"floor":7,"key":"Regal Pillow"},{"floor":14,"key":"hubris:Zylophone"},{"floor":24,"key":"Potion Belt"}],"event_choices":[{"damage_healed":0,"gold_gain":0,"player_choice":"Damaged","damage_taken":7,"max_hp_gain":0,"max_hp_loss":0,"event_name":"Wheel of Change","floor":5,"gold_loss":0}],"is_beta":false,"boss_relics":[{"not_picked":["bronze:MakeshiftBattery","Astrolabe"],"picked":"bronze:PlatinumCore"}],"items_purged_floors":[21],"is_endless":false,"potions_floor_spawned":[3,6,8,12],"killed_by":"Gremlin Leader","ascension_level":0}}