{"host":"6iv6hzocosv1haef","time":1611514019,"event":{"mods":["AchievementEnabler","AlwaysNeverKeys","BaseMod","Colored Map","Colored Powertips","Downfall","Friendly Minions","GifTheSpireLib","Highlight Path","Minty Spire (QoL Compilation)","Permanent Neow","Quick Restart","Relic Filter","Relic Sorter","StSLib"],"gold_per_floor":[99,115,131,194,214,214,214,214,226,226,65,96,109,109,119,119,119,119],"floor_reached":16,"language":"ENG","playtime":1153,"items_purged":[],"score":102,"play_id":"f6cea502-fe6e-460a-9724-304079e81480","local_time":"20210124184659","is_ascension_mode":false,"campfire_choices":[{"data":"Guardian:CurlUp","floor":1,"key":"SMITH"},{"data":"Guardian:TwinSlam","floor":6,"key":"SMITH"},{"floor":10,"key":"REST"}],"circlet_count":0,"master_deck":["Guardian:Strike_Guardian","Guardian:Strike_Guardian","Guardian:Strike_Guardian","Guardian:Strike_Guardian+1","Guardian:Defend_Guardian","Guardian:Defend_Guardian","Guardian:Defend_Guardian","Guardian:Defend_Guardian","Guardian:CurlUp+1","Guardian:TwinSlam+1","Guardian:Recover+1","Guardian:ExploitGems","Guardian:Gem_Fragmented","Guardian:Gem_Crimson","Guardian:Gem_Orange","Guardian:Gem_Red","Guardian:Gem_White","Guardian:CrystalBeam"],"relics":["Guardian:ModeShifter","Ancient Tea Set","Omamori","Centennial Puzzle","PreservedInsect","Guardian:SackOfGems","Matryoshka"],"acts_visited":["Exordium"],"potions_floor_usage":[16],"damage_taken":[{"damage":0,"enemies":"Small Slimes","floor":2,"turns":3},{"damage":0,"enemies":"2 Louse","floor":3,"turns":3},{"damage":71,"enemies":"Lagavulin Event","floor":4,"turns":15},{"damage":0,"enemies":"Cultist","floor":5,"turns":4},{"damage":0,"enemies":"Exordium Thugs","floor":9,"turns":6},{"damage":0,"enemies":"downfall:FleeingMerchant","floor":11,"turns":4},{"damage":4,"enemies":"3 Sentries","floor":12,"turns":8},{"damage":0,"enemies":"3 Louse","floor":13,"turns":3},{"damage":12,"enemies":"Blue Slaver","floor":15,"turns":3},{"damage":24,"enemies":"DF_ARCHETYPE_STREAMLINE","floor":16,"turns":5}],"seed_played":"8232036820762863126","potions_obtained":[{"floor":5,"key":"SteroidPotion"},{"floor":12,"key":"ColorlessPotion"},{"floor":13,"key":"LiquidBronze"},{"floor":15,"key":"SteroidPotion"}],"is_trial":false,"path_per_floor":["R","M","M","?","M","R","T","?","M","R","$","E","M","T","M","B"],"character_chosen":"GUARDIAN","items_purchased":["PreservedInsect"],"campfire_rested":1,"item_purchase_floors":[11],"current_hp_per_floor":[80,80,80,9,9,9,9,9,9,33,33,29,29,29,17,0,0,0],"gold":119,"neow_bonus":"RANDOM_COMMON_RELIC","is_daily":false,"chose_seed":false,"campfire_upgraded":2,"win_rate":0.0,"timestamp":1611514019,"path_taken":["R","M","M","?","M","R","T","?","M","R","$","E","?","?","M","BOSS"],"items_purchased_type":["Relic"],"build_version":"2020-12-22","purchased_purges":0,"victory":false,"max_hp_per_floor":[80,80,80,80,80,80,80,80,80,80,80,80,80,80,80,80,80,80],"card_choices":[{"not_picked":["Guardian:Incinerate","Guardian:VentSteam"],"picked":"Guardian:Recover","floor":2},{"not_picked":["Guardian:Planning","Guardian:PrimingBeam","Guardian:Gem_Red"],"picked":"SKIP","floor":3},{"not_picked":["Guardian:ShieldCharger","Guardian:Planning"],"picked":"Guardian:Gem_Yellow","floor":5},{"not_picked":["Guardian:DonusPower","Guardian:Emergency"],"picked":"Guardian:ExploitGems","floor":9},{"not_picked":["Guardian:EvasiveProtocol","Guardian:Suspension","Guardian:Gem_Blue"],"picked":"SKIP","floor":11},{"not_picked":["Guardian:Gem_Purple","Guardian:Recover"],"picked":"Guardian:CrystalBeam","floor":12},{"not_picked":["Guardian:BodySlam","Guardian:TemporalShield","Guardian:Reroute"],"picked":"SKIP","floor":13},{"not_picked":["Guardian:PiercingHide","Guardian:MultiBeam","Guardian:StasisField"],"picked":"SKIP","floor":15}],"player_experience":178884,"relics_obtained":[{"floor":4,"key":"Omamori"},{"floor":7,"key":"Centennial Puzzle"},{"floor":12,"key":"Guardian:SackOfGems"},{"floor":14,"key":"Matryoshka"}],"event_choices":[],"is_beta":false,"boss_relics":[],"items_purged_floors":[],"is_endless":false,"potions_floor_spawned":[5,12,13,15],"killed_by":"DF_ARCHETYPE_STREAMLINE","ascension_level":0}}