{"host":"yjeq27nqd9iczda7","time":1611511135,"event":{"mods":["Arknights The Spire","BaseMod","Colored Map","Colored Powertips","Minty Spire (QoL Compilation)","StSLib","Waifu the Spire"],"gold_per_floor":[117,133,7,7,22,55,68,68,68,126,126,126],"floor_reached":11,"language":"KOR","playtime":918,"items_purged":["ats:Defend"],"score":73,"play_id":"387c96d0-32e7-49cd-b1b2-222c64a31d8b","local_time":"20210125025855","is_ascension_mode":false,"campfire_choices":[{"floor":8,"key":"RECALL"}],"circlet_count":0,"master_deck":["ats:Strike C","ats:Strike G","ats:Strike S","ats:Armor Crushing Shot","ats:Defend","ats:Defend","ats:Defend","ats:Emotion Absorption","ats:Apocalypse","ats:Shell Defense","ats:Absolute Focus","ats:Flexible Camouflage","ats:Thorns","ats:Healing Drone","ats:Durian"],"relics":["ats:Sanity","ats:Originium","TungstenRod","Calipers"],"acts_visited":["Exordium"],"potions_floor_usage":[6,6,6,6,6,6,10],"damage_taken":[{"damage":0,"enemies":"2 Louse","floor":1,"turns":4},{"damage":6,"enemies":"Jaw Worm","floor":2,"turns":5},{"damage":19,"enemies":"Small Slimes","floor":5,"turns":8},{"damage":54,"enemies":"Lagavulin","floor":6,"turns":11},{"damage":12,"enemies":"3 Louse","floor":7,"turns":5},{"damage":44,"enemies":"3 Sentries","floor":10,"turns":16},{"damage":87,"enemies":"Gremlin Nob","floor":11,"turns":5}],"seed_played":"-8351216149845080587","potions_obtained":[{"floor":0,"key":"SkillPotion"},{"floor":0,"key":"Weak Potion"},{"floor":0,"key":"Energy Potion"},{"floor":2,"key":"EntropicBrew"},{"floor":7,"key":"SneckoOil"},{"floor":10,"key":"SneckoOil"}],"is_trial":false,"path_per_floor":["M","M","$","?","M","E","M","R","T","?","E"],"character_chosen":"DOCTOR_CLASS","items_purchased":["ats:Absolute Focus"],"campfire_rested":0,"item_purchase_floors":[3],"current_hp_per_floor":[72,66,66,59,51,54,50,50,50,53,0,0],"gold":126,"neow_bonus":"THREE_SMALL_POTIONS","is_daily":false,"chose_seed":false,"campfire_upgraded":0,"win_rate":0.0,"timestamp":1611511135,"path_taken":["M","M","$","?","M","E","M","R","T","?","E"],"items_purchased_type":["Card"],"build_version":"2020-12-22","purchased_purges":1,"victory":false,"max_hp_per_floor":[72,72,72,72,72,72,72,72,72,72,72,72],"card_choices":[{"not_picked":["ats:Assault Order","ats:Counter Healing Mode"],"picked":"ats:Apocalypse","floor":1},{"not_picked":["ats:Guard Mode","ats:Spore Proliferation"],"picked":"ats:Shell Defense","floor":2},{"not_picked":["ats:Hammer On","ats:Rapid Magazine"],"picked":"ats:Flexible Camouflage","floor":5},{"not_picked":["ats:Neurotoxin","ats:Collapsing Strike"],"picked":"ats:Thorns","floor":6},{"not_picked":["ats:Apocalypse","ats:Phantom"],"picked":"ats:Healing Drone","floor":7},{"not_picked":["ats:Consecutive Shot Auto","ats:Guard Mode"],"picked":"ats:Durian","floor":10}],"player_experience":32681,"relics_obtained":[{"floor":6,"key":"ats:Originium"},{"floor":6,"key":"TungstenRod"},{"floor":10,"key":"Calipers"}],"event_choices":[{"cards_removed":["ats:Strike V"],"damage_healed":0,"gold_gain":0,"player_choice":"Card Removal","damage_taken":7,"max_hp_gain":0,"max_hp_loss":0,"event_name":"Golden Wing","floor":4,"gold_loss":0},{"damage_healed":0,"gold_gain":0,"player_choice":"Searched \u00271\u0027 times","damage_taken":0,"max_hp_gain":0,"max_hp_loss":0,"event_name":"Dead Adventurer","floor":10,"gold_loss":0}],"is_beta":false,"boss_relics":[],"items_purged_floors":[3],"is_endless":false,"potions_floor_spawned":[2,7,10],"killed_by":"Gremlin Nob","ascension_level":0}}