{"host":"njo8qgvy2a57fcny","time":1611468309,"event":{"mods":["Ascension Unlocker","Aspiration","BaseMod","BetterRewards","CCEM","Colored Map","Colored Powertips","Conspire","Custom Start","Downfall","Energized Spire","GifTheSpireLib","Halation","Hermit","Hubris","Infinite Spire","Jedi Mod","Jorbs\u0027s Wanderer Trilogy","Mimic Mod","Minty Spire (QoL Compilation)","Quick Restart","Random Character Button","Random Character Mod","Rare Cards Sparkle","Relic Sorter","Replay The Spire","Shop Mod","StSLib","Stuff the Spire","The Animator","The Jungle","The Runesmith","The Servant 0.9.4","Unceasing Turn Reminder","thorton","vexMod"],"gold_per_floor":[114,114,164,4,0,28,46,99,152,15,27,54,54,86,86,177,177,211,211,211,242,270,285,285],"floor_reached":23,"language":"ENG","playtime":1547,"items_purged":[],"score":482,"play_id":"37056b21-c2d8-41a5-b788-ebd6cdfb46a1","local_time":"20210124170509","is_ascension_mode":true,"campfire_choices":[{"data":"SilverBlades","floor":15,"key":"SMITH"}],"circlet_count":0,"master_deck":["AscendersBane","Strike_S","Strike_S","Strike_S","Strike_S","Defend_S","Defend_S","Defend_S","Defend_S","KidneyShot","Exchange","Ricochet","KillingDoll+1","Revamp+1","Alleviate","SilverBlades+1","conspire:NecroticWound","Rearm+1","Luminosity+1","Barrier+1","downfall:Aged","Sunlight+1","Rewind","BestPractice","downfall:Icky","SurpressingFire"],"relics":["StuffTheSpire:OccultApparatus","ReplayTheSpireMod:Ring of Challenge","NeowsBlessing","Ring of Greed","The Courier","MealTicket","conspire:TopHat","jedi:crownofsimplicity","Orichalcum","vexMod:ImprovementManual","SplendidAttire","aspiration:HatOfInfinitePower"],"acts_visited":["Exordium","TheCity"],"potions_floor_usage":[12,14,14,21],"damage_taken":[{"damage":0,"enemies":"2 Louse","floor":1,"turns":1},{"damage":0,"enemies":"Gremlin Nob","floor":6,"turns":1},{"damage":0,"enemies":"Small Slimes","floor":7,"turns":2},{"damage":7,"enemies":"Jaw Worm","floor":11,"turns":5},{"damage":6,"enemies":"Red Slaver","floor":12,"turns":5},{"damage":0,"enemies":"Large Slime","floor":14,"turns":4},{"damage":43,"enemies":"The Guardian","floor":16,"turns":14},{"damage":27,"enemies":"Spheric Guardian","floor":18,"turns":10},{"damage":0,"enemies":"2 Thieves","floor":21,"turns":3},{"damage":0,"enemies":"Cultist and Chosen","floor":22,"turns":1},{"damage":17,"enemies":"conspire:Head Lice","floor":23,"turns":5}],"seed_played":"3592533981515572720","potions_obtained":[{"floor":6,"key":"Elixir"},{"floor":11,"key":"infinitespire:BlackPotion"},{"floor":12,"key":"FearPotion"},{"floor":18,"key":"LifebloodPotion"}],"is_trial":false,"path_per_floor":["M","?","?","$","?","E","M","T","T","$","M","M","?","M","R","B",null,"M","?","AVR","M","M","E"],"character_chosen":"THE_SERVANT","items_purchased":["KillingDoll","Revamp+1","Orichalcum"],"campfire_rested":0,"item_purchase_floors":[4,4,10],"current_hp_per_floor":[54,54,54,60,60,66,66,66,66,66,59,53,53,53,53,10,52,25,7,7,7,7,0,0],"gold":285,"neow_bonus":"THREE_ENEMY_KILL","is_daily":false,"chose_seed":false,"campfire_upgraded":1,"win_rate":0.0,"timestamp":1611468309,"path_taken":["M","?","?","?","?","E","M","?","T","?","?","M","?","M","R","BOSS","M","?","AVR","M","M","E"],"items_purchased_type":["Card","Card","Relic"],"build_version":"2020-12-22","purchased_purges":0,"victory":false,"max_hp_per_floor":[60,60,60,60,60,66,66,66,66,66,66,66,66,66,66,66,66,66,71,71,71,71,71,71],"card_choices":[{"not_picked":["TimeWarp","Collapse"],"picked":"Ricochet","floor":1},{"not_picked":["Unruled","Reset"],"picked":"Alleviate","floor":6},{"not_picked":["Rewind","WasteNot"],"picked":"SilverBlades","floor":7},{"not_picked":["Starlight","Revamp"],"picked":"Rearm","floor":11},{"not_picked":["Sabotage","ForgedInTime"],"picked":"Luminosity","floor":12},{"not_picked":["ShatteredReality","Potential"],"picked":"Barrier","floor":14},{"not_picked":["KillingDoll","SoulSculpture"],"picked":"Sunlight","floor":16},{"not_picked":["Spin","Reset"],"picked":"Rewind","floor":18},{"not_picked":["Alleviate","RealityMarble"],"picked":"BestPractice","floor":21},{"not_picked":["Collapse+1","DoubleEdge"],"picked":"SurpressingFire","floor":22}],"player_experience":680452,"relics_obtained":[{"floor":3,"key":"Ring of Greed"},{"floor":3,"key":"The Courier"},{"floor":3,"key":"MealTicket"},{"floor":3,"key":"ReplayTheSpireMod:Ring of Challenge"},{"floor":6,"key":"vexMod:BerryBomb"},{"floor":8,"key":"conspire:TopHat"},{"floor":9,"key":"jedi:crownofsimplicity"}],"event_choices":[{"damage_healed":0,"gold_gain":0,"player_choice":"Left Gold","damage_taken":0,"max_hp_gain":0,"max_hp_loss":0,"event_name":"World of Goop","floor":5,"gold_loss":4},{"damage_healed":0,"gold_gain":0,"player_choice":"Shed Blood","damage_taken":23,"max_hp_gain":5,"max_hp_loss":0,"event_name":"Forgotten Altar","floor":19,"gold_loss":0}],"is_beta":false,"boss_relics":[{"not_picked":["Cursed Key","hubris:RunicObelisk"],"picked":"vexMod:ImprovementManual"}],"items_purged_floors":[],"is_endless":false,"potions_floor_spawned":[6,11,12,18],"killed_by":"conspire:Head Lice","ascension_level":20}}