{"host":"hqxy2g3i5ker09hc","time":1611508743,"event":{"mods":["2.2 Compatiblity","AlwaysNeverKeys","Aspiration","BaseMod","Beaked The Cultist","Better Match","Better Note","Better Sensory Stone","Better Silent Start","Better Third Choice","Better-Laid Plans","CCEM","CatGirl Mod","Chen","Conspire","Fireblade Mod","GifTheSpireLib","Gold Saver","Hubris","Ironclad Rager","Minty Spire (QoL Compilation)","MostiFishMod","Permanent Neow","Quarter Circle Forward PUNCH!","Quick Restart","Replay The Spire","Shop Mod","Small Relic Pack","Spikes Relics","StSLib","Stuff the Spire","The Animator","The Bug Knight","The Forsaken","The Wild Card","vexMod"],"gold_per_floor":[725,770,784,797,813,813,494,510,533,67,67,84,84,112,112,209,209,225,147,196,196,211,211,244,271,298,54,70,70,70],"floor_reached":29,"language":"ENG","playtime":2504,"items_purged":["animator:Strike"],"score":267,"play_id":"595e062e-071b-430d-b0a2-ede6d8b51eb6","local_time":"20210124181903","is_ascension_mode":true,"campfire_choices":[{"data":"animator:Aqua","floor":6.0,"key":"SMITH"},{"data":"animator:Aqua","floor":11.0,"key":"SMITH"},{"data":"animator:Greed","floor":15,"key":"SMITH"},{"data":"animator:MadokaKaname","floor":23,"key":"SMITH"}],"circlet_count":0,"master_deck":["animator:Strike_Konosuba+1","animator:Defend_Konosuba","animator:Strike","animator:Strike","animator:Defend","animator:Defend","animator:Defend","animator:Kazuma","animator:Aqua+1","animator:ElricEdward","animator:FielNirvalen","animator:Gillette","animator:Guy","animator:Aqua+1","animator:EmiyaShirou","animator:Priestess","animator:UneriGinkaku","animator:Entoma+3","Decay","animator:Greed+1","animator:MadokaKaname+1","animator:RoyMustang","animator:Kaijin","Madness+1","animator:YachiyoNanami"],"relics":["animator:LivingPicture","animator:TheMissingPiece","DaveBox","animator:PurgingStone","SynthV:TestCard","Vajra","Replay:Bottled Flurry","Replay:Wax Seal","qcfpunch:White_Boots","CCEMRelics:Barrel","Lizard Tail","qcfpunch:Black_Training_Shirt","Red Skull","Juzu Bracelet","Happy Flower","Replay:WaspNest"],"acts_visited":["Exordium","TheCity"],"potions_floor_usage":[22,22],"damage_taken":[{"damage":1.0,"enemies":"2 Louse","floor":1.0,"turns":5.0},{"damage":5.0,"enemies":"Small Slimes","floor":3.0,"turns":4.0},{"damage":0.0,"enemies":"Cultist","floor":4.0,"turns":4.0},{"damage":1.0,"enemies":"Red Slaver","floor":5.0,"turns":6.0},{"damage":5.0,"enemies":"Exordium Wildlife","floor":8.0,"turns":5.0},{"damage":2.0,"enemies":"Blue Slaver","floor":12.0,"turns":4.0},{"damage":7.0,"enemies":"3 Sentries","floor":14.0,"turns":9.0},{"damage":13,"enemies":"Fading Forest","floor":16,"turns":11},{"damage":25,"enemies":"3 Byrds","floor":18,"turns":7},{"damage":19,"enemies":"Shell Parasite","floor":22,"turns":7},{"damage":57,"enemies":"Book of Stabbing","floor":24,"turns":10},{"damage":25,"enemies":"Snake Plant","floor":28,"turns":5}],"seed_played":"6769921467447510581","potions_obtained":[{"floor":0.0,"key":"Reflective Coating"},{"floor":0.0,"key":"FearPotion"},{"floor":0.0,"key":"Fire Potion"},{"floor":1.0,"key":"Block Potion"},{"floor":2.0,"key":"Regen Potion"},{"floor":14.0,"key":"LifebloodPotion"},{"floor":24,"key":"SkillPotion"}],"is_trial":false,"path_per_floor":["M","?","M","M","M","R","$","M","T","$","R","M","?","E","R","B",null,"M","$","T","?","M","R","E","T","T","$","M","?"],"character_chosen":"THE_ANIMATOR","items_purchased":["Replay:Bottled Flurry","qcfpunch:White_Boots","CCEMRelics:Barrel","animator:Priestess","animator:UneriGinkaku","animator:Kaijin","Replay:WaspNest"],"campfire_rested":0,"item_purchase_floors":[7,10,10,10,10,19,27],"current_hp_per_floor":[66,66,63,65,66,66,66,66,66,66,66,66,66,67,67,63,70,53,53,53,39,41,41,26,26,26,26,10,0,0],"gold":70,"neow_bonus":"THREE_SMALL_POTIONS","is_daily":false,"chose_seed":false,"campfire_upgraded":4,"win_rate":0.0,"timestamp":1611508743,"path_taken":["M","?","M","?","M","R","$","M","T","?","R","?","?","E","R","BOSS","M","$","?","?","M","R","E","?","T","$","M","?"],"items_purchased_type":["Relic","Relic","Relic","Card","Card","Card","Relic"],"build_version":"2020-12-22","purchased_purges":1,"victory":false,"max_hp_per_floor":[66,66,66,66,66,66,66,66,66,66,66,66,66,68,68,70,70,72,72,72,72,72,72,72,72,72,72,72,72,72],"card_choices":[{"not_picked":["animator:Entoma","animator:Berserker"],"picked":"animator:ElricEdward","floor":1.0},{"not_picked":["animator:MamiTomoe","animator:Archer","animator:Spearman","animator:ChaikaBohdan"],"picked":"animator:FielNirvalen","floor":2.0},{"not_picked":["animator:Scar","animator:Yuuichirou","animator:Cocytus","animator:Genos"],"picked":"animator:Gillette","floor":2.0},{"not_picked":["animator:Millim","animator:Evileye","animator:Shion","animator:Shalltear"],"picked":"animator:Guy","floor":3.0},{"not_picked":["animator:Kuribayashi","animator:AcuraAkari","animator:Hans","animator:MaesHughes","animator:Ain"],"picked":"SKIP","floor":4.0},{"not_picked":["animator:Vanir","animator:Chris","animator:Verdia","animator:Kazuma"],"picked":"animator:Aqua","floor":5.0},{"not_picked":["animator:Rider","animator:FielNirvalen","animator:Konayuki","animator:MaesHughes"],"picked":"animator:EmiyaShirou","floor":8.0},{"not_picked":["animator:Shinoa","animator:Demiurge","animator:RoryMercury","animator:CowGirl"],"picked":"animator:Entoma","floor":12.0},{"not_picked":["animator:LizardPriest","animator:Mitsuba","animator:Shinoa","animator:Melzalgald"],"picked":"animator:Greed","floor":14.0},{"not_picked":["animator:Shiro","animator:Rimuru","animator:Saber","animator:Hans"],"picked":"animator:MadokaKaname","floor":16},{"not_picked":["animator:Sloth","animator:MaesHughes","animator:ElricAlphonse","animator:ElricEdward"],"picked":"animator:RoyMustang","floor":18},{"not_picked":["animator:Elsword","animator:Shinoa","animator:Vanir","animator:MumenRider","animator:ElricEdward"],"picked":"SKIP","floor":22},{"not_picked":["animator:MamiTomoe+1","animator:Lu","animator:Benimaru","animator:Father","animator:Millim+1"],"picked":"SKIP","floor":24},{"not_picked":["animator:RoryMercury","animator:Priestess","animator:Pride","animator:Illya+1"],"picked":"animator:YachiyoNanami","floor":28}],"player_experience":695578,"relics_obtained":[{"floor":1.0,"key":"SynthV:TestCard"},{"floor":2.0,"key":"Vajra"},{"floor":9.0,"key":"Replay:Wax Seal"},{"floor":14.0,"key":"Lizard Tail"},{"floor":20,"key":"qcfpunch:Black_Training_Shirt"},{"floor":24,"key":"Red Skull"},{"floor":25,"key":"Juzu Bracelet"},{"floor":26,"key":"Happy Flower"}],"event_choices":[{"damage_healed":0.0,"max_hp_gain":0.0,"max_hp_loss":0.0,"gold_gain":0.0,"event_name":"Wheel of Change","player_choice":"Cursed","floor":13.0,"gold_loss":0.0,"damage_taken":0.0,"cards_obtained":["Decay"]},{"damage_healed":0,"gold_gain":2,"player_choice":"2","damage_taken":0,"max_hp_gain":0,"max_hp_loss":14,"event_name":"betterStone:BetterStone","floor":21,"gold_loss":0}],"is_beta":false,"boss_relics":[{"not_picked":["hubris:TerracottaHorce","BloodWine","GreenFoldingFan"]}],"items_purged_floors":[7],"is_endless":false,"potions_floor_spawned":[1,12,14,16,18,24],"ascension_level":2}}