{"host":"5gc11emcm5chfr5t","time":1611528760,"event":{"mods":["2.2 Compatiblity","AchievementEnabler","BaseMod","Bestiary","Better Note","Colored Map","Colored Powertips","Downfall","Googly Eyes","Minty Spire (QoL Compilation)","Rare Cards Sparkle","StSLib"],"gold_per_floor":[99,99,399,0,50,80,80,230,258,258,58,76,94,125,142,220,220,220,232,232,232,232],"floor_reached":20,"language":"ENG","playtime":965,"items_purged":[],"score":506,"play_id":"1c5647b4-6ef2-426b-8ae1-28d21b9e7991","local_time":"20210124175240","is_ascension_mode":true,"campfire_choices":[{"floor":1,"key":"RECALL"},{"data":"sneckomod:PureSnecko","floor":11,"key":"SMITH"},{"data":"expansioncontent:QuickStudy","floor":18,"key":"SMITH"}],"circlet_count":0,"master_deck":["AscendersBane","sneckomod:Strike","sneckomod:Strike","sneckomod:Strike","sneckomod:Defend","sneckomod:Defend","sneckomod:Defend+1","sneckomod:TailWhip","sneckomod:SnekBite","sneckomod:Unknown","sneckomod:Unknown","downfall:Icky","downfall:Icky","downfall:Icky","sneckomod:SlitherStrike","sneckomod:UnknownRareAttack","sneckomod:UnknownRareSkill","sneckomod:UnknownRarePower","expansioncontent:QuickStudy+1","sneckomod:PureSnecko+1","Doubt","sneckomod:UnknownVulnerable","sneckomod:UnknownWeak","sneckomod:ImprovisedAttack","sneckomod:QuickBite","sneckomod:Unknown3Cost","sneckomod:ImprovisedGuard"],"relics":["sneckomod:SneckoSoul","downfall:HeartsMalice","sneckomod:RareBoosterPack","Omamori","downfall:HeartBlessingRed","downfall:HeartBlessingBlue","Dream Catcher","Snecko Eye"],"acts_visited":["Exordium","TheCity"],"potions_floor_usage":[12,16,16,20,20],"damage_taken":[{"damage":0,"enemies":"2 Louse","floor":2,"turns":1},{"damage":0,"enemies":"downfall:FleeingMerchant","floor":4,"turns":1},{"damage":0,"enemies":"Gremlin Nob","floor":9,"turns":1},{"damage":5,"enemies":"Jaw Worm","floor":12,"turns":2},{"damage":4,"enemies":"Small Slimes","floor":13,"turns":3},{"damage":3,"enemies":"Lagavulin","floor":14,"turns":6},{"damage":15,"enemies":"Red Slaver","floor":15,"turns":3},{"damage":46,"enemies":"IC_STATUS_ARCHETYPE","floor":16,"turns":9},{"damage":16,"enemies":"Shell Parasite","floor":19,"turns":3},{"damage":74,"enemies":"Colosseum Nobs","floor":20,"turns":3}],"seed_played":"1639312445790833307","potions_obtained":[{"floor":9,"key":"Slimebound:ThreeZeroPotion"},{"floor":12,"key":"EssenceOfSteel"},{"floor":13,"key":"SteroidPotion"},{"floor":16,"key":"PowerPotion"},{"floor":19,"key":"PowerPotion"}],"is_trial":false,"path_per_floor":["R","M","?","$","?","?","T","?","E","?","R","M","M","E","M","B",null,"R","M","?"],"character_chosen":"THE_SNECKO","items_purchased":["sneckomod:RareBoosterPack","expansioncontent:QuickStudy","sneckomod:PureSnecko"],"campfire_rested":0,"item_purchase_floors":[4,4,4],"current_hp_per_floor":[75,75,75,75,75,75,75,75,75,75,85,83,79,76,61,15,76,76,60,0,0,0],"gold":232,"neow_bonus":"THREE_ENEMY_KILL","is_daily":false,"chose_seed":false,"campfire_upgraded":2,"win_rate":0.0,"timestamp":1611528760,"path_taken":["R","M","?","$","?","?","T","?","E","?","R","?","M","E","M","BOSS","R","M","?"],"items_purchased_type":["Relic","Card","Card"],"build_version":"2020-12-22","purchased_purges":0,"victory":false,"max_hp_per_floor":[83,83,83,83,83,83,83,83,83,83,93,96,96,96,96,96,96,96,96,96,96,96],"card_choices":[{"not_picked":["sneckomod:SoulDraw","sneckomod:DiceCrush","sneckomod:Memorize"],"picked":"SKIP","floor":2},{"not_picked":["sneckomod:UnknownClassGUARDIAN","sneckomod:Unknown2Cost"],"picked":"sneckomod:SlitherStrike","floor":4},{"not_picked":["sneckomod:UnknownClassRED","sneckomod:Nope"],"picked":"sneckomod:UnknownVulnerable","floor":9},{"not_picked":["sneckomod:UnknownCommonSkill","sneckomod:IronFang"],"picked":"sneckomod:UnknownWeak","floor":12},{"not_picked":["sneckomod:IronFang","sneckomod:UnknownDraw"],"picked":"sneckomod:ImprovisedAttack","floor":13},{"not_picked":["sneckomod:UnknownDraw","sneckomod:SoulCleanse"],"picked":"sneckomod:QuickBite","floor":14},{"not_picked":["sneckomod:SoulDraw","sneckomod:UnknownClassTHE_BRONZE_AUTOMATON","sneckomod:UnknownClassTHE_CHAMP_GRAY"],"picked":"SKIP","floor":15},{"not_picked":["sneckomod:DangerNoodle","sneckomod:UnknownBoss"],"picked":"sneckomod:Unknown3Cost","floor":16},{"not_picked":["sneckomod:SnekBeam","sneckomod:UnknownDraw"],"picked":"sneckomod:ImprovisedGuard","floor":19}],"player_experience":568038,"relics_obtained":[{"floor":9,"key":"Omamori"},{"floor":14,"key":"Dream Catcher"}],"event_choices":[],"is_beta":false,"boss_relics":[{"not_picked":["Philosopher\u0027s Stone","Pandora\u0027s Box"],"picked":"Snecko Eye"}],"items_purged_floors":[],"is_endless":false,"potions_floor_spawned":[9,12,13,14,16,19],"killed_by":"Colosseum Nobs","ascension_level":20}}