{"host":"0vd2boh2oi7jm085","time":1611452983,"event":{"mods":["BaseMod","Colored Map","Colored Powertips","Highlight Path","Minty Spire (QoL Compilation)","Quick Restart","StSLib","The IronCluck"],"gold_per_floor":[213,288,288,288,46,64,81,92,92,92,33,33,33,33,33,126,126,140,140,140,55,2,2,2,2,2],"floor_reached":25,"language":"ENG","playtime":352,"items_purged":[],"score":425,"play_id":"0c0b361c-8179-4fff-8f24-006046a27c9f","local_time":"20210123174943","is_ascension_mode":true,"campfire_choices":[{"floor":10.0,"key":"REST"},{"floor":13.0,"key":"REST"},{"data":"1","floor":15.0,"key":"LIFT"},{"floor":24,"key":"REST"}],"circlet_count":0,"master_deck":["AscendersBane","Defend_R","Defend_R","Defend_R","Defend_R","Bash","Seeing Red","Limit Break","Inflame","Cleave","Heavy Blade","Flex","Reaper","Bite","Bite","Bite","Bite","Bite"],"relics":["Burning Blood","Girya","Golden Idol","Runic Pyramid","Kunai","StoneCalendar","White Beast Statue"],"acts_visited":["Exordium","TheCity"],"potions_floor_usage":[18,23],"damage_taken":[{"damage":3.0,"enemies":"2 Louse","floor":1.0,"turns":2.0},{"damage":9.0,"enemies":"Jaw Worm","floor":6.0,"turns":4.0},{"damage":1.0,"enemies":"Cultist","floor":7.0,"turns":3.0},{"damage":18.0,"enemies":"Red Slaver","floor":8.0,"turns":3.0},{"damage":44.0,"enemies":"Hexaghost","floor":16.0,"turns":7.0},{"damage":53,"enemies":"Shell Parasite","floor":18,"turns":6},{"damage":0,"enemies":"Slavers","floor":23,"turns":1},{"damage":43,"enemies":"Gremlin Leader","floor":25,"turns":2}],"seed_played":"-2459397284180985098","potions_obtained":[{"floor":1.0,"key":"Fire Potion"},{"floor":7.0,"key":"SteroidPotion"},{"floor":8.0,"key":"BloodPotion"},{"floor":16.0,"key":"Energy Potion"},{"floor":18,"key":"SmokeBomb"}],"is_trial":false,"path_per_floor":["M","?","?","?","$","M","M","M","T","R","$","?","R","$","R","B",null,"M","?","T","?","?","E","R","E"],"character_chosen":"IRONCLAD","items_purchased":["Limit Break","Inflame","Cleave","Flex"],"campfire_rested":3,"item_purchase_floors":[5,5,5,11],"current_hp_per_floor":[71,60,60,56,56,53,58,46,46,68,68,42,64,64,64,41,67,20,20,20,20,20,26,41,0,0],"gold":2,"neow_bonus":"HUNDRED_GOLD","is_daily":false,"chose_seed":false,"campfire_upgraded":0,"win_rate":0.0,"timestamp":1611452983,"path_taken":["M","?","?","?","$","?","M","M","T","R","?","?","R","$","R","BOSS","M","?","?","?","?","E","R","E"],"items_purchased_type":["Card","Card","Card","Card"],"build_version":"2020-12-22","purchased_purges":0,"victory":false,"max_hp_per_floor":[75,75,75,75,75,75,75,75,75,75,75,75,75,75,75,75,75,75,52,52,52,52,52,52,52,52],"card_choices":[{"not_picked":["Burning Pact","Headbutt"],"picked":"Seeing Red","floor":1.0},{"not_picked":["Hemokinesis","Headbutt","Armaments"],"picked":"SKIP","floor":6.0},{"not_picked":["Burning Pact","Power Through","Perfected Strike"],"picked":"SKIP","floor":7.0},{"not_picked":["Flame Barrier","Fire Breathing"],"picked":"Heavy Blade","floor":8.0},{"not_picked":["Berserk","Offering"],"picked":"Reaper","floor":16.0},{"not_picked":["Wild Strike","Metallicize","Combust+1"],"picked":"SKIP","floor":18}],"player_experience":110850,"relics_obtained":[{"floor":9.0,"key":"Girya"},{"floor":20,"key":"Kunai"}],"event_choices":[{"damage_healed":0.0,"max_hp_gain":0.0,"max_hp_loss":0.0,"gold_gain":75.0,"event_name":"World of Goop","player_choice":"Gather Gold","floor":2.0,"gold_loss":0.0,"damage_taken":11.0},{"damage_healed":0.0,"max_hp_gain":0.0,"max_hp_loss":0.0,"gold_gain":0.0,"event_name":"Golden Wing","player_choice":"Ignored","floor":3.0,"gold_loss":0.0,"damage_taken":0.0},{"damage_healed":0.0,"max_hp_gain":0.0,"max_hp_loss":0.0,"gold_gain":0.0,"event_name":"The Woman in Blue","player_choice":"Bought 0 Potions","floor":4.0,"gold_loss":0.0,"damage_taken":0.0},{"damage_healed":0.0,"max_hp_gain":0.0,"max_hp_loss":0.0,"gold_gain":0.0,"event_name":"Golden Idol","player_choice":"Take Damage","floor":12.0,"gold_loss":0.0,"damage_taken":26.0,"relics_obtained":["Golden Idol"]},{"damage_healed":0,"gold_gain":0,"player_choice":"Became a vampire","damage_taken":0,"max_hp_gain":0,"max_hp_loss":23,"event_name":"Vampires","floor":19,"gold_loss":0,"cards_obtained":["Bite","Bite","Bite","Bite","Bite"]},{"damage_healed":0,"gold_gain":0,"player_choice":"Obtained Relic","damage_taken":0,"relics_obtained":["StoneCalendar"],"max_hp_gain":0,"max_hp_loss":0,"event_name":"Addict","floor":21,"gold_loss":85},{"damage_healed":0,"gold_gain":0,"player_choice":"Paid Gold","damage_taken":0,"relics_obtained":["White Beast Statue"],"max_hp_gain":0,"max_hp_loss":0,"event_name":"WeMeetAgain","floor":22,"gold_loss":53}],"is_beta":false,"boss_relics":[{"not_picked":["Coffee Dripper","Runic Cube"],"picked":"Runic Pyramid"}],"items_purged_floors":[],"is_endless":false,"potions_floor_spawned":[1,7,8,16,18,23],"killed_by":"Gremlin Leader","ascension_level":19}}