{"host":"jjgyg020kc87m30c","time":1611490535,"event":{"mods":["BaseMod","Colored Map","Minty Spire (QoL Compilation)","Permanent Neow"],"gold_per_floor":[119,294,219,219,239,239,103,146,173,173,214,232,257,273,273,397,397,386,400,275,200,200,232,242,268,342,369,384,159,178,190,190,291,291,302,302,315,315,315],"floor_reached":38,"language":"ENG","playtime":2767,"items_purged":["Strike_R","Doubt","Strike_R","Strike_R"],"score":495,"play_id":"1b38db75-aa67-45d6-8e9a-fbe248c133d5","local_time":"20210124211535","is_ascension_mode":true,"campfire_choices":[{"data":"Body Slam","floor":6,"key":"SMITH"},{"data":"Entrench","floor":10,"key":"SMITH"},{"data":"Armaments","floor":15,"key":"SMITH"},{"data":"Metallicize","floor":32,"key":"SMITH"}],"circlet_count":0,"master_deck":["Defend_R","Defend_R","Defend_R","Defend_R","Body Slam+1","Armaments+1","Metallicize","Entrench+1","Shrug It Off","Shrug It Off","Ghostly Armor","Body Slam","Warcry","Metallicize+1","Battle Trance","Flame Barrier","Barricade"],"relics":["Burning Blood","Bloody Idol","Matryoshka","Blood Vial","Toy Ornithopter","Torii","Sozu","Happy Flower","Sundial","PreservedInsect","HornCleat","Shuriken","Empty Cage"],"acts_visited":["Exordium","TheCity","TheBeyond"],"potions_floor_usage":[16,16],"damage_taken":[{"damage":6,"enemies":"Jaw Worm","floor":1,"turns":6},{"damage":1,"enemies":"2 Louse","floor":5,"turns":4},{"damage":22,"enemies":"Lagavulin","floor":8,"turns":9},{"damage":25,"enemies":"Gremlin Nob","floor":11,"turns":5},{"damage":0,"enemies":"Cultist","floor":12,"turns":3},{"damage":1,"enemies":"Looter","floor":13,"turns":3},{"damage":0,"enemies":"2 Fungi Beasts","floor":14,"turns":5},{"damage":23,"enemies":"Hexaghost","floor":16,"turns":18},{"damage":0,"enemies":"2 Thieves","floor":18,"turns":4},{"damage":1,"enemies":"Shell Parasite","floor":19,"turns":9},{"damage":6,"enemies":"Book of Stabbing","floor":23,"turns":9},{"damage":0,"enemies":"3 Cultists","floor":24,"turns":7},{"damage":24,"enemies":"Gremlin Leader","floor":25,"turns":6},{"damage":11,"enemies":"Slavers","floor":27,"turns":8},{"damage":8,"enemies":"Snake Plant","floor":28,"turns":5},{"damage":1,"enemies":"Cultist and Chosen","floor":30,"turns":9},{"damage":0,"enemies":"3 Cultists","floor":31,"turns":6},{"damage":9,"enemies":"Automaton","floor":33,"turns":9},{"damage":0,"enemies":"Orb Walker","floor":35,"turns":5},{"damage":0,"enemies":"3 Darklings","floor":37,"turns":7},{"damage":80,"enemies":"2 Orb Walkers","floor":38,"turns":10}],"seed_played":"-1326132852812147034","potions_obtained":[{"floor":11,"key":"Energy Potion"},{"floor":13,"key":"Block Potion"}],"is_trial":false,"path_per_floor":["M","?","$","?","M","R","$","E","T","R","E","M","M","M","R","B",null,"M","M","$","?","?","E","M","E","T","E","M","$","M","M","R","B",null,"M","?","M","?"],"character_chosen":"IRONCLAD","items_purchased":["Metallicize","Battle Trance"],"campfire_rested":0,"item_purchase_floors":[7,29],"current_hp_per_floor":[80,80,80,60,65,65,65,49,49,49,32,40,47,55,55,50,80,80,80,80,80,80,80,80,67,72,74,79,79,80,80,80,80,80,80,80,80,0,0],"gold":315,"neow_bonus":"THREE_CARDS","is_daily":false,"chose_seed":false,"campfire_upgraded":4,"win_rate":0.0,"timestamp":1611490535,"path_taken":["M","?","$","?","M","R","?","E","T","R","E","M","?","M","R","BOSS","M","M","$","?","?","E","M","E","T","E","M","?","M","M","R","BOSS","M","?","?","?"],"items_purchased_type":["Card","Card"],"build_version":"2020-12-22","purchased_purges":4,"victory":false,"max_hp_per_floor":[80,80,80,80,80,80,80,80,80,80,80,80,80,80,80,80,80,80,80,80,80,80,80,80,80,80,80,80,80,80,80,80,80,80,80,80,80,80,80],"card_choices":[{"not_picked":["Warcry","Shrug It Off"],"picked":"Body Slam","floor":0},{"not_picked":["Iron Wave","Warcry"],"picked":"Armaments","floor":1},{"not_picked":["Cleave","Twin Strike","Armaments"],"picked":"SKIP","floor":5},{"not_picked":["Infernal Blade","Clothesline"],"picked":"Entrench","floor":8},{"not_picked":["True Grit","Cleave"],"picked":"Shrug It Off","floor":11},{"not_picked":["Headbutt","Clash"],"picked":"Shrug It Off","floor":12},{"not_picked":["Bludgeon","Combust"],"picked":"Ghostly Armor","floor":13},{"not_picked":["Rupture","Sword Boomerang","True Grit"],"picked":"SKIP","floor":14},{"not_picked":["Iron Wave","Hemokinesis+1","Infernal Blade"],"picked":"SKIP","floor":18},{"not_picked":["Clash","Flex"],"picked":"Body Slam","floor":19},{"not_picked":["Sword Boomerang","Bloodletting+1","Heavy Blade+1"],"picked":"SKIP","floor":23},{"not_picked":["Anger","Perfected Strike"],"picked":"Warcry","floor":24},{"not_picked":["Shrug It Off","Shockwave"],"picked":"Metallicize","floor":25},{"not_picked":["Flex","Rage+1","Hemokinesis"],"picked":"SKIP","floor":27},{"not_picked":["Flex","Rage+1","Hemokinesis"],"picked":"SKIP","floor":27},{"not_picked":["Feel No Pain+1","Iron Wave","Dropkick+1"],"picked":"SKIP","floor":28},{"not_picked":["Thunderclap","Battle Trance"],"picked":"Flame Barrier","floor":30},{"not_picked":["Bludgeon","Twin Strike","Searing Blow"],"picked":"SKIP","floor":31},{"not_picked":["Reaper","Limit Break"],"picked":"Barricade","floor":33},{"not_picked":["Perfected Strike+1","Sword Boomerang+1","Disarm+1"],"picked":"SKIP","floor":35},{"not_picked":["Infernal Blade+1","Headbutt","Spot Weakness"],"picked":"SKIP","floor":37}],"player_experience":27904,"relics_obtained":[{"floor":8,"key":"Matryoshka"},{"floor":9,"key":"Blood Vial"},{"floor":9,"key":"Toy Ornithopter"},{"floor":11,"key":"Torii"},{"floor":23,"key":"Happy Flower"},{"floor":25,"key":"Sundial"},{"floor":26,"key":"PreservedInsect"},{"floor":26,"key":"HornCleat"},{"floor":27,"key":"Shuriken"}],"event_choices":[{"damage_healed":0,"gold_gain":175,"player_choice":"AGREE","damage_taken":0,"max_hp_gain":0,"max_hp_loss":0,"event_name":"Liars Game","floor":2,"gold_loss":0,"cards_obtained":["Doubt"]},{"damage_healed":0,"gold_gain":0,"player_choice":"Take Damage","damage_taken":20,"relics_obtained":["Golden Idol"],"max_hp_gain":0,"max_hp_loss":0,"event_name":"Golden Idol","floor":4,"gold_loss":0},{"cards_removed":["Strike_R"],"damage_healed":0,"gold_gain":0,"player_choice":"Gave Gold","damage_taken":0,"max_hp_gain":0,"max_hp_loss":0,"event_name":"Beggar","floor":21,"gold_loss":75},{"damage_healed":0,"gold_gain":0,"player_choice":"Gave Idol","damage_taken":0,"relics_obtained":["Bloody Idol"],"max_hp_gain":0,"max_hp_loss":0,"event_name":"Forgotten Altar","floor":22,"relics_lost":["Golden Idol"],"gold_loss":0},{"damage_healed":0,"gold_gain":0,"player_choice":"Bought 0 Potions","damage_taken":0,"max_hp_gain":0,"max_hp_loss":0,"event_name":"The Woman in Blue","floor":36,"gold_loss":0},{"damage_healed":0,"gold_gain":0,"player_choice":"Fight","damage_taken":0,"max_hp_gain":0,"max_hp_loss":0,"event_name":"Mysterious Sphere","floor":38,"gold_loss":0}],"is_beta":false,"boss_relics":[{"not_picked":["Fusion Hammer","Velvet Choker"],"picked":"Sozu"},{"not_picked":["Mark of Pain","Astrolabe"],"picked":"Empty Cage"}],"items_purged_floors":[3,7,20,29],"is_endless":false,"potions_floor_spawned":[11,13,24,30,31],"killed_by":"2 Orb Walkers","ascension_level":1}}