{"host":"aqym1xxr3lb31d9m","time":1611466129,"event":{"mods":["BaseMod","Block Reminder","Colored Map","Colored Powertips","DeckTracker","Highlight Path","Minty Spire (QoL Compilation)","Quick Restart","Random Character Button","StSLib","SuperFastMode","UnlockEverythingMod"],"gold_per_floor":[117,267,286,286,286,313,329,329,355,366,382,382,382,398,398,398,398],"floor_reached":16,"language":"JPN","playtime":368,"items_purged":[],"score":254,"play_id":"5ac4e4f5-8e51-4411-99e6-097d4a9f5486","local_time":"20210124142849","is_ascension_mode":true,"campfire_choices":[{"data":"Zap","floor":8,"key":"SMITH"},{"data":"FTL","floor":12,"key":"SMITH"},{"data":"Static Discharge","floor":15,"key":"SMITH"}],"circlet_count":0,"master_deck":["AscendersBane","Strike_B","Strike_B","Strike_B","Strike_B","Defend_B","Defend_B","Defend_B","Defend_B","Zap+1","Dualcast","Streamline+1","Doubt","FTL+1","Genetic Algorithm","Hello World","Self Repair","Static Discharge+1"],"relics":["Cracked Core","NeowsBlessing","Mummified Hand","Tiny Chest","PreservedInsect"],"acts_visited":["Exordium"],"potions_floor_usage":[11,16,16],"damage_taken":[{"damage":0,"enemies":"Small Slimes","floor":1,"turns":1},{"damage":0,"enemies":"2 Louse","floor":3,"turns":1},{"damage":0,"enemies":"Lagavulin","floor":6,"turns":1},{"damage":5,"enemies":"Jaw Worm","floor":7,"turns":2},{"damage":9,"enemies":"Exordium Wildlife","floor":10,"turns":2},{"damage":10,"enemies":"2 Fungi Beasts","floor":11,"turns":3},{"damage":18,"enemies":"Red Slaver","floor":14,"turns":3},{"damage":29,"enemies":"The Guardian","floor":16,"turns":9}],"seed_played":"-8439360080828997547","potions_obtained":[{"floor":6,"key":"EssenceOfDarkness"},{"floor":10,"key":"Explosive Potion"},{"floor":11,"key":"Weak Potion"}],"is_trial":false,"path_per_floor":["M","?","M","?","T","E","M","R","T","M","M","R","?","M","R","B"],"character_chosen":"DEFECT","items_purchased":[],"campfire_rested":0,"item_purchase_floors":[],"current_hp_per_floor":[64,64,64,64,64,64,59,59,59,50,40,40,40,29,29,0,0],"gold":398,"neow_bonus":"THREE_ENEMY_KILL","is_daily":false,"chose_seed":false,"campfire_upgraded":3,"win_rate":0.0,"timestamp":1611466129,"path_taken":["M","?","M","?","?","E","M","R","T","?","M","R","?","M","R","BOSS"],"items_purchased_type":[],"build_version":"2020-12-22","purchased_purges":0,"victory":false,"max_hp_per_floor":[71,71,71,71,71,71,71,71,71,71,71,71,71,71,71,71,71],"card_choices":[{"not_picked":["Blizzard","Coolheaded"],"picked":"Streamline","floor":1},{"not_picked":["Coolheaded","Beam Cell"],"picked":"FTL","floor":3},{"not_picked":["Turbo","Self Repair"],"picked":"Conserve Battery","floor":6},{"not_picked":["Aggregate","Scrape"],"picked":"Genetic Algorithm","floor":7},{"not_picked":["Redo","Ball Lightning"],"picked":"Hello World","floor":10},{"not_picked":["Doom and Gloom","Cold Snap"],"picked":"Self Repair","floor":11},{"not_picked":["Go for the Eyes","Leap"],"picked":"Static Discharge","floor":14}],"player_experience":4005246,"relics_obtained":[{"floor":6,"key":"Mummified Hand"},{"floor":9,"key":"Tiny Chest"}],"event_choices":[{"damage_healed":0,"gold_gain":150,"player_choice":"AGREE","damage_taken":0,"max_hp_gain":0,"max_hp_loss":0,"event_name":"Liars Game","floor":2,"gold_loss":0,"cards_obtained":["Doubt"]},{"damage_healed":0,"gold_gain":0,"player_choice":"Grow","damage_taken":0,"max_hp_gain":0,"max_hp_loss":0,"event_name":"Living Wall","floor":4,"gold_loss":0,"cards_upgraded":["Streamline"]},{"cards_removed":["Conserve Battery"],"damage_healed":0,"gold_gain":0,"player_choice":"Gave Card","damage_taken":0,"relics_obtained":["PreservedInsect"],"max_hp_gain":0,"max_hp_loss":0,"event_name":"WeMeetAgain","floor":13,"gold_loss":0}],"is_beta":false,"boss_relics":[],"items_purged_floors":[],"is_endless":false,"potions_floor_spawned":[6,10,11],"killed_by":"The Guardian","ascension_level":20}}