{"host":"k85tjwrh7mjrrc9a","time":1611514003,"event":{"mods":["AchievementEnabler","BaseMod","Colored Powertips","Highlight Path","Minty Spire (QoL Compilation)","Rare Cards Sparkle","StSLib"],"gold_per_floor":[113,42,59,59,69,69,87,116,116,116,151,151,116,116,116,187,187,201,19,34,52,52,52,80,80,80,80,90,102,137,63,63,140,140,157,168,168,168,188,188,188,188,188,208,208,226,79,95,95,95],"floor_reached":51,"language":"ENG","playtime":3104,"items_purged":["Shame"],"score":1089,"play_id":"bbfa04ac-2a84-46f6-a071-f17c2a26d9bb","local_time":"20210124134643","is_ascension_mode":true,"campfire_choices":[{"data":"Armaments","floor":6.0,"key":"SMITH"},{"floor":10.0,"key":"REST"},{"data":"True Grit","floor":12.0,"key":"SMITH"},{"data":"Shockwave","floor":15.0,"key":"SMITH"},{"data":"Apotheosis","floor":23,"key":"SMITH"},{"data":"Pommel Strike","floor":27,"key":"SMITH"},{"data":"Battle Trance","floor":32,"key":"SMITH"},{"data":"Evolve","floor":40,"key":"SMITH"},{"data":"Flame Barrier","floor":42,"key":"SMITH"},{"data":"Finesse","floor":45,"key":"SMITH"},{"data":"True Grit","floor":49,"key":"SMITH"}],"circlet_count":0,"master_deck":["AscendersBane","Strike_R","Strike_R","Strike_R","Strike_R","Defend_R","Defend_R","Defend_R","Defend_R","Bash","Thunderclap","True Grit+1","Shockwave+1","Armaments+1","Iron Wave","Flame Barrier+1","Pommel Strike+1","Barricade+1","Apotheosis+1","True Grit+1","Evolve+1","Ghostly Armor","Battle Trance+1","Dark Shackles","Brutality","Finesse+1","Swift Strike"],"relics":["Burning Blood","StrikeDummy","Mummified Hand","Self Forming Clay","Busted Crown","Shuriken","Strawberry","MealTicket","Cursed Key","Anchor"],"acts_visited":["Exordium","TheCity","TheBeyond"],"potions_floor_usage":[18,24,30,30,39,50,50],"damage_taken":[{"damage":6.0,"enemies":"Cultist","floor":1.0,"turns":3.0},{"damage":7.0,"enemies":"Jaw Worm","floor":3.0,"turns":4.0},{"damage":9.0,"enemies":"2 Louse","floor":5.0,"turns":3.0},{"damage":27.0,"enemies":"Exordium Wildlife","floor":7.0,"turns":7.0},{"damage":27.0,"enemies":"Lagavulin","floor":8.0,"turns":10.0},{"damage":18.0,"enemies":"3 Sentries","floor":11.0,"turns":7.0},{"damage":38,"enemies":"Slime Boss","floor":16,"turns":11},{"damage":25,"enemies":"Spheric Guardian","floor":18,"turns":6},{"damage":0,"enemies":"Shell Parasite","floor":20,"turns":4},{"damage":12,"enemies":"Snake Plant","floor":21,"turns":5},{"damage":12,"enemies":"Gremlin Leader","floor":24,"turns":9},{"damage":16,"enemies":"Sentry and Sphere","floor":28,"turns":7},{"damage":4,"enemies":"Centurion and Healer","floor":29,"turns":7},{"damage":23,"enemies":"Slavers","floor":30,"turns":7},{"damage":44,"enemies":"Champ","floor":33,"turns":20},{"damage":0,"enemies":"Orb Walker","floor":35,"turns":4},{"damage":6,"enemies":"3 Shapes","floor":36,"turns":6},{"damage":19,"enemies":"Jaw Worm Horde","floor":39,"turns":5},{"damage":0,"enemies":"Maw","floor":44,"turns":8},{"damage":13,"enemies":"4 Shapes","floor":46,"turns":6},{"damage":13,"enemies":"Sphere and 2 Shapes","floor":48,"turns":8},{"damage":2,"enemies":"Awakened One","floor":50,"turns":14}],"seed_played":"-7190813126470168226","potions_obtained":[{"floor":0.0,"key":"FearPotion"},{"floor":0.0,"key":"Dexterity Potion"},{"floor":5.0,"key":"Weak Potion"},{"floor":8.0,"key":"LiquidBronze"},{"floor":16,"key":"Weak Potion"},{"floor":21,"key":"Weak Potion"},{"floor":24,"key":"SneckoOil"},{"floor":29,"key":"LiquidBronze"},{"floor":33,"key":"Explosive Potion"},{"floor":35,"key":"Regen Potion"},{"floor":36,"key":"Block Potion"},{"floor":48,"key":"CultistPotion"}],"is_trial":false,"path_per_floor":["M","$","M","?","M","R","M","E","T","R","E","R","?","?","R","B",null,"M","$","M","M","?","R","E","?","T","R","M","M","E","$","R","B",null,"M","M","?","$","M","R","?","R","T","M","R","M","$","M","R","B",null],"character_chosen":"IRONCLAD","items_purchased":["Thunderclap","True Grit","Apotheosis","Battle Trance","DuplicationPotion"],"campfire_rested":1,"item_purchase_floors":[2,2,19,31,47],"current_hp_per_floor":[72,72,71,71,68,68,47,26,26,50,38,38,58,51,51,19,65,46,46,52,46,72,72,66,66,73,73,63,65,48,63,63,25,72,78,78,78,87,74,74,64,64,64,70,70,63,78,71,71,75],"gold":95,"neow_bonus":"THREE_SMALL_POTIONS","is_daily":false,"chose_seed":false,"campfire_upgraded":10,"win_rate":0.0,"timestamp":1611514003,"path_taken":["M","$","M","?","M","R","M","E","T","R","E","R","?","?","R","BOSS","M","$","M","M","?","R","E","?","T","R","M","?","E","$","R","BOSS","M","M","?","?","M","R","?","R","T","M","R","M","$","M","R","BOSS"],"items_purchased_type":["Card","Card","Card","Card","Potion"],"build_version":"2020-12-22","purchased_purges":1,"victory":true,"max_hp_per_floor":[80,80,80,80,80,80,80,80,80,80,80,80,80,80,80,80,80,80,80,80,80,80,80,80,80,87,87,87,87,87,87,87,87,87,87,87,87,87,87,87,87,87,87,87,87,87,87,87,87,87],"card_choices":[{"not_picked":["Warcry","Havoc","Power Through"],"picked":"SKIP","floor":1.0},{"not_picked":["Cleave","Havoc"],"picked":"Shockwave","floor":3.0},{"not_picked":["Dropkick","Seeing Red"],"picked":"Armaments","floor":5.0},{"not_picked":["Armaments","Havoc"],"picked":"Iron Wave","floor":7.0},{"not_picked":["Second Wind","Anger"],"picked":"Flame Barrier","floor":8.0},{"not_picked":["Double Tap","Combust"],"picked":"Pommel Strike","floor":11.0},{"not_picked":["Juggernaut","Limit Break"],"picked":"Barricade","floor":16},{"not_picked":["Heavy Blade"],"picked":"SKIP","floor":18},{"not_picked":[],"picked":"True Grit","floor":20},{"not_picked":["Rupture"],"picked":"SKIP","floor":21},{"not_picked":["Armaments"],"picked":"SKIP","floor":24},{"not_picked":[],"picked":"Evolve","floor":28},{"not_picked":[],"picked":"Ghostly Armor","floor":29},{"not_picked":["Sword Boomerang"],"picked":"SKIP","floor":30},{"not_picked":["Sword Boomerang"],"picked":"SKIP","floor":35},{"not_picked":["Havoc"],"picked":"SKIP","floor":36},{"not_picked":["Warcry"],"picked":"SKIP","floor":39},{"not_picked":[],"picked":"Finesse","floor":41},{"not_picked":[],"picked":"Swift Strike","floor":41},{"not_picked":["Clash"],"picked":"SKIP","floor":44},{"not_picked":["Carnage"],"picked":"SKIP","floor":46},{"not_picked":["Blood for Blood"],"picked":"SKIP","floor":48}],"player_experience":212594,"relics_obtained":[{"floor":8.0,"key":"StrikeDummy"},{"floor":9.0,"key":"Mummified Hand"},{"floor":11.0,"key":"Self Forming Clay"},{"floor":24,"key":"Shuriken"},{"floor":26,"key":"Strawberry"},{"floor":30,"key":"MealTicket"},{"floor":43,"key":"Anchor"}],"event_choices":[{"damage_healed":0.0,"max_hp_gain":0.0,"max_hp_loss":0.0,"gold_gain":0.0,"event_name":"Liars Game","player_choice":"Ignored","floor":4.0,"gold_loss":0.0,"damage_taken":0.0},{"damage_healed":20.0,"max_hp_gain":0.0,"max_hp_loss":0.0,"gold_gain":0.0,"event_name":"The Cleric","player_choice":"Healed","floor":13.0,"gold_loss":35.0,"damage_taken":0.0},{"cards_removed":["Strike_R"],"damage_healed":0.0,"max_hp_gain":0.0,"max_hp_loss":0.0,"gold_gain":0.0,"event_name":"Golden Wing","player_choice":"Card Removal","floor":14.0,"gold_loss":0.0,"damage_taken":7.0},{"damage_healed":26,"gold_gain":0,"player_choice":"Heal","damage_taken":0,"max_hp_gain":0,"max_hp_loss":0,"event_name":"The Library","floor":22,"gold_loss":0},{"damage_healed":0,"gold_gain":0,"player_choice":"Forge","damage_taken":0,"max_hp_gain":0,"max_hp_loss":0,"event_name":"Accursed Blacksmith","floor":25,"gold_loss":0,"cards_upgraded":["Barricade"]},{"damage_healed":0,"gold_gain":0,"player_choice":"2 cards matched","damage_taken":0,"max_hp_gain":0,"max_hp_loss":0,"event_name":"Match and Keep!","floor":37,"gold_loss":0,"cards_obtained":["Dark Shackles","Brutality"]},{"damage_healed":0,"gold_gain":0,"player_choice":"Memory 3","damage_taken":10,"max_hp_gain":0,"max_hp_loss":0,"event_name":"SensoryStone","floor":41,"gold_loss":0}],"is_beta":false,"boss_relics":[{"not_picked":["Pandora\u0027s Box","Runic Cube"],"picked":"Busted Crown"},{"not_picked":["Philosopher\u0027s Stone","Black Blood"],"picked":"Cursed Key"}],"items_purged_floors":[47],"is_endless":false,"potions_floor_spawned":[1,5,8,16,21,24,29,33,35,36,48],"ascension_level":13}}