{"host":"qekv59dthhdg54sz","time":1611495956,"event":{"mods":["AchievementEnabler","BaseMod","Colored Map","DeckTracker","KOR Keyword Fix","Minty Spire (QoL Compilation)","Rare Cards Sparkle","StSLib","SuperFastMode"],"gold_per_floor":[14,28,28,44,44,44,44],"floor_reached":6,"language":"KOR","playtime":127,"items_purged":[],"score":72,"play_id":"bf66c53d-4b67-417b-81b3-79f8884a6d6d","local_time":"20210124224556","is_ascension_mode":true,"campfire_choices":[],"circlet_count":0,"master_deck":["AscendersBane","Strike_G","Strike_G","Strike_G","Strike_G","Defend_G","Defend_G","Defend_G","Defend_G","Defend_G","Survivor","Neutralize","Burst","Acrobatics","Reflex"],"relics":["Ring of the Snake","SsserpentHead"],"acts_visited":["Exordium"],"potions_floor_usage":[],"damage_taken":[{"damage":11,"enemies":"Jaw Worm","floor":1,"turns":7},{"damage":3,"enemies":"Small Slimes","floor":2,"turns":5},{"damage":19,"enemies":"Cultist","floor":4,"turns":6},{"damage":0,"enemies":"3 Sentries","floor":6,"turns":1}],"seed_played":"-3310691079952626857","potions_obtained":[{"floor":2,"key":"SpeedPotion"}],"is_trial":false,"path_per_floor":["M","M","?","M","?","E"],"character_chosen":"THE_SILENT","items_purchased":[],"campfire_rested":0,"item_purchase_floors":[],"current_hp_per_floor":[48,45,45,26,26,26,26],"gold":44,"neow_bonus":"THREE_RARE_CARDS","is_daily":false,"chose_seed":false,"campfire_upgraded":0,"win_rate":0.0,"timestamp":1611495956,"path_taken":["M","M","?","M","?","E"],"items_purchased_type":[],"build_version":"2020-12-22","purchased_purges":0,"victory":false,"max_hp_per_floor":[66,66,66,66,66,66,66],"card_choices":[{"not_picked":["Adrenaline","Tools of the Trade"],"picked":"Burst","floor":0},{"not_picked":["Distraction","Deadly Poison"],"picked":"Acrobatics","floor":1},{"not_picked":["Heel Hook","Riddle With Holes","Outmaneuver"],"picked":"SKIP","floor":2},{"not_picked":["Endless Agony","Concentrate"],"picked":"Reflex","floor":4}],"player_experience":821181,"relics_obtained":[],"event_choices":[{"cards_removed":["Strike_G"],"damage_healed":0,"gold_gain":0,"player_choice":"Forget","damage_taken":0,"max_hp_gain":0,"max_hp_loss":0,"event_name":"Living Wall","floor":3,"gold_loss":0},{"damage_healed":0,"gold_gain":0,"player_choice":"Trade","damage_taken":0,"relics_obtained":["SsserpentHead"],"max_hp_gain":0,"max_hp_loss":0,"event_name":"FaceTrader","floor":5,"gold_loss":0}],"is_beta":false,"boss_relics":[],"items_purged_floors":[],"is_endless":false,"potions_floor_spawned":[2],"killed_by":"3 Sentries","ascension_level":20}}