{"host":"e4hse1vg61zltgzv","time":1611488141,"event":{"mods":["AchievementEnabler","BaseMod","Block Reminder","Colored Map","DeckTracker","GifTheSpireLib","Minty Spire (QoL Compilation)","Rare Cards Sparkle","StSLib","SuperFastMode","The Poker Player","everything is the same but u backflip on backflip"],"gold_per_floor":[114,88,101,101,76,103,118,147,215,232,232,232],"floor_reached":11,"language":"KOR","playtime":173,"items_purged":[],"score":216,"play_id":"000ca585-6e2f-4b8f-ac23-87de7cf15f22","local_time":"20210124203541","is_ascension_mode":true,"campfire_choices":[],"circlet_count":0,"master_deck":["AscendersBane","Strike_B","Strike_B","Strike_B","Defend_B","Defend_B","Defend_B","Defend_B","Zap","Dualcast","Darkness","Ball Lightning","FTL","Rebound","Melter","Creative AI","Conserve Battery","Chill"],"relics":["Cracked Core","NeowsBlessing","Bird Faced Urn","Nunchaku","Sundial"],"acts_visited":["Exordium"],"potions_floor_usage":[8,11],"damage_taken":[{"damage":0.0,"enemies":"Cultist","floor":1.0,"turns":1.0},{"damage":0.0,"enemies":"Jaw Worm","floor":3.0,"turns":1.0},{"damage":0.0,"enemies":"3 Sentries","floor":6.0,"turns":1.0},{"damage":0.0,"enemies":"Small Slimes","floor":7.0,"turns":2.0},{"damage":36,"enemies":"Gremlin Nob","floor":8,"turns":4},{"damage":11,"enemies":"Looter","floor":10,"turns":2},{"damage":13,"enemies":"Lagavulin","floor":11,"turns":4}],"seed_played":"-4553529570355625626","potions_obtained":[{"floor":1.0,"key":"SkillPotion"},{"floor":6.0,"key":"PowerPotion"}],"is_trial":false,"path_per_floor":["M","$","M","?","$","E","M","E","T","M","E"],"character_chosen":"DEFECT","items_purchased":["Ball Lightning","Rebound"],"campfire_rested":0,"item_purchase_floors":[2,5],"current_hp_per_floor":[64,64,64,57,57,57,57,21,21,10,0,0],"gold":232,"neow_bonus":"THREE_ENEMY_KILL","is_daily":false,"chose_seed":false,"campfire_upgraded":0,"win_rate":0.0,"timestamp":1611488141,"path_taken":["M","$","?","?","$","E","M","E","T","M","E"],"items_purchased_type":["Card","Card"],"build_version":"2020-12-22","purchased_purges":0,"victory":false,"max_hp_per_floor":[71,71,71,71,71,71,71,71,71,71,71,71],"card_choices":[{"not_picked":["Coolheaded","Capacitor"],"picked":"Darkness","floor":1.0},{"not_picked":["Beam Cell","Gash"],"picked":"FTL","floor":3.0},{"not_picked":["Cold Snap","Ball Lightning"],"picked":"Melter","floor":6.0},{"not_picked":["Rebound","Steam"],"picked":"Creative AI","floor":7.0},{"not_picked":["Rebound","FTL"],"picked":"Conserve Battery","floor":8},{"not_picked":["Ball Lightning","Melter"],"picked":"Chill","floor":10}],"player_experience":813713,"relics_obtained":[{"floor":6.0,"key":"Bird Faced Urn"},{"floor":8,"key":"Nunchaku"},{"floor":9,"key":"Sundial"}],"event_choices":[{"cards_removed":["Strike_B"],"damage_healed":0.0,"max_hp_gain":0.0,"max_hp_loss":0.0,"gold_gain":0.0,"event_name":"Golden Wing","player_choice":"Card Removal","floor":4.0,"gold_loss":0.0,"damage_taken":7.0}],"is_beta":false,"boss_relics":[],"items_purged_floors":[],"is_endless":false,"potions_floor_spawned":[1,6],"killed_by":"Lagavulin","ascension_level":20}}