{"host":"d7fiu2yjkssjxoz6","time":1611470378,"event":{"mods":["AchievementEnabler","BaseMod","Duelist Mod","Minty Spire (QoL Compilation)","StSLib"],"gold_per_floor":[145,145,95,105,105,105,139,139,139,155,180,195,205,224,224,327,327,345,357,376,389,404,404,404],"floor_reached":23,"language":"ENG","playtime":1655,"items_purged":[],"score":367,"play_id":"d94117e2-0da0-49ea-9374-32502f909f2d","local_time":"20210123223938","is_ascension_mode":true,"campfire_choices":[{"data":"theDuelist:SuperheavySoulbuster","floor":6.0,"key":"SMITH"},{"data":"theDuelist:CombinationAttack","floor":8.0,"key":"SMITH"},{"data":"theDuelist:Flint","floor":15,"key":"SMITH"}],"circlet_count":0,"master_deck":["theDuelist:CastleWalls","theDuelist:CastleWalls","theDuelist:ColossalFighter","theDuelist:CommandKnight","theDuelist:FeedbackWarrior","theDuelist:FeedbackWarrior","theDuelist:MightyWarrior","theDuelist:Sparks","theDuelist:SuperheavySoulbuster+1","theDuelist:CombinationAttack+1","theDuelist:SuperheavySoulbuster","theDuelist:MeteorDestruction","theDuelist:SuperheavySoulbuster","theDuelist:BullBlader","theDuelist:ScrapFactory","theDuelist:AlphaMagnet","theDuelist:Flint+1","theDuelist:HeartUnderdog","theDuelist:SuperheavyBenkei+1","theDuelist:ChaosSeed+1","theDuelist:SuperheavySoulshield","theDuelist:GoyoKing"],"relics":["theDuelist:MillenniumPuzzle","theDuelist:CardPoolRelic","theDuelist:CardPoolBasicRelic","theDuelist:BoosterPackPoolRelic","theDuelist:CardPoolAddRelic","theDuelist:CardPoolMinusRelic","theDuelist:CardPoolSaveRelic","theDuelist:CardPoolOptionsRelic","Bottled Flame","Self Forming Clay","theDuelist:MillenniumRod","Velvet Choker"],"acts_visited":["Exordium","TheCity"],"potions_floor_usage":[],"damage_taken":[{"damage":2.0,"enemies":"Small Slimes","floor":1.0,"turns":3.0},{"damage":0.0,"enemies":"Cultist","floor":4.0,"turns":3.0},{"damage":32.0,"enemies":"3 Sentries","floor":7.0,"turns":11.0},{"damage":0,"enemies":"2 Louse","floor":10,"turns":2},{"damage":0,"enemies":"Gremlin Nob","floor":11,"turns":3},{"damage":0,"enemies":"Gremlin Gang","floor":12,"turns":3},{"damage":0,"enemies":"2 Fungi Beasts","floor":13,"turns":2},{"damage":0,"enemies":"Looter","floor":14,"turns":1},{"damage":0,"enemies":"Slime Boss","floor":16,"turns":4},{"damage":30,"enemies":"2 Thieves","floor":18,"turns":3},{"damage":6,"enemies":"3 Byrds","floor":19,"turns":4},{"damage":0,"enemies":"Centurion and Healer","floor":20,"turns":4},{"damage":24,"enemies":"Chosen and Byrds","floor":21,"turns":5},{"damage":5,"enemies":"Snecko","floor":22,"turns":4},{"damage":4,"enemies":"Slavers","floor":23,"turns":1}],"seed_played":"-749915471933834145","potions_obtained":[{"floor":1.0,"key":"theDuelist:SteelBrew"},{"floor":7.0,"key":"theDuelist:TributeBottle"},{"floor":13,"key":"Swift Potion"}],"is_trial":false,"path_per_floor":["M","?","?","M","?","R","E","R","T","M","E","M","M","M","R","B",null,"M","M","M","M","M","E"],"character_chosen":"THE_DUELIST","items_purchased":[],"campfire_rested":0,"item_purchase_floors":[],"current_hp_per_floor":[78,78,78,78,86,86,54,54,54,54,54,54,54,54,54,54,68,38,32,32,8,3,0,0],"gold":404,"neow_bonus":"TEN_PERCENT_HP_BONUS","is_daily":false,"chose_seed":false,"campfire_upgraded":3,"win_rate":0.0,"timestamp":1611470378,"path_taken":["M","?","?","M","?","R","E","R","T","M","E","M","M","M","R","BOSS","M","M","M","M","M","E"],"items_purchased_type":[],"build_version":"2020-12-22","purchased_purges":0,"victory":false,"max_hp_per_floor":[88,88,88,86,86,86,84,84,84,82,80,78,76,74,74,72,72,70,68,66,64,62,62,62],"card_choices":[{"not_picked":["theDuelist:AssaultArmor","theDuelist:LegendaryBlackBelt","theDuelist:DarkBurningAttack","theDuelist:CubicWave"],"picked":"theDuelist:CombinationAttack","floor":1.0},{"not_picked":["theDuelist:ColossalFighter","theDuelist:BladeKnight","theDuelist:SuperheavyOgre","theDuelist:GoyoChaser"],"picked":"theDuelist:SuperheavySoulbuster","floor":4.0},{"not_picked":["theDuelist:CombinationAttack","theDuelist:DarkBurningAttack","theDuelist:AfterTheStorm","theDuelist:LegendaryBlackBelt"],"picked":"theDuelist:MeteorDestruction","floor":7.0},{"not_picked":["theDuelist:SuperheavyOgre","theDuelist:BattleWarrior","theDuelist:MightyWarrior","theDuelist:RockstoneWarrior"],"picked":"theDuelist:SuperheavySoulbuster","floor":10},{"not_picked":["theDuelist:BladeKnight","theDuelist:SuperheavyMagnet","theDuelist:SuperheavySoulhorns","theDuelist:ArmorBreaker"],"picked":"theDuelist:BullBlader","floor":11},{"not_picked":["theDuelist:FeedbackWarrior","theDuelist:ArmorBreaker","theDuelist:DarkCrusader","theDuelist:DustKnight"],"picked":"theDuelist:ScrapFactory","floor":12},{"not_picked":["theDuelist:AfterGenocide","theDuelist:ValkMagnet","theDuelist:GauntletWarrior","theDuelist:EulerCircuit"],"picked":"theDuelist:AlphaMagnet","floor":13},{"not_picked":["theDuelist:SuperheavySoulshield","theDuelist:CubicKarma","theDuelist:ElectromagneticShield"],"picked":"theDuelist:Flint","floor":14},{"not_picked":["theDuelist:BladeArmorNinja","theDuelist:LightningBlade","theDuelist:GoyoEmperor","theDuelist:HerculeanPower"],"picked":"theDuelist:HeartUnderdog","floor":16},{"not_picked":["theDuelist:NinjaGrandmaster","theDuelist:DawnKnight","theDuelist:SuperheavyFlutist","theDuelist:SuperheavyScales"],"picked":"theDuelist:SuperheavyBenkei+1","floor":18},{"not_picked":["theDuelist:CombinationAttack+1","theDuelist:LegendarySword+1","theDuelist:LightningBlade+1","theDuelist:SphereKuriboh"],"picked":"theDuelist:ChaosSeed+1","floor":19},{"not_picked":["theDuelist:CommanderSwords+1","theDuelist:CubicKarma","theDuelist:ElectromagneticShield","theDuelist:HeartUnderdog"],"picked":"theDuelist:SuperheavySoulshield","floor":20},{"not_picked":["theDuelist:GauntletWarrior+1","theDuelist:Wiseman","theDuelist:GraniteLoyalist+1","theDuelist:Electrowhip","theDuelist:PurplePainOni"],"picked":"SKIP","floor":21},{"not_picked":["theDuelist:BattleguardRage","theDuelist:BladeArmorNinja","theDuelist:LightningBlade","theDuelist:SwordsConcealing"],"picked":"theDuelist:GoyoKing","floor":22}],"player_experience":251604,"relics_obtained":[{"floor":7.0,"key":"Bottled Flame"},{"floor":9.0,"key":"Self Forming Clay"},{"floor":11,"key":"theDuelist:MillenniumRod"}],"event_choices":[{"damage_healed":0.0,"max_hp_gain":0.0,"max_hp_loss":0.0,"gold_gain":0.0,"event_name":"Egyptian Village","player_choice":"Delta Electro","duelist":true,"floor":2.0,"gold_loss":0.0,"damage_taken":0.0,"cards_obtained":["Delta Electromagnet Warrior"]},{"cards_removed":["theDuelist:Sparks"],"damage_healed":0.0,"max_hp_gain":0.0,"max_hp_loss":0.0,"gold_gain":0.0,"event_name":"The Cleric","player_choice":"Card Removal","floor":3.0,"gold_loss":50.0,"damage_taken":0.0},{"cards_removed":["theDuelist:DeltaMagnet"],"damage_healed":8.0,"max_hp_gain":0.0,"max_hp_loss":0.0,"gold_gain":0.0,"event_name":"Bonfire Elementals","player_choice":"Offered Uncommon","floor":5.0,"gold_loss":0.0,"damage_taken":0.0}],"is_beta":false,"boss_relics":[{"not_picked":["Astrolabe","Runic Dome"],"picked":"Velvet Choker"}],"items_purged_floors":[],"is_endless":false,"potions_floor_spawned":[1,7,13,14,18,19,22],"killed_by":"Slavers","ascension_level":6}}