{"host":"6r341r9cz00j2qc1","time":1611450591,"event":{"mods":["BaseMod","Better Third Choice","GungeonMod","Hermit","Lobotomy","LobotomyExtend","Minty Spire (QoL Compilation)","Replay The Spire","Shop Mod","StSLib"],"gold_per_floor":[113,123,142,160,172,172,172,172,172,152,152,163,18,193,193,220,220,324,324,339,373,392,415,425,425,441,203,203,215,229,259,259],"floor_reached":31,"language":"ENG","playtime":2601,"items_purged":[],"score":439,"play_id":"89bf81af-271b-42bd-81a3-eb5a74267869","local_time":"20210124020951","is_ascension_mode":false,"campfire_choices":[{"floor":8,"key":"REST"},{"floor":17,"key":"REST"},{"floor":25,"key":"REST"}],"circlet_count":0,"master_deck":["BigBird","hermit:Strike_Hermit","hermit:Strike_Hermit","hermit:Strike_Hermit","hermit:Strike_Hermit","hermit:Defend_Hermit","hermit:Defend_Hermit","hermit:Defend_Hermit","hermit:Defend_Hermit","hermit:Snapshot","hermit:Covet","PunishingBird","hermit:Misfire","hermit:Misfire","WhitesApple","Parasite","Scorched","hermit:Headshot","OSAHOGD","hermit:ShadowCloak","Regret","Rudolta","hermit:Dissolve","Doubt","Bloodbath","hermit:HighCaliber","Parasite","CherryBlossoms","hermit:FromBeyond","Parasite","OldLady","hermit:CursedWeapon+1","QueenOfHatred","hermit:Glare","hermit:Virtue","hermit:Manifest+1","Parasite","hermit:FromBeyond","hermit:Grudge","DemoMod:Deposit","Parasite"],"relics":["hermit:Momento","CogitoBucket","LetterFromLob","HornCleat","DemoMod:OrangeGuonStone","SkinProphecy","Lantern","Potion Belt","Anchor","Lamp_r","DemoMod:RiddleOfLead","Red Mask","AspirationHeart","Regal Pillow","Ancient Tea Set"],"acts_visited":["Exordium","TheCity"],"potions_floor_usage":[12,16,21,22,31,31,31,31],"damage_taken":[{"damage":11,"enemies":"Jaw Worm","floor":1,"turns":3},{"damage":5,"enemies":"Small Slimes","floor":2,"turns":3},{"damage":1,"enemies":"Cultist","floor":3,"turns":3},{"damage":17,"enemies":"Exordium Wildlife","floor":4,"turns":3},{"damage":0,"enemies":"3 Louse","floor":5,"turns":1},{"damage":0,"enemies":"Large Slime","floor":12,"turns":2},{"damage":1,"enemies":"Gremlin Nob","floor":16,"turns":3},{"damage":31,"enemies":"Hexaghost","floor":18,"turns":11},{"damage":2,"enemies":"Chosen","floor":20,"turns":6},{"damage":0,"enemies":"Masked Bandits","floor":21,"turns":3},{"damage":43,"enemies":"Spheric Guardian","floor":22,"turns":5},{"damage":5,"enemies":"3 Cultists","floor":24,"turns":3},{"damage":14,"enemies":"Chosen and Byrds","floor":26,"turns":5},{"damage":2,"enemies":"Centurion and Healer","floor":29,"turns":3},{"damage":18,"enemies":"Shelled Parasite and Fungi","floor":30,"turns":4},{"damage":56,"enemies":"Snake Plant","floor":31,"turns":26}],"seed_played":"2490071829408404881","potions_obtained":[{"floor":4,"key":"Fire Potion"},{"floor":5,"key":"Block Potion"},{"floor":10,"key":"hermit:Eclipse"},{"floor":16,"key":"Fire Potion"},{"floor":18,"key":"Dexterity Potion"},{"floor":22,"key":"Strength Potion"},{"floor":29,"key":"Elixir"},{"floor":30,"key":"Energy Potion"}],"is_trial":false,"path_per_floor":["M","M","M","M","M","PTL","PTL","R","?","?","T","M","$","?","T","E","R","B",null,"M","?","M","T","M","R","M","$","T","M","M","M"],"character_chosen":"HERMIT","items_purchased":["Lantern","hermit:Grudge","DemoMod:Deposit"],"campfire_rested":3,"item_purchase_floors":[13,27,27],"current_hp_per_floor":[64,59,58,41,41,41,41,63,63,63,63,63,63,63,63,58,77,48,89,85,81,48,48,39,86,71,71,71,66,52,0,0],"gold":259,"neow_bonus":"","is_daily":false,"chose_seed":false,"campfire_upgraded":0,"win_rate":0.0,"timestamp":1611450591,"path_taken":["M","M","M","M","M","PTL","PTL","R","?","?","T","M","?","?","?","E","R","BOSS","M","?","M","?","M","R","M","$","T","M","M","M"],"items_purchased_type":["Card","Card","Card"],"build_version":"2020-12-22","purchased_purges":0,"victory":false,"max_hp_per_floor":[75,75,75,75,75,75,75,75,75,75,75,75,75,75,75,77,77,79,89,91,93,107,107,109,109,111,111,111,113,115,119,119],"card_choices":[{"not_picked":["CrumblingArmor","UniverseFragment"],"picked":"PunishingBird","floor":1},{"not_picked":["hermit:Roughhouse","hermit:WideOpen"],"picked":"hermit:Misfire","floor":1},{"not_picked":["OldLady","Rudolta","RedShoes"],"picked":"Singing Bowl","floor":2},{"not_picked":["Wellcheers","SpiderBud"],"picked":"BigBird","floor":2},{"not_picked":["hermit:CursedWeapon","hermit:CalledShot"],"picked":"hermit:Misfire","floor":2},{"not_picked":["WallGazer","FairyFestival","ShyLook"],"picked":"Singing Bowl","floor":3},{"not_picked":["CrumblingArmor","VoidDream"],"picked":"WhitesApple","floor":3},{"not_picked":["hermit:Horror","hermit:GoldenBullet","hermit:LuckOfTheDraw"],"picked":"SKIP","floor":3},{"not_picked":["UniverseFragment","Bloodbath"],"picked":"Scorched","floor":4},{"not_picked":["hermit:ItchyTrigger","hermit:PistolWhip"],"picked":"hermit:Headshot","floor":4},{"not_picked":["Wellcheers","BlackSwan"],"picked":"OSAHOGD","floor":5},{"not_picked":["hermit:Feint","hermit:TrackingShot"],"picked":"hermit:ShadowCloak","floor":5},{"not_picked":["CrumblingArmor","FairyFestival"],"picked":"Rudolta","floor":12},{"not_picked":["hermit:WideOpen","hermit:Dive"],"picked":"hermit:Dissolve","floor":12},{"not_picked":["LittlePrince","Funeral","FieryBird"],"picked":"Singing Bowl","floor":16},{"not_picked":["OldLady","Funeral"],"picked":"Bloodbath","floor":16},{"not_picked":["hermit:LowProfile","hermit:Coalescence"],"picked":"hermit:HighCaliber","floor":16},{"not_picked":["Laetitia","DreamingCurrent","OldLady"],"picked":"Singing Bowl","floor":18},{"not_picked":["CrumblingArmor","VoidDream"],"picked":"CherryBlossoms","floor":18},{"not_picked":["hermit:Adapt","hermit:DeadOrAlive"],"picked":"hermit:FromBeyond","floor":18},{"not_picked":["MeatLantern","NakedNest","Wellcheers"],"picked":"Singing Bowl","floor":20},{"not_picked":["SpiderBud","Yin"],"picked":"OldLady","floor":20},{"not_picked":["hermit:Maintenance+1","hermit:Cheat"],"picked":"hermit:CursedWeapon+1","floor":20},{"not_picked":["LittleHelper","LittlePrince","SpiderBud"],"picked":"Singing Bowl","floor":21},{"not_picked":["LittleHelper","BeautyBeast"],"picked":"QueenOfHatred","floor":21},{"not_picked":["hermit:Ricochet","hermit:LuckOfTheDraw"],"picked":"hermit:Glare","floor":21},{"not_picked":["SingingMachine","LaLuna","Wellcheers"],"picked":"Singing Bowl","floor":22},{"not_picked":["hermit:HoleUp","hermit:Deadeye"],"picked":"hermit:Virtue","floor":22},{"not_picked":["RedShoes","VoidDream","ShyLook"],"picked":"Singing Bowl","floor":24},{"not_picked":["hermit:Gestalt","hermit:Snipe"],"picked":"hermit:Manifest+1","floor":24},{"not_picked":["SingingMachine","VoidDream","BigBadWolf"],"picked":"Singing Bowl","floor":26},{"not_picked":["hermit:NoHoldsBarred","hermit:HoleUp"],"picked":"hermit:FromBeyond","floor":26},{"not_picked":["LittlePrince","DespairKnight","ShyLook"],"picked":"Singing Bowl","floor":29},{"not_picked":["hermit:Gestalt","hermit:HoleUp","hermit:Snipe"],"picked":"SKIP","floor":29},{"not_picked":["QueenBee","LittleHelper","DreamingCurrent"],"picked":"Singing Bowl","floor":30},{"not_picked":["hermit:Roulette+1","hermit:ItchyTrigger","hermit:BodyArmor"],"picked":"SKIP","floor":30}],"player_experience":448500,"relics_obtained":[{"floor":1,"key":"LetterFromLob"},{"floor":11,"key":"DemoMod:OrangeGuonStone"},{"floor":15,"key":"Potion Belt"},{"floor":16,"key":"Anchor"},{"floor":21,"key":"Red Mask"},{"floor":23,"key":"Regal Pillow"},{"floor":28,"key":"Ancient Tea Set"}],"event_choices":[{"damage_healed":0,"gold_gain":0,"player_choice":"Box","damage_taken":0,"relics_obtained":["HornCleat"],"max_hp_gain":0,"max_hp_loss":0,"event_name":"Big Fish","floor":9,"gold_loss":0,"cards_obtained":["Regret"]},{"damage_healed":0,"gold_gain":0,"player_choice":"Bought 1 Potion","damage_taken":0,"max_hp_gain":0,"max_hp_loss":0,"event_name":"The Woman in Blue","floor":10,"gold_loss":0},{"damage_healed":0,"gold_gain":175,"player_choice":"AGREE","damage_taken":18,"max_hp_gain":0,"max_hp_loss":0,"event_name":"betterThird:BetterSerpent","floor":14,"gold_loss":0},{"damage_healed":0,"gold_gain":0,"player_choice":"Fought Bandits","damage_taken":0,"max_hp_gain":0,"max_hp_loss":0,"event_name":"Masked Bandits","floor":21,"gold_loss":0}],"is_beta":false,"boss_relics":[{"not_picked":["SlaversCollar","Fusion Hammer"],"picked":"DemoMod:RiddleOfLead"}],"items_purged_floors":[],"is_endless":false,"potions_floor_spawned":[4,5,16,18,22,29,30],"killed_by":"Snake Plant","ascension_level":0}}