{"host":"h77azxdx0evtsxw5","time":1611507681,"event":{"mods":["AchievementEnabler","BaseMod","Better Vampires","Minty Spire (QoL Compilation)","Quick Restart","Rare Cards Sparkle","Relic Stats"],"gold_per_floor":[117,66,81,6,6,37,109,109,109,9,9,44,59,59,59,187,187,187,187],"floor_reached":18,"language":"ENG","playtime":1048,"items_purged":["Strike_R","Strike_R"],"score":248,"play_id":"88d15268-d2ab-4047-9f53-3bd2acd01737","local_time":"20210124120121","is_ascension_mode":true,"campfire_choices":[{"data":"Heavy Blade","floor":8.0,"key":"SMITH"},{"data":"Bash","floor":11.0,"key":"SMITH"},{"data":"Intimidate","floor":15.0,"key":"SMITH"}],"circlet_count":0,"master_deck":["Strike_R","Strike_R","Strike_R","Defend_R","Defend_R","Defend_R","Defend_R","Bash+1","Heavy Blade+1","Thunderclap","Injury","Intimidate+1"],"relics":["Burning Blood","NeowsBlessing","PreservedInsect","Golden Idol","Boot","Magic Flower","Black Star"],"acts_visited":["Exordium","TheCity"],"potions_floor_usage":[16,16,16],"damage_taken":[{"damage":0.0,"enemies":"Jaw Worm","floor":1.0,"turns":1.0},{"damage":0.0,"enemies":"Cultist","floor":3.0,"turns":1.0},{"damage":0.0,"enemies":"Gremlin Nob","floor":6.0,"turns":1.0},{"damage":25.0,"enemies":"3 Sentries","floor":12.0,"turns":8.0},{"damage":0.0,"enemies":"Small Slimes","floor":13.0,"turns":3.0},{"damage":51,"enemies":"The Guardian","floor":16,"turns":16},{"damage":55,"enemies":"Spheric Guardian","floor":18,"turns":6}],"seed_played":"1382022527203432624","potions_obtained":[{"floor":6.0,"key":"HeartOfIron"},{"floor":14.0,"key":"DistilledChaos"},{"floor":14.0,"key":"LiquidBronze"}],"is_trial":false,"path_per_floor":["M","?","M","$","?","E","?","R","T","$","R","E","M","?","R","B",null,"M"],"character_chosen":"IRONCLAD","items_purchased":[],"campfire_rested":0,"item_purchase_floors":[],"current_hp_per_floor":[78,78,80,80,80,80,80,80,80,80,80,61,70,70,70,28,67,12,12],"gold":187,"neow_bonus":"THREE_ENEMY_KILL","is_daily":false,"chose_seed":false,"campfire_upgraded":3,"win_rate":0.0,"timestamp":1611507681,"path_taken":["M","?","?","$","?","E","?","R","T","$","R","E","M","?","R","BOSS","M"],"items_purchased_type":[],"build_version":"2020-12-22","purchased_purges":2,"victory":false,"max_hp_per_floor":[80,80,80,80,80,80,80,80,80,80,80,80,80,80,80,80,80,80,80],"relic_stats":{"counters":[7,36],"Golden Idol":42,"Magic Flower":[6],"PreservedInsect":39,"Black Star":0,"Boot":[12],"obtain_stats":[{"NeowsBlessing":0,"Golden Idol":5,"Magic Flower":12,"PreservedInsect":2,"Black Star":17,"Boot":6,"Burning Blood":0},{"NeowsBlessing":0,"Golden Idol":2,"Magic Flower":4,"PreservedInsect":1,"Black Star":6,"Boot":3,"Burning Blood":0},{"NeowsBlessing":0,"Golden Idol":2,"Magic Flower":11,"PreservedInsect":1,"Black Star":30,"Boot":3,"Burning Blood":0}],"Burning Blood":32},"card_choices":[{"not_picked":["Clothesline","Armaments"],"picked":"Heavy Blade","floor":1.0},{"not_picked":["Burning Pact","Disarm"],"picked":"Thunderclap","floor":3.0},{"not_picked":["Perfected Strike","Shockwave"],"picked":"Intimidate","floor":6.0},{"not_picked":["Feed","Disarm","Sword Boomerang"],"picked":"SKIP","floor":12.0},{"not_picked":["Cleave","Hemokinesis","Shockwave"],"picked":"SKIP","floor":13.0}],"player_experience":278870,"relics_obtained":[{"floor":6.0,"key":"Boot"},{"floor":12.0,"key":"Magic Flower"}],"event_choices":[{"damage_healed":0.0,"max_hp_gain":0.0,"max_hp_loss":0.0,"gold_gain":0.0,"event_name":"WeMeetAgain","player_choice":"Paid Gold","floor":2.0,"gold_loss":51.0,"damage_taken":0.0,"relics_obtained":["PreservedInsect"]},{"damage_healed":0.0,"max_hp_gain":0.0,"max_hp_loss":0.0,"gold_gain":0.0,"event_name":"Golden Idol","player_choice":"Take Wound","floor":5.0,"gold_loss":0.0,"damage_taken":0.0,"relics_obtained":["Golden Idol"],"cards_obtained":["Injury"]},{"damage_healed":0.0,"max_hp_gain":0.0,"max_hp_loss":0.0,"gold_gain":72.0,"event_name":"Golden Wing","player_choice":"Gained Gold","floor":7.0,"gold_loss":0.0,"damage_taken":0.0},{"damage_healed":0.0,"max_hp_gain":0.0,"max_hp_loss":0.0,"gold_gain":0.0,"event_name":"Lab","player_choice":"Got Potions","floor":14.0,"gold_loss":0.0,"damage_taken":0.0}],"is_beta":false,"boss_relics":[{"not_picked":["Velvet Choker","Runic Pyramid"],"picked":"Black Star"}],"items_purged_floors":[4,10],"is_endless":false,"potions_floor_spawned":[6],"killed_by":"Spheric Guardian","ascension_level":6}}