{"host":"3zb3nk4wvq0dtbuh","time":1611481173,"event":{"mods":["AchievementEnabler","BaseMod","Lobotomy","Minty Spire (QoL Compilation)","StSLib","SuperFastMode","The Blackbeard"],"gold_per_floor":[110,110,185,196,103,120,120,150,228,228,241,257,277,295,295,295,295],"floor_reached":16,"language":"ZHS","playtime":323,"items_purged":[],"score":94,"play_id":"66d7675e-f22b-4049-9daf-4c26a0614d18","local_time":"20210124173933","is_ascension_mode":false,"campfire_choices":[{"data":"Jack Of All Trades","floor":7.0,"key":"SMITH"},{"data":"Body Slam","floor":15.0,"key":"SMITH"}],"circlet_count":0,"master_deck":["Strike_R","Strike_R","Strike_R","Strike_R","Strike_R","Defend_R","Defend_R","Defend_R","Defend_R","Bash","Shrug It Off","Shockwave","Jack Of All Trades+1","Metallicize","Sever Soul","Battle Trance","Body Slam+1"],"relics":["Sozu"],"acts_visited":["Exordium"],"potions_floor_usage":[],"damage_taken":[{"damage":3.0,"enemies":"Small Slimes","floor":1.0,"turns":4.0},{"damage":1.0,"enemies":"Jaw Worm","floor":4.0,"turns":4.0},{"damage":0.0,"enemies":"Cultist","floor":6.0,"turns":3.0},{"damage":1.0,"enemies":"Red Slaver","floor":11.0,"turns":4.0},{"damage":2.0,"enemies":"Looter","floor":12.0,"turns":3.0},{"damage":0.0,"enemies":"Large Slime","floor":13.0,"turns":5.0},{"damage":28.0,"enemies":"Gremlin Gang","floor":14.0,"turns":3.0},{"damage":37,"enemies":"The Guardian","floor":16,"turns":12}],"seed_played":"-8372552906944185079","potions_obtained":[],"is_trial":false,"path_per_floor":["M","?","?","M","$","M","R","?","T","?","M","M","M","M","R","B"],"character_chosen":"IRONCLAD","items_purchased":["Jack Of All Trades"],"campfire_rested":0,"item_purchase_floors":[5],"current_hp_per_floor":[77,77,69,68,68,68,68,68,68,68,67,65,65,37,37,0,0],"gold":295,"neow_bonus":"BOSS_RELIC","is_daily":false,"chose_seed":false,"campfire_upgraded":2,"win_rate":0.0,"timestamp":1611481173,"path_taken":["M","?","?","?","?","M","R","?","T","?","?","M","M","M","R","BOSS"],"items_purchased_type":["Card"],"build_version":"2020-12-22","purchased_purges":0,"victory":false,"max_hp_per_floor":[80,80,80,80,80,80,80,80,80,80,80,80,80,80,80,80,80],"card_choices":[{"not_picked":["Heavy Blade","Burning Pact"],"picked":"Shrug It Off","floor":1.0},{"not_picked":["Havoc","Feel No Pain"],"picked":"Shockwave","floor":4.0},{"not_picked":["Anger","Power Through","Havoc"],"picked":"SKIP","floor":6.0},{"not_picked":["Pummel","Pommel Strike"],"picked":"Metallicize","floor":11.0},{"not_picked":["Clothesline","Flex"],"picked":"Sever Soul","floor":12.0},{"not_picked":["Hemokinesis","Searing Blow"],"picked":"Battle Trance","floor":13.0},{"not_picked":["Perfected Strike","Cleave"],"picked":"Body Slam","floor":14.0}],"player_experience":12837,"relics_obtained":[],"event_choices":[{"damage_healed":0.0,"max_hp_gain":0.0,"max_hp_loss":0.0,"gold_gain":0.0,"event_name":"Golden Idol","player_choice":"Ignored","floor":2.0,"gold_loss":0.0,"damage_taken":0.0},{"damage_healed":0.0,"max_hp_gain":0.0,"max_hp_loss":0.0,"gold_gain":75.0,"event_name":"FaceTrader","player_choice":"Touch","floor":3.0,"gold_loss":0.0,"damage_taken":8.0},{"damage_healed":0.0,"max_hp_gain":0.0,"max_hp_loss":0.0,"gold_gain":30.0,"event_name":"Dead Adventurer","player_choice":"Searched \u00271\u0027 times","floor":8.0,"gold_loss":0.0,"damage_taken":0.0},{"damage_healed":0.0,"max_hp_gain":0.0,"max_hp_loss":0.0,"gold_gain":0.0,"event_name":"The Woman in Blue","player_choice":"Bought 0 Potions","floor":10.0,"gold_loss":0.0,"damage_taken":0.0}],"is_beta":false,"boss_relics":[],"items_purged_floors":[],"is_endless":false,"potions_floor_spawned":[4,12,14],"killed_by":"The Guardian","ascension_level":0}}