{"host":"p8pxxhl9h7qv5y4h","time":1611471991,"event":{"mods":["BaseMod","BetterRewards","Colored Map","Custom Start","Minty Spire (QoL Compilation)","Shop Mod","StSLib"],"gold_per_floor":[112,112,112,129,79,79,89,109,109,124,161247,161266,161276,161307,161307,161412,161412,161426,160879,160893,160923,160350,160350,160350,160350,160377,160412,160412,160412,160444,160458,160458,160560,160610,160627,160031,160050,160050,160050,160050,160077,159146,159173,159395,159448,159466,158473,158473,158473,158473,158473,158473,157466,157491,157491],"floor_reached":56,"language":"ZHT","playtime":1734,"items_purged":["Defend_P","Defend_P","Strike_P","Vigilance","Strike_P","Worship","Strike_P+1"],"score":1361,"play_id":"9dba6155-7949-4634-8531-6af1a3349d1c","local_time":"20210124150631","is_ascension_mode":false,"campfire_choices":[{"data":"Eruption","floor":6,"key":"SMITH"},{"data":"Judgement","floor":15,"key":"SMITH"},{"data":"CarveReality","floor":23,"key":"SMITH"},{"data":"Brilliance","floor":25,"key":"SMITH"},{"data":"BowlingBash","floor":29,"key":"SMITH"},{"data":"CarveReality","floor":32,"key":"SMITH"},{"data":"WindmillStrike","floor":40,"key":"SMITH"},{"data":"1","floor":49,"key":"LIFT"},{"data":"2","floor":52,"key":"LIFT"}],"circlet_count":0,"master_deck":["Strike_P+1","Defend_P+1","Eruption+1","Omniscience+1","Judgement+1","Fasting2+1","BowlingBash+1","Vault","CurseOfTheBell","CarveReality+1","Brilliance+1","CarveReality+1","Judgement+1","WindmillStrike+1","BattleHymn+1","Fasting2+1","ConjureBlade","ConjureBlade","ReachHeaven"],"relics":["PureWater","Sundial","Juzu Bracelet","Frozen Egg 2","Sling","MerchantsRug","Happy Flower","Calling Bell","Tiny Chest","Shuriken","Gambling Chip","Oddly Smooth Stone","Boot","OrangePellets","Red Mask","Potion Belt","Nunchaku","Frozen Eye","Bronze Scales","Whetstone","CaptainsWheel","Tiny House","Lantern","War Paint","TheAbacus","Bottled Tornado","PreservedInsect","Girya","Mango","Melange","Blood Vial","Prayer Wheel","Dream Catcher","DollysMirror","White Beast Statue","Eternal Feather","Mummified Hand","Torii","PrismaticShard","Strawberry"],"acts_visited":["Exordium","TheCity","TheBeyond","TheEnding"],"potions_floor_usage":[],"damage_taken":[{"damage":0,"enemies":"Jaw Worm","floor":1,"turns":1},{"damage":16,"enemies":"Small Slimes","floor":4,"turns":2},{"damage":5,"enemies":"2 Louse","floor":7,"turns":2},{"damage":16,"enemies":"Large Slime","floor":8,"turns":5},{"damage":2,"enemies":"Exordium Wildlife","floor":10,"turns":3},{"damage":20,"enemies":"Looter","floor":12,"turns":2},{"damage":0,"enemies":"2 Fungi Beasts","floor":13,"turns":2},{"damage":18,"enemies":"3 Sentries","floor":14,"turns":3},{"damage":23,"enemies":"Slime Boss","floor":16,"turns":5},{"damage":29,"enemies":"3 Byrds","floor":18,"turns":3},{"damage":20,"enemies":"2 Thieves","floor":20,"turns":2},{"damage":18,"enemies":"Masked Bandits","floor":21,"turns":3},{"damage":37,"enemies":"Slavers","floor":27,"turns":2},{"damage":8,"enemies":"Book of Stabbing","floor":30,"turns":3},{"damage":0,"enemies":"3 Cultists","floor":31,"turns":4},{"damage":30,"enemies":"Champ","floor":33,"turns":5},{"damage":17,"enemies":"3 Shapes","floor":35,"turns":2},{"damage":0,"enemies":"Orb Walker","floor":37,"turns":1},{"damage":7,"enemies":"Giant Head","floor":41,"turns":5},{"damage":33,"enemies":"2 Orb Walkers","floor":45,"turns":3},{"damage":14,"enemies":"4 Shapes","floor":46,"turns":2},{"damage":37,"enemies":"Donu and Deca","floor":50,"turns":5},{"damage":14,"enemies":"Shield and Spear","floor":54,"turns":3},{"damage":187,"enemies":"The Heart","floor":55,"turns":6}],"seed_played":"-8971656912921709274","potions_obtained":[{"floor":7,"key":"Ancient Potion"},{"floor":8,"key":"Dexterity Potion"},{"floor":12,"key":"SkillPotion"},{"floor":14,"key":"DuplicationPotion"},{"floor":16,"key":"SkillPotion"},{"floor":18,"key":"EssenceOfSteel"},{"floor":30,"key":"LiquidMemories"},{"floor":33,"key":"SneckoOil"},{"floor":45,"key":"AttackPotion"},{"floor":54,"key":"Regen Potion"}],"is_trial":false,"path_per_floor":["M","?","?","M","?","R","M","M","T","M","$","M","M","E","R","B",null,"M","$","M","?","$","R","?","R","T","E","?","R","E","M","R","B",null,"M","$","M","T","?","R","E","$","T","?","?","M","$","T","R","B",null,"R","$","E","B",null],"character_chosen":"WATCHER","items_purchased":["Juzu Bracelet","Frozen Egg 2","Sling","MerchantsRug","Fasting2+1","Oddly Smooth Stone","Boot","OrangePellets","Potion Belt","Nunchaku","Frozen Eye","Lantern","War Paint","TheAbacus","Girya","Mango","Melange","FairyPotion","Fasting2+1","ConjureBlade","Dream Catcher","DollysMirror","White Beast Statue","FairyPotion","Mummified Hand","Torii","ReachHeaven","PrismaticShard","SpeedPotion"],"campfire_rested":0,"item_purchase_floors":[11,11,11,11,11,19,19,19,22,22,22,36,36,36,42,42,42,42,47,47,47,47,47,47,53,53,53,53,53],"current_hp_per_floor":[500067,500067,500067,500051,500051,500051,500046,500030,500030,500028,500028,500008,500008,499990,499990,499967,500067,500038,500038,500018,500000,500000,500000,374988,374988,374988,374951,374951,374951,374943,374943,374943,374913,500077,500060,500060,500060,500060,500060,500060,500053,500067,500067,500067,500036,500024,500024,500024,500033,499998,500091,500091,500091,500084,499899],"gold":157491,"neow_bonus":"ONE_RANDOM_RARE_CARD","is_daily":false,"chose_seed":false,"campfire_upgraded":7,"win_rate":0.0,"timestamp":1611471991,"path_taken":["M","?","?","M","?","R","M","M","T","M","$","M","M","E","R","BOSS","M","$","M","?","$","R","?","R","T","E","?","R","E","M","R","BOSS","M","$","M","?","?","R","E","$","T","?","?","M","$","?","R","BOSS","R","$","E","BOSS"],"items_purchased_type":["Relic","Relic","Relic","Relic","Card","Relic","Relic","Relic","Relic","Relic","Relic","Relic","Relic","Relic","Relic","Relic","Relic","Potion","Card","Card","Relic","Relic","Relic","Potion","Relic","Relic","Card","Relic","Potion"],"build_version":"2020-12-22","purchased_purges":7,"victory":true,"max_hp_per_floor":[500067,500067,500067,500067,500067,500067,500067,500067,500067,500067,500067,500067,500067,500067,500067,500067,500067,500067,500067,500067,500067,500067,500067,500072,500072,500072,500072,500072,500072,500072,500072,500072,500072,500077,500077,500077,500077,500077,500077,500077,500077,500091,500091,500091,500091,500091,500091,500091,500091,500091,500091,500091,500091,500098,500098],"card_choices":[{"not_picked":["JustLucky","Collect","FlurryOfBlows"],"picked":"SKIP","floor":1},{"not_picked":["Collect","CrushJoints","Swivel"],"picked":"SKIP","floor":4},{"not_picked":["Study","FlyingSleeves","Worship"],"picked":"SKIP","floor":7},{"not_picked":["Swivel","Evaluate","EmptyFist"],"picked":"SKIP","floor":8},{"not_picked":["Nirvana","Crescendo"],"picked":"Judgement","floor":10},{"not_picked":["JustLucky","FlurryOfBlows"],"picked":"BowlingBash","floor":12},{"not_picked":["JustLucky","ClearTheMind","CutThroughFate"],"picked":"SKIP","floor":13},{"not_picked":["BowlingBash","Establishment+1"],"picked":"Worship","floor":14},{"not_picked":["DeusExMachina","Omniscience"],"picked":"Vault","floor":16},{"not_picked":["Evaluate","Conclude","FlurryOfBlows"],"picked":"SKIP","floor":18},{"not_picked":["SashWhip","Sanctity"],"picked":"CarveReality","floor":20},{"not_picked":["PathToVictory","Perseverance"],"picked":"Brilliance","floor":21},{"not_picked":["Weave","ClearTheMind","WheelKick"],"picked":"SKIP","floor":27},{"not_picked":["FlyingSleeves","Meditate","CrushJoints+1"],"picked":"SKIP","floor":30},{"not_picked":["CutThroughFate","ThirdEye"],"picked":"CarveReality","floor":31},{"not_picked":["Establishment+1","Scrawl"],"picked":"Judgement","floor":33},{"not_picked":["ClearTheMind","TalkToTheHand+1"],"picked":"WindmillStrike","floor":35},{"not_picked":["Pray","FlyingSleeves","EmptyBody+1"],"picked":"SKIP","floor":37},{"not_picked":["Consecrate+1","JustLucky","EmptyFist"],"picked":"SKIP","floor":41},{"not_picked":["Meditate","JustLucky+1"],"picked":"BattleHymn+1","floor":46},{"not_picked":["FollowUp","FlurryOfBlows+1","Collect+1"],"picked":"SKIP","floor":46},{"not_picked":["Heatsinks+1","Violence","Dodge and Roll+1"],"picked":"SKIP","floor":54}],"player_experience":115462,"relics_obtained":[{"floor":9,"key":"Sundial"},{"floor":14,"key":"Happy Flower"},{"floor":17,"key":"Tiny Chest"},{"floor":17,"key":"Shuriken"},{"floor":17,"key":"Gambling Chip"},{"floor":21,"key":"Red Mask"},{"floor":26,"key":"Bronze Scales"},{"floor":27,"key":"Whetstone"},{"floor":30,"key":"CaptainsWheel"},{"floor":38,"key":"Bottled Tornado"},{"floor":41,"key":"PreservedInsect"},{"floor":43,"key":"Blood Vial"},{"floor":45,"key":"Prayer Wheel"},{"floor":48,"key":"Eternal Feather"},{"floor":54,"key":"Strawberry"}],"event_choices":[{"damage_healed":166689,"gold_gain":0,"player_choice":"Banana","damage_taken":0,"max_hp_gain":0,"max_hp_loss":0,"event_name":"Big Fish","floor":2,"gold_loss":0},{"damage_healed":0,"gold_gain":0,"player_choice":"Ignored","damage_taken":0,"max_hp_gain":0,"max_hp_loss":0,"event_name":"Liars Game","floor":3,"gold_loss":0},{"cards_removed":["Defend_P"],"damage_healed":0,"gold_gain":0,"player_choice":"Card Removal","damage_taken":0,"max_hp_gain":0,"max_hp_loss":0,"event_name":"The Cleric","floor":5,"gold_loss":50},{"damage_healed":0,"gold_gain":0,"player_choice":"Fought Bandits","damage_taken":0,"max_hp_gain":0,"max_hp_loss":0,"event_name":"Masked Bandits","floor":21,"gold_loss":0},{"damage_healed":0,"gold_gain":0,"player_choice":"Shed Blood","damage_taken":125017,"max_hp_gain":5,"max_hp_loss":0,"event_name":"Forgotten Altar","floor":24,"gold_loss":0},{"damage_healed":0,"gold_gain":0,"player_choice":"Ignored","damage_taken":0,"max_hp_gain":0,"max_hp_loss":0,"event_name":"The Mausoleum","floor":28,"gold_loss":0},{"damage_healed":0,"gold_gain":0,"player_choice":"Ignored","damage_taken":0,"max_hp_gain":0,"max_hp_loss":0,"event_name":"NoteForYourself","floor":39,"gold_loss":0},{"damage_healed":0,"gold_gain":222,"player_choice":"Wore Mask","damage_taken":0,"max_hp_gain":0,"max_hp_loss":0,"event_name":"Tomb of Lord Red Mask","floor":44,"gold_loss":0},{"damage_healed":0,"gold_gain":0,"player_choice":"Fight","damage_taken":0,"max_hp_gain":0,"max_hp_loss":0,"event_name":"Mysterious Sphere","floor":45,"gold_loss":0}],"is_beta":false,"boss_relics":[{"not_picked":["Velvet Choker","Fusion Hammer"],"picked":"Calling Bell"},{"not_picked":["Runic Pyramid","Philosopher\u0027s Stone"],"picked":"Tiny House"}],"items_purged_floors":[11,19,22,36,42,47,53],"is_endless":false,"potions_floor_spawned":[7,8,12,14,16,18,20,30,33,37,45,46,54],"ascension_level":0}}