{"host":"yn8qackkbxgt4nh1","time":1611485500,"event":{"mods":["BaseMod","Colored Map","Colored Powertips","DeckTracker","Minty Spire (QoL Compilation)","SuperFastMode"],"gold_per_floor":[118,128,128,128,138,138,167,167,167,182,182,182,196,211,211,286,286,286,286,286,80,80,80,80,80,80],"floor_reached":25,"language":"KOR","playtime":858,"items_purged":["Strike_R"],"score":464,"play_id":"d785aa08-2038-49a4-9f71-939242611929","local_time":"20210124195140","is_ascension_mode":true,"campfire_choices":[{"floor":6.0,"key":"REST"},{"floor":8.0,"key":"REST"},{"floor":11.0,"key":"REST"},{"data":"Demon Form","floor":15,"key":"SMITH"},{"data":"Seeing Red","floor":23,"key":"SMITH"}],"circlet_count":0,"master_deck":["AscendersBane","Strike_R+1","Strike_R","Defend_R","Defend_R","Defend_R+1","Bash","Fire Breathing","Clothesline","Shockwave","Battle Trance","Demon Form+1","Shrug It Off","Fire Breathing","Pummel","Immolate","Seeing Red+1","Pummel","Shrug It Off","Dark Embrace","Fire Breathing"],"relics":["Burning Blood","InkBottle","Ornamental Fan","Ectoplasm"],"acts_visited":["Exordium","TheCity"],"potions_floor_usage":[16],"damage_taken":[{"damage":7.0,"enemies":"Jaw Worm","floor":1.0,"turns":3.0},{"damage":23.0,"enemies":"Cultist","floor":2.0,"turns":5.0},{"damage":3.0,"enemies":"2 Louse","floor":5.0,"turns":3.0},{"damage":33.0,"enemies":"Lagavulin","floor":7.0,"turns":7.0},{"damage":28.0,"enemies":"Gremlin Gang","floor":10.0,"turns":5.0},{"damage":10.0,"enemies":"Blue Slaver","floor":13.0,"turns":3.0},{"damage":12,"enemies":"Large Slime","floor":14,"turns":6},{"damage":0,"enemies":"Hexaghost","floor":16,"turns":9},{"damage":14,"enemies":"3 Byrds","floor":18,"turns":5},{"damage":18,"enemies":"Chosen","floor":20,"turns":5},{"damage":27,"enemies":"Snecko","floor":25,"turns":4}],"seed_played":"-1731566696244390832","potions_obtained":[{"floor":1.0,"key":"FearPotion"},{"floor":10.0,"key":"Ancient Potion"},{"floor":14,"key":"Energy Potion"}],"is_trial":false,"path_per_floor":["M","M","?","?","M","R","E","R","T","M","R","?","M","M","R","B",null,"M","?","M","$","?","R","?","M"],"character_chosen":"IRONCLAD","items_purchased":["Shrug It Off","Dark Embrace"],"campfire_rested":3,"item_purchase_floors":[21,21],"current_hp_per_floor":[49,32,9,9,12,34,7,29,29,7,29,29,25,19,19,25,63,55,55,43,43,22,22,22,0,0],"gold":80,"neow_bonus":"REMOVE_TWO","is_daily":false,"chose_seed":false,"campfire_upgraded":2,"win_rate":0.0,"timestamp":1611485500,"path_taken":["M","M","?","?","M","R","E","R","T","?","R","?","?","M","R","BOSS","M","?","M","$","?","R","?","M"],"items_purchased_type":["Card","Card"],"build_version":"2020-12-22","purchased_purges":1,"victory":false,"max_hp_per_floor":[75,75,75,75,75,75,75,75,75,75,75,75,75,75,75,75,75,75,75,75,75,80,80,80,80,80],"card_choices":[{"not_picked":["Wild Strike","Perfected Strike"],"picked":"Fire Breathing","floor":1.0},{"not_picked":["Armaments","Entrench","Warcry"],"picked":"SKIP","floor":2.0},{"not_picked":["Thunderclap","Flex"],"picked":"Battle Trance","floor":5.0},{"not_picked":["Perfected Strike","Inflame"],"picked":"Demon Form","floor":7.0},{"not_picked":["Flex","Perfected Strike"],"picked":"Shrug It Off","floor":10.0},{"not_picked":["True Grit","Headbutt","Perfected Strike"],"picked":"SKIP","floor":13.0},{"not_picked":["Inflame","Offering"],"picked":"Pummel","floor":14},{"not_picked":["Demon Form","Fiend Fire"],"picked":"Immolate","floor":16},{"not_picked":["Blood for Blood","Second Wind"],"picked":"Seeing Red","floor":18},{"not_picked":["Havoc","Body Slam"],"picked":"Pummel","floor":20}],"player_experience":699606,"relics_obtained":[{"floor":7.0,"key":"InkBottle"},{"floor":9.0,"key":"Ornamental Fan"}],"event_choices":[{"damage_healed":0.0,"max_hp_gain":0.0,"max_hp_loss":0.0,"gold_gain":0.0,"event_name":"Shining Light","player_choice":"Entered Light","floor":3.0,"gold_loss":0.0,"damage_taken":23.0,"cards_upgraded":["Strike_R","Defend_R"]},{"damage_healed":0.0,"max_hp_gain":0.0,"max_hp_loss":0.0,"gold_gain":0.0,"event_name":"Match and Keep!","player_choice":"2 cards matched","floor":4.0,"gold_loss":0.0,"damage_taken":0.0,"cards_obtained":["Clothesline","Shockwave"]},{"damage_healed":0.0,"max_hp_gain":0.0,"max_hp_loss":0.0,"gold_gain":0.0,"cards_transformed":["Strike_R"],"event_name":"Transmorgrifier","player_choice":"Transformed","floor":12.0,"gold_loss":0.0,"damage_taken":0.0,"cards_obtained":["Fire Breathing"]},{"damage_healed":0,"gold_gain":50,"player_choice":"Stole From Cult","damage_taken":0,"max_hp_gain":0,"max_hp_loss":0,"event_name":"Nest","floor":19,"gold_loss":0},{"damage_healed":0,"gold_gain":0,"player_choice":"Shed Blood","damage_taken":26,"max_hp_gain":5,"max_hp_loss":0,"event_name":"Forgotten Altar","floor":22,"gold_loss":0},{"damage_healed":0,"gold_gain":0,"player_choice":"Copied","damage_taken":0,"max_hp_gain":0,"max_hp_loss":0,"event_name":"Duplicator","floor":24,"gold_loss":0,"cards_obtained":["Fire Breathing"]}],"is_beta":false,"boss_relics":[{"not_picked":["Runic Dome","SacredBark"],"picked":"Ectoplasm"}],"items_purged_floors":[21],"is_endless":false,"potions_floor_spawned":[1,10,14],"killed_by":"Snecko","ascension_level":17}}