{"host":"0awa854l6bexpjrv","time":1611449434,"event":{"mods":["BaseMod","Block Reminder","Colored Map","Colored Powertips","Downfall","Highlight Path","Minty Spire (QoL Compilation)","Quick Restart","Rare Cards Sparkle","StSLib","SuperFastMode"],"gold_per_floor":[113,113,63,63,88,88,65,88,88,104,104,117,117,133,133,252,252,271,3,3,3,3,33,33,46,117,137,151,165,183,0,0,105,105,125,125,25,36,86,86,116,43,123,135,135,135,146,164,164,164],"floor_reached":51,"language":"ENG","playtime":7144,"items_purged":["Strike_G","Shame"],"score":948,"play_id":"47fb61dd-0f8d-4ab2-a1d5-d1cbfb089c6a","local_time":"20210123165034","is_ascension_mode":true,"campfire_choices":[{"data":"Neutralize","floor":6.0,"key":"SMITH"},{"data":"Dagger Spray","floor":11.0,"key":"SMITH"},{"floor":15.0,"key":"REST"},{"data":"Survivor","floor":24.0,"key":"SMITH"},{"data":"Bullet Time","floor":32.0,"key":"SMITH"},{"data":"Decay","floor":40.0,"key":"PURGE"},{"data":"Strike_G","floor":46.0,"key":"PURGE"},{"data":"Strike_G","floor":49,"key":"PURGE"}],"circlet_count":0,"master_deck":["Strike_G+1","Defend_G","Defend_G","Defend_G","Defend_G+1","Defend_G","Survivor+1","Neutralize+1","Blade Dance","Blade Dance","Dagger Spray+1","Cloak And Dagger","Acrobatics","Dagger Throw+1","Bullet Time+1","Noxious Fumes+1","Underhanded Strike+1","RitualDagger+1","Leg Sweep+1","Choke+1","Glass Knife+1","Burst","Bouncing Flask","PiercingWail+1","Infinite Blades","Blade Dance+1","Wraith Form v2","Bullet Time+1","Well Laid Plans+1"],"relics":["Ring of the Snake","Happy Flower","Bloody Idol","Letter Opener","Molten Egg 2","Snecko Eye","Blood Vial","FossilizedHelix","Meat on the Bone","Mercury Hourglass","Fusion Hammer","Peace Pipe","Potion Belt","Singing Bowl"],"acts_visited":["Exordium","TheCity","TheBeyond"],"potions_floor_usage":[47,50],"damage_taken":[{"damage":0.0,"enemies":"Cultist","floor":1.0,"turns":5.0},{"damage":0.0,"enemies":"Small Slimes","floor":5.0,"turns":2.0},{"damage":3.0,"enemies":"2 Louse","floor":8.0,"turns":3.0},{"damage":0.0,"enemies":"Blue Slaver","floor":10.0,"turns":3.0},{"damage":0.0,"enemies":"Exordium Thugs","floor":12.0,"turns":3.0},{"damage":1.0,"enemies":"Looter","floor":14.0,"turns":3.0},{"damage":31.0,"enemies":"Hexaghost","floor":16.0,"turns":11.0},{"damage":1.0,"enemies":"Spheric Guardian","floor":18.0,"turns":3.0},{"damage":8.0,"enemies":"Book of Stabbing","floor":23.0,"turns":4.0},{"damage":0.0,"enemies":"Shell Parasite","floor":25.0,"turns":3.0},{"damage":7.0,"enemies":"Cultist and Chosen","floor":27.0,"turns":4.0},{"damage":0.0,"enemies":"Centurion and Healer","floor":28.0,"turns":3.0},{"damage":0.0,"enemies":"Chosen and Byrds","floor":29.0,"turns":4.0},{"damage":0.0,"enemies":"Snake Plant","floor":30.0,"turns":2.0},{"damage":47.0,"enemies":"Collector","floor":33.0,"turns":7.0},{"damage":3.0,"enemies":"3 Darklings","floor":35.0,"turns":3.0},{"damage":0.0,"enemies":"Orb Walker","floor":38.0,"turns":3.0},{"damage":0.0,"enemies":"Mind Bloom Boss Battle","floor":39.0,"turns":4.0},{"damage":19.0,"enemies":"Giant Head","floor":41.0,"turns":8.0},{"damage":0.0,"enemies":"Jaw Worm Horde","floor":44.0,"turns":4.0},{"damage":11,"enemies":"Transient","floor":47,"turns":5},{"damage":0,"enemies":"3 Darklings","floor":48,"turns":4},{"damage":45,"enemies":"Donu and Deca","floor":50,"turns":10}],"seed_played":"-6452062497308826610","potions_obtained":[{"floor":5.0,"key":"SteroidPotion"},{"floor":14.0,"key":"CunningPotion"},{"floor":16.0,"key":"champ:CounterPotion"},{"floor":18.0,"key":"bronze:BurnAndBuffPotion"},{"floor":23.0,"key":"hexamod:SoulburnPotion"},{"floor":27.0,"key":"GhostInAJar"},{"floor":35.0,"key":"LiquidMemories"},{"floor":38.0,"key":"Guardian:BlockOnCardUsePotion"},{"floor":44.0,"key":"ColorlessPotion"},{"floor":48,"key":"LiquidMemories"}],"is_trial":false,"path_per_floor":["M","?","?","?","M","R","?","M","T","M","R","M","T","M","R","B",null,"M","$","?","?","?","E","R","M","T","M","M","M","M","?","R","B",null,"M","?","$","M","?","R","E","$","T","M","?","R","M","M","R","B",null],"character_chosen":"THE_SILENT","items_purchased":["Blood Vial","Underhanded Strike+1","Wraith Form v2"],"campfire_rested":1,"item_purchase_floors":[19,19,42],"current_hp_per_floor":[70,65,65,52,52,52,52,49,49,49,49,49,49,48,65,34,65,64,64,64,64,58,57,57,64,65,63,65,65,65,65,65,35,65,65,65,65,65,65,65,51,51,56,65,65,65,63,69,69,36],"gold":164,"neow_bonus":"RANDOM_COMMON_RELIC","is_daily":false,"chose_seed":false,"campfire_upgraded":4,"win_rate":0.0,"timestamp":1611449434,"path_taken":["M","?","?","?","M","R","?","M","T","M","R","M","?","?","R","BOSS","M","$","?","?","?","E","R","M","T","M","M","?","M","?","R","BOSS","M","?","$","?","?","R","E","$","T","M","?","R","M","M","R","BOSS"],"items_purchased_type":["Relic","Card","Card"],"build_version":"2020-12-22","purchased_purges":2,"victory":true,"max_hp_per_floor":[70,65,65,65,65,65,65,65,65,65,65,65,65,65,65,65,65,65,65,65,65,65,65,65,65,65,65,65,65,65,65,65,65,65,65,65,65,65,65,65,65,65,65,67,67,67,69,69,69,69],"card_choices":[{"not_picked":["Dagger Spray","Outmaneuver"],"picked":"Blade Dance","floor":1.0},{"not_picked":["Reflex","PiercingWail"],"picked":"Blade Dance","floor":5.0},{"not_picked":["Slice","Setup"],"picked":"Dagger Spray","floor":8.0},{"not_picked":["Dagger Spray","Bane"],"picked":"Cloak And Dagger","floor":10.0},{"not_picked":["Poisoned Stab","Dagger Throw"],"picked":"Acrobatics","floor":12.0},{"not_picked":["PiercingWail","Slice+1"],"picked":"Dagger Throw+1","floor":14.0},{"not_picked":["Grand Finale+1","After Image"],"picked":"Bullet Time","floor":16.0},{"not_picked":["All Out Attack+1","Bane+1"],"picked":"Noxious Fumes+1","floor":18.0},{"not_picked":["Flying Knee+1","Dodge and Roll","Concentrate"],"picked":"SKIP","floor":23.0},{"not_picked":["Poisoned Stab+1","Underhanded Strike+1"],"picked":"Leg Sweep+1","floor":25.0},{"not_picked":["Dagger Spray+1","Dodge and Roll+1"],"picked":"Choke+1","floor":27.0},{"not_picked":["Underhanded Strike+1","Prepared+1"],"picked":"Glass Knife+1","floor":28.0},{"not_picked":["Poisoned Stab+1","Backflip","Eviscerate+1"],"picked":"SKIP","floor":29.0},{"not_picked":["Deadly Poison","Slice+1","Flying Knee+1"],"picked":"SKIP","floor":30.0},{"not_picked":["Phantasmal Killer","Unload+1"],"picked":"Burst","floor":33.0},{"not_picked":["Outmaneuver","Poisoned Stab+1"],"picked":"Bouncing Flask","floor":35.0},{"not_picked":["Crippling Poison","Cloak And Dagger"],"picked":"PiercingWail+1","floor":38.0},{"not_picked":["PiercingWail","Sucker Punch+1"],"picked":"Infinite Blades","floor":39.0},{"not_picked":["Slice+1","Riddle With Holes+1"],"picked":"Blade Dance+1","floor":41.0},{"not_picked":["Deflect","Eviscerate+1","Calculated Gamble+1"],"picked":"Singing Bowl","floor":44.0},{"not_picked":["Poisoned Stab+1","Outmaneuver","Burst"],"picked":"Singing Bowl","floor":47},{"not_picked":["Distraction+1","Cloak And Dagger"],"picked":"Well Laid Plans+1","floor":48}],"player_experience":612750,"relics_obtained":[{"floor":9.0,"key":"Letter Opener"},{"floor":13.0,"key":"Molten Egg 2"},{"floor":23.0,"key":"Meat on the Bone"},{"floor":26.0,"key":"Mercury Hourglass"},{"floor":39.0,"key":"Peace Pipe"},{"floor":41.0,"key":"Potion Belt"},{"floor":43.0,"key":"Singing Bowl"}],"event_choices":[{"damage_healed":0.0,"max_hp_gain":0.0,"max_hp_loss":5.0,"gold_gain":0.0,"event_name":"Golden Idol","player_choice":"Lose Max HP","floor":2.0,"gold_loss":0.0,"damage_taken":0.0,"relics_obtained":["Golden Idol"]},{"cards_removed":["Strike_G"],"damage_healed":0.0,"max_hp_gain":0.0,"max_hp_loss":0.0,"gold_gain":0.0,"event_name":"The Cleric","player_choice":"Card Removal","floor":3.0,"gold_loss":50.0,"damage_taken":0.0},{"damage_healed":0.0,"max_hp_gain":0.0,"max_hp_loss":0.0,"gold_gain":0.0,"event_name":"Shining Light","player_choice":"Entered Light","floor":4.0,"gold_loss":0.0,"damage_taken":13.0,"cards_upgraded":["Strike_G","Defend_G"]},{"damage_healed":0.0,"max_hp_gain":0.0,"max_hp_loss":0.0,"gold_gain":0.0,"event_name":"World of Goop","player_choice":"Left Gold","floor":7.0,"gold_loss":23.0,"damage_taken":0.0},{"damage_healed":0.0,"max_hp_gain":0.0,"max_hp_loss":0.0,"gold_gain":0.0,"event_name":"Forgotten Altar","player_choice":"Gave Idol","floor":20.0,"relics_lost":["Golden Idol"],"gold_loss":0.0,"damage_taken":0.0,"relics_obtained":["Bloody Idol"]},{"damage_healed":0.0,"max_hp_gain":0.0,"max_hp_loss":0.0,"gold_gain":0.0,"event_name":"Addict","player_choice":"Stole Relic","floor":21.0,"gold_loss":0.0,"damage_taken":0.0,"relics_obtained":["FossilizedHelix"],"cards_obtained":["Shame"]},{"damage_healed":0.0,"max_hp_gain":0.0,"max_hp_loss":0.0,"gold_gain":0.0,"event_name":"Nest","player_choice":"Joined the Cult","floor":22.0,"gold_loss":0.0,"damage_taken":6.0,"cards_obtained":["RitualDagger"]},{"damage_healed":0.0,"max_hp_gain":0.0,"max_hp_loss":0.0,"gold_gain":0.0,"event_name":"Masked Bandits","player_choice":"Paid Fearfully","floor":31.0,"gold_loss":183.0,"damage_taken":0.0},{"damage_healed":0.0,"max_hp_gain":0.0,"max_hp_loss":0.0,"gold_gain":0.0,"event_name":"Wheel of Change","player_choice":"Cursed","floor":36.0,"gold_loss":0.0,"damage_taken":0.0,"cards_obtained":["Decay"]},{"damage_healed":0.0,"max_hp_gain":0.0,"max_hp_loss":0.0,"gold_gain":0.0,"event_name":"MindBloom","player_choice":"Fight","floor":39.0,"gold_loss":0.0,"damage_taken":0.0},{"damage_healed":0.0,"max_hp_gain":0.0,"max_hp_loss":0.0,"gold_gain":0.0,"event_name":"Duplicator","player_choice":"Copied","floor":45.0,"gold_loss":0.0,"damage_taken":0.0,"cards_obtained":["Bullet Time"]}],"is_beta":false,"boss_relics":[{"not_picked":["Astrolabe","Pandora\u0027s Box"],"picked":"Snecko Eye"},{"not_picked":["HoveringKite","Runic Dome"],"picked":"Fusion Hammer"}],"items_purged_floors":[19,37],"is_endless":false,"potions_floor_spawned":[5,14,16,18,23,27,35,38,44,48],"ascension_level":2}}