{"host":"z2o61o1qvcmvhuul","time":1611480389,"event":{"mods":["BaseMod","Minty Spire (QoL Compilation)","Quick Restart","StSLib","SuperFastMode"],"gold_per_floor":[111,124,141,159,84,84,96,96,96,15,15,15,29,40,40,40,40],"floor_reached":16,"language":"ZHS","playtime":287,"items_purged":["Strike_G"],"score":188,"play_id":"a3d3eda3-1d6f-4e80-8c6b-7133fec34ea9","local_time":"20210124172629","is_ascension_mode":true,"campfire_choices":[{"data":"Blade Dance","floor":6.0,"key":"SMITH"},{"data":"Blade Dance","floor":11.0,"key":"SMITH"},{"data":"Neutralize","floor":15.0,"key":"SMITH"}],"circlet_count":0,"master_deck":["AscendersBane","Strike_G","Strike_G","Strike_G","Defend_G","Defend_G","Defend_G","Defend_G","Defend_G","Survivor","Neutralize+1","Blade Dance+1","Blade Dance+1","Backflip","After Image","Reflex","Acrobatics","Well Laid Plans"],"relics":["Ring of the Snake","NeowsBlessing","Eternal Feather"],"acts_visited":["Exordium"],"potions_floor_usage":[16],"damage_taken":[{"damage":0.0,"enemies":"Jaw Worm","floor":1.0,"turns":1.0},{"damage":0.0,"enemies":"Cultist","floor":2.0,"turns":1.0},{"damage":0.0,"enemies":"2 Louse","floor":3.0,"turns":1.0},{"damage":4.0,"enemies":"Blue Slaver","floor":4.0,"turns":3.0},{"damage":3.0,"enemies":"Exordium Wildlife","floor":7.0,"turns":4.0},{"damage":0.0,"enemies":"2 Fungi Beasts","floor":13.0,"turns":4.0},{"damage":9.0,"enemies":"Lots of Slimes","floor":14.0,"turns":4.0},{"damage":22,"enemies":"Slime Boss","floor":16,"turns":8}],"seed_played":"-2550386624778795656","potions_obtained":[{"floor":3.0,"key":"Block Potion"},{"floor":7.0,"key":"SkillPotion"}],"is_trial":false,"path_per_floor":["M","M","M","M","$","R","M","?","T","$","R","$","M","M","R","B"],"character_chosen":"THE_SILENT","items_purchased":["Reflex"],"campfire_rested":0,"item_purchase_floors":[10],"current_hp_per_floor":[59,59,59,55,55,55,52,52,52,52,61,61,61,52,61,39,39],"gold":40,"neow_bonus":"THREE_ENEMY_KILL","is_daily":false,"chose_seed":false,"campfire_upgraded":3,"win_rate":0.0,"timestamp":1611480389,"path_taken":["M","M","M","M","$","R","M","?","T","?","R","$","M","M","R","BOSS"],"items_purchased_type":["Card"],"build_version":"2020-12-22","purchased_purges":1,"victory":false,"max_hp_per_floor":[66,66,66,66,66,66,66,66,66,66,66,66,66,66,66,66,66],"card_choices":[{"not_picked":["Underhanded Strike","Distraction","Outmaneuver"],"picked":"SKIP","floor":1.0},{"not_picked":["Bane","Underhanded Strike"],"picked":"Blade Dance","floor":2.0},{"not_picked":["Skewer","Flechettes"],"picked":"Blade Dance","floor":3.0},{"not_picked":["Slice","Cloak And Dagger"],"picked":"Backflip","floor":4.0},{"not_picked":["PiercingWail","Dodge and Roll"],"picked":"After Image","floor":7.0},{"not_picked":["Escape Plan","Cloak And Dagger"],"picked":"Acrobatics","floor":13.0},{"not_picked":["Bane","Poisoned Stab"],"picked":"Well Laid Plans","floor":14.0}],"player_experience":448503,"relics_obtained":[{"floor":9.0,"key":"Eternal Feather"}],"event_choices":[{"cards_removed":["Strike_G"],"damage_healed":0.0,"max_hp_gain":0.0,"max_hp_loss":0.0,"gold_gain":0.0,"event_name":"Purifier","player_choice":"Purged","floor":8.0,"gold_loss":0.0,"damage_taken":0.0}],"is_beta":false,"boss_relics":[],"items_purged_floors":[5],"is_endless":false,"potions_floor_spawned":[3,7,13],"killed_by":"Slime Boss","ascension_level":20}}