{"host":"50per11302020","time":1611476676,"event":{"mods":["AchievementEnabler","BaseMod","Colored Map","Minty Spire (QoL Compilation)","Relic Stats","StSLib"],"gold_per_floor":[20,31,31,47,63,63,88,88,88,88,13,13,13,342,342,421,421,432,19,34,34,8,8,18,18,95,110,110,129,129,143,143,217,217,237,237,45,57,18,18,18,18,18,28,52,77,91,91,91],"floor_reached":48,"language":"ENG","playtime":2600,"items_purged":["Pain"],"score":879,"play_id":"4ce65335-5af1-4e62-929a-81aacd28517e","local_time":"20210124002436","is_ascension_mode":true,"campfire_choices":[{"data":"The Bomb","floor":6.0,"key":"SMITH"},{"data":"Fire Breathing","floor":10.0,"key":"SMITH"},{"floor":12.0,"key":"REST"},{"floor":15.0,"key":"REST"},{"data":"Flame Barrier","floor":23.0,"key":"SMITH"},{"data":"Uppercut","floor":25.0,"key":"SMITH"},{"data":"Rage","floor":28.0,"key":"SMITH"},{"floor":30.0,"key":"REST"},{"data":"True Grit","floor":32.0,"key":"SMITH"},{"floor":40,"key":"REST"},{"floor":42,"key":"REST"}],"circlet_count":0,"master_deck":["AscendersBane","Strike_R","Strike_R+1","Strike_R","Strike_R","Strike_R+1","Defend_R","Defend_R","Defend_R","Defend_R","Bash","The Bomb+1","Headbutt","Fire Breathing+1","Fiend Fire","Flame Barrier+1","Metallicize","Fiend Fire","Thunderclap+1","Uppercut+1","Thunderclap","Feed","Headbutt","Regret","Rage+1","Shrug It Off","Fiend Fire","True Grit+1","Metallicize","Metallicize","Brutality","Warcry+1","Bandage Up","Uppercut+1","Shrug It Off","Second Wind","Madness","Madness","Normality","Ghostly Armor","Regret","Disarm"],"relics":["Burning Blood","WarpedTongs","Champion Belt","Charon\u0027s Ashes","Old Coin","Mark of Pain","Gambling Chip","Molten Egg 2","Cursed Key","Meat on the Bone","MealTicket","Girya"],"acts_visited":["Exordium","TheCity","TheBeyond"],"potions_floor_usage":[33,44,48],"damage_taken":[{"damage":7.0,"enemies":"Jaw Worm","floor":1.0,"turns":3.0},{"damage":12.0,"enemies":"Cultist","floor":2.0,"turns":4.0},{"damage":10.0,"enemies":"Small Slimes","floor":4.0,"turns":5.0},{"damage":11.0,"enemies":"Looter","floor":5.0,"turns":4.0},{"damage":10.0,"enemies":"Gremlin Nob","floor":7.0,"turns":3.0},{"damage":15.0,"enemies":"Lagavulin","floor":14.0,"turns":5.0},{"damage":26.0,"enemies":"Slime Boss","floor":16.0,"turns":7.0},{"damage":32.0,"enemies":"Shell Parasite","floor":18.0,"turns":5.0},{"damage":2.0,"enemies":"3 Byrds","floor":20.0,"turns":2.0},{"damage":0.0,"enemies":"Centurion and Healer","floor":24.0,"turns":4.0},{"damage":15.0,"enemies":"Chosen and Byrds","floor":27.0,"turns":4.0},{"damage":29.0,"enemies":"Shelled Parasite and Fungi","floor":29.0,"turns":5.0},{"damage":0.0,"enemies":"Snecko","floor":31.0,"turns":4.0},{"damage":37,"enemies":"Champ","floor":33,"turns":14},{"damage":31,"enemies":"3 Darklings","floor":35,"turns":4},{"damage":19,"enemies":"Orb Walker","floor":38,"turns":4},{"damage":46,"enemies":"Writhing Mass","floor":44,"turns":7},{"damage":13,"enemies":"Mind Bloom Boss Battle","floor":46,"turns":7},{"damage":24,"enemies":"3 Darklings","floor":47,"turns":4},{"damage":58,"enemies":"Nemesis","floor":48,"turns":9}],"seed_played":"-8997689894424399038","potions_obtained":[{"floor":1.0,"key":"Explosive Potion"},{"floor":4.0,"key":"LiquidMemories"},{"floor":14.0,"key":"CultistPotion"},{"floor":24.0,"key":"Fire Potion"},{"floor":29.0,"key":"ColorlessPotion"},{"floor":31.0,"key":"Energy Potion"},{"floor":46,"key":"SteroidPotion"}],"is_trial":false,"path_per_floor":["M","M","?","M","M","R","E","?","T","R","$","R","?","E","R","B",null,"M","$","M","?","$","R","M","R","T","M","R","M","R","M","R","B",null,"M","?","$","M","$","R","?","R","T","M","T","?","M","E"],"character_chosen":"IRONCLAD","items_purchased":["Gambling Chip","Uppercut","Shrug It Off","Bandage Up","Uppercut+1","Second Wind"],"campfire_rested":5,"item_purchase_floors":[19,19,22,37,37,39],"current_hp_per_floor":[67,61,61,57,52,52,48,53,53,53,53,77,53,44,68,48,72,46,46,50,50,50,50,60,60,60,54,54,34,61,67,67,36,77,52,52,52,43,43,70,54,81,81,57,57,56,50,0,0],"gold":91,"neow_bonus":"RANDOM_COLORLESS_2","is_daily":false,"chose_seed":false,"campfire_upgraded":6,"win_rate":0.0,"timestamp":1611476676,"path_taken":["M","M","?","M","?","R","E","?","T","R","$","R","?","E","R","BOSS","M","$","M","?","?","R","M","R","T","?","R","M","R","M","R","BOSS","M","?","$","M","$","R","?","R","T","M","?","?","M","E"],"items_purchased_type":["Relic","Card","Card","Card","Card","Card"],"build_version":"2020-12-18","purchased_purges":1,"victory":false,"max_hp_per_floor":[75,75,75,75,75,75,75,80,80,80,80,80,80,80,80,80,80,80,80,80,80,80,80,84,84,84,87,87,90,90,90,90,90,90,90,90,90,90,90,90,90,90,90,90,90,90,90,90,90],"relic_stats":{"counters":[20,104],"Gambling Chip":[43],"MealTicket":0,"Charon\u0027s Ashes":[275],"Champion Belt":[60],"Cursed Key":2,"obtain_stats":[{"Girya":46,"Gambling Chip":19,"Molten Egg 2":26,"MealTicket":45,"Charon\u0027s Ashes":9,"Mark of Pain":17,"Champion Belt":7,"Cursed Key":34,"Burning Blood":0,"WarpedTongs":3,"Old Coin":14,"Meat on the Bone":43},{"Girya":18,"Gambling Chip":8,"Molten Egg 2":10,"MealTicket":17,"Charon\u0027s Ashes":5,"Mark of Pain":7,"Champion Belt":5,"Cursed Key":14,"Burning Blood":0,"WarpedTongs":2,"Old Coin":6,"Meat on the Bone":16},{"Girya":91,"Gambling Chip":36,"Molten Egg 2":42,"MealTicket":84,"Charon\u0027s Ashes":19,"Mark of Pain":31,"Champion Belt":19,"Cursed Key":69,"Burning Blood":0,"WarpedTongs":7,"Old Coin":24,"Meat on the Bone":77}],"Burning Blood":114,"WarpedTongs":[96],"Meat on the Bone":24},"card_choices":[{"not_picked":["Chrysalis","Magnetism"],"picked":"The Bomb","floor":0.0},{"not_picked":["Thunderclap","Perfected Strike"],"picked":"Headbutt","floor":1.0},{"not_picked":["Flex","Blood for Blood"],"picked":"Fire Breathing","floor":2.0},{"not_picked":["Cleave","Headbutt"],"picked":"Fiend Fire","floor":4.0},{"not_picked":["Uppercut","Sword Boomerang","Havoc"],"picked":"SKIP","floor":5.0},{"not_picked":["Warcry","Heavy Blade"],"picked":"Flame Barrier","floor":7.0},{"not_picked":["Body Slam","Uppercut"],"picked":"Metallicize","floor":14.0},{"not_picked":["Berserk","Juggernaut"],"picked":"Fiend Fire","floor":16.0},{"not_picked":["True Grit","Pommel Strike"],"picked":"Thunderclap+1","floor":18.0},{"not_picked":["Uppercut","Perfected Strike"],"picked":"Thunderclap","floor":20.0},{"not_picked":["Battle Trance","Inflame+1"],"picked":"Fiend Fire","floor":24.0},{"not_picked":["Twin Strike+1","Heavy Blade+1"],"picked":"True Grit","floor":27.0},{"not_picked":["Twin Strike+1","Anger+1"],"picked":"Metallicize","floor":29.0},{"not_picked":["Dropkick+1","Wild Strike+1"],"picked":"Metallicize","floor":31.0},{"not_picked":["Fiend Fire+1","Juggernaut"],"picked":"Brutality","floor":33},{"not_picked":["Wild Strike+1","Carnage+1"],"picked":"Warcry+1","floor":35},{"not_picked":["Heavy Blade+1","Pommel Strike+1"],"picked":"Shrug It Off","floor":38},{"not_picked":["Pommel Strike+1","Heavy Blade+1"],"picked":"Ghostly Armor","floor":44},{"not_picked":["Headbutt+1","True Grit"],"picked":"Disarm","floor":46},{"not_picked":["Entrench","Iron Wave+1","Bludgeon+1"],"picked":"SKIP","floor":47}],"player_experience":358397,"relics_obtained":[{"floor":7.0,"key":"Champion Belt"},{"floor":9.0,"key":"Charon\u0027s Ashes"},{"floor":14.0,"key":"Old Coin"},{"floor":26.0,"key":"Molten Egg 2"},{"floor":43,"key":"Meat on the Bone"},{"floor":45,"key":"MealTicket"},{"floor":46,"key":"Girya"}],"event_choices":[{"damage_healed":0.0,"max_hp_gain":0.0,"max_hp_loss":0.0,"gold_gain":0.0,"event_name":"Accursed Blacksmith","player_choice":"Rummage","floor":3.0,"gold_loss":0.0,"damage_taken":0.0,"relics_obtained":["WarpedTongs"],"cards_obtained":["Pain"]},{"damage_healed":0.0,"max_hp_gain":5.0,"max_hp_loss":0.0,"gold_gain":0.0,"event_name":"Big Fish","player_choice":"Donut","floor":8.0,"gold_loss":0.0,"damage_taken":0.0},{"damage_healed":0.0,"max_hp_gain":0.0,"max_hp_loss":0.0,"gold_gain":0.0,"event_name":"Shining Light","player_choice":"Entered Light","floor":13.0,"gold_loss":0.0,"damage_taken":24.0,"cards_upgraded":["Strike_R","Strike_R"]},{"damage_healed":0.0,"max_hp_gain":0.0,"max_hp_loss":0.0,"gold_gain":0.0,"event_name":"Match and Keep!","player_choice":"4 cards matched","floor":21.0,"gold_loss":0.0,"damage_taken":0.0,"cards_obtained":["Feed","Headbutt","Regret","Rage"]},{"damage_healed":0,"gold_gain":0,"player_choice":"Ignored","damage_taken":0,"max_hp_gain":0,"max_hp_loss":0,"event_name":"Tomb of Lord Red Mask","floor":36,"gold_loss":0},{"damage_healed":0,"gold_gain":0,"player_choice":"Embrace Madness","damage_taken":16,"max_hp_gain":0,"max_hp_loss":0,"event_name":"Winding Halls","floor":41,"gold_loss":0,"cards_obtained":["Madness","Madness"]},{"damage_healed":0,"gold_gain":0,"player_choice":"Fight","damage_taken":0,"max_hp_gain":0,"max_hp_loss":0,"event_name":"MindBloom","floor":46,"gold_loss":0}],"is_beta":true,"boss_relics":[{"not_picked":["SacredBark","Sozu"],"picked":"Mark of Pain"},{"not_picked":["Philosopher\u0027s Stone","Velvet Choker"],"picked":"Cursed Key"}],"items_purged_floors":[11],"is_endless":false,"potions_floor_spawned":[1,4,14,16,24,29,31,46],"killed_by":"Nemesis","ascension_level":19}}