{"host":"shb6fs4xkmgx64v4","time":1611508899,"event":{"mods":["AchievementEnabler","BaseMod","Colored Map","Downfall","Minty Spire (QoL Compilation)","StSLib"],"gold_per_floor":[0,19,19,36,48,58,58,58,74,74,87,387,387,400,416,416,416,416],"floor_reached":16,"language":"ENG","playtime":971,"items_purged":[],"score":96,"play_id":"4373b28f-f41b-4aae-96af-ff3b23403298","local_time":"20210124122139","is_ascension_mode":false,"campfire_choices":[{"data":"Apotheosis","floor":1,"key":"SMITH"},{"floor":13,"key":"REST"}],"circlet_count":0,"master_deck":["sneckomod:Strike","sneckomod:Strike","sneckomod:Strike","sneckomod:Defend","sneckomod:Defend","sneckomod:Defend","sneckomod:TailWhip","sneckomod:SnekBite","sneckomod:Unknown","sneckomod:Unknown","Apotheosis+1","sneckomod:SoulCleanse","sneckomod:UnknownColorless","sneckomod:UnknownDexterity","sneckomod:CheapStock+1","sneckomod:SnekBeam","sneckomod:UnknownStrength","CurseOfTheBell","CurseOfTheBell","sneckomod:UnknownDraw","sneckomod:Unknown0Cost"],"relics":["sneckomod:SneckoSoul","downfall:ExtraCursedBell","Akabeko","Meat on the Bone","Old Coin"],"acts_visited":["Exordium"],"potions_floor_usage":[16,16],"damage_taken":[{"damage":6,"enemies":"Jaw Worm","floor":2,"turns":3},{"damage":7,"enemies":"Small Slimes","floor":4,"turns":3},{"damage":0,"enemies":"Cultist","floor":5,"turns":3},{"damage":9,"enemies":"Blue Slaver","floor":6,"turns":3},{"damage":25,"enemies":"Exordium Wildlife","floor":9,"turns":6},{"damage":25,"enemies":"Gremlin Gang","floor":11,"turns":5},{"damage":5,"enemies":"3 Louse","floor":14,"turns":3},{"damage":1,"enemies":"Blue Slaver","floor":15,"turns":3},{"damage":63,"enemies":"WA_ARCHETYPE_RETAIN","floor":16,"turns":12}],"seed_played":"6033370744164619345","potions_obtained":[{"floor":2,"key":"FearPotion"},{"floor":9,"key":"EssenceOfSteel"},{"floor":11,"key":"Dexterity Potion"}],"is_trial":false,"path_per_floor":["R","M","?","M","M","M","T","?","M","?","M","?","R","M","M","B"],"character_chosen":"THE_SNECKO","items_purchased":[],"campfire_rested":1,"item_purchase_floors":[],"current_hp_per_floor":[90,84,84,77,83,74,74,79,54,54,29,29,57,52,51,0,0,0],"gold":416,"neow_bonus":"RANDOM_COLORLESS_2","is_daily":false,"chose_seed":false,"campfire_upgraded":1,"win_rate":0.0,"timestamp":1611508899,"path_taken":["R","M","?","M","M","M","T","?","M","?","?","?","R","M","M","BOSS"],"items_purchased_type":[],"build_version":"2020-12-22","purchased_purges":0,"victory":false,"max_hp_per_floor":[90,90,90,90,90,90,90,95,95,95,95,95,95,95,95,95,95,95],"card_choices":[{"not_picked":["Sadistic Nature","Master of Strategy"],"picked":"Apotheosis","floor":0},{"not_picked":["sneckomod:UnknownCommonAttack","sneckomod:SnakeSap"],"picked":"sneckomod:SoulCleanse","floor":2},{"not_picked":["sneckomod:SoulRoll","sneckomod:SnekBeam"],"picked":"sneckomod:UnknownColorless","floor":4},{"not_picked":["sneckomod:DiceBlock","sneckomod:DiceBoulder"],"picked":"sneckomod:UnknownDexterity","floor":5},{"not_picked":["sneckomod:DefensiveFlair","sneckomod:SoulRoll"],"picked":"sneckomod:CheapStock","floor":6},{"not_picked":["sneckomod:RainOfDice","sneckomod:UnknownDraw"],"picked":"sneckomod:SnekBeam","floor":9},{"not_picked":["sneckomod:TrashToTreasure","sneckomod:SnekBeam"],"picked":"sneckomod:UnknownStrength","floor":11},{"not_picked":["sneckomod:UnknownStrike","sneckomod:UnknownDexterity"],"picked":"sneckomod:UnknownDraw","floor":14},{"not_picked":["sneckomod:WideSting","sneckomod:SerpentIdol"],"picked":"sneckomod:Unknown0Cost","floor":15}],"player_experience":274215,"relics_obtained":[{"floor":12,"key":"Akabeko"},{"floor":12,"key":"Meat on the Bone"},{"floor":12,"key":"Old Coin"}],"event_choices":[{"damage_healed":0,"gold_gain":0,"player_choice":"Donut","damage_taken":0,"max_hp_gain":5,"max_hp_loss":0,"event_name":"Big Fish","floor":8,"gold_loss":0},{"damage_healed":0,"gold_gain":0,"player_choice":"Forge","damage_taken":0,"max_hp_gain":0,"max_hp_loss":0,"event_name":"Accursed Blacksmith","floor":10,"gold_loss":0,"cards_upgraded":["sneckomod:CheapStock"]}],"is_beta":false,"boss_relics":[],"items_purged_floors":[],"is_endless":false,"potions_floor_spawned":[2,9,11,15],"killed_by":"WA_ARCHETYPE_RETAIN","ascension_level":0}}