{"host":"ft78nznc4009qqbv","time":1611488737,"event":{"mods":["BaseMod","Minty Spire (QoL Compilation)","Quick Restart","StSLib","SuperFastMode"],"gold_per_floor":[109,125,143,70,84,84,110,110,110,145,145,180,196,209,209,309,309,325,343,356,375,3,3,3,19,19,31,31,64,64,14,14,117,117,131,131,181,181,181,181,206,226,252,287,287,287,300,311,311,311],"floor_reached":51,"language":"ZHS","playtime":1969,"items_purged":["Strike_G","Strike_G"],"score":897,"play_id":"7bb964ad-2a99-494c-868b-3176de10c06f","local_time":"20210124194537","is_ascension_mode":true,"campfire_choices":[{"data":"Catalyst","floor":6.0,"key":"SMITH"},{"floor":8.0,"key":"REST"},{"data":"Bouncing Flask","floor":11.0,"key":"SMITH"},{"floor":15.0,"key":"REST"},{"data":"Deadly Poison","floor":23.0,"key":"SMITH"},{"floor":28.0,"key":"REST"},{"data":"Outmaneuver","floor":32.0,"key":"SMITH"},{"floor":40.0,"key":"DIG"},{"floor":45.0,"key":"REST"},{"data":"Burst","floor":49.0,"key":"SMITH"}],"circlet_count":0,"master_deck":["Defend_G","Defend_G+1","Defend_G","Defend_G","Defend_G","Survivor","Neutralize+1","Catalyst+1","Backflip","Bouncing Flask+1","Deflect","Deadly Poison+1","PiercingWail+1","Deadly Poison+1","Distraction+1","Night Terror+1","PiercingWail","Acrobatics","Deadly Poison","Crippling Poison","Outmaneuver+1","Burst+1","CurseOfTheBell","Noxious Fumes","Outmaneuver+1","Bouncing Flask+1"],"relics":["Ring of the Snake","Regal Pillow","The Courier","Du-Vu Doll","Smiling Mask","Astrolabe","War Paint","Orichalcum","Blue Candle","Anchor","MutagenicStrength","Calling Bell","Ancient Tea Set","Shuriken","Peace Pipe","Shovel","Whetstone","Pear","Happy Flower","Strawberry"],"acts_visited":["Exordium","TheCity","TheBeyond"],"potions_floor_usage":[50],"damage_taken":[{"damage":0.0,"enemies":"Small Slimes","floor":1.0,"turns":3.0},{"damage":7.0,"enemies":"Jaw Worm","floor":2.0,"turns":7.0},{"damage":4.0,"enemies":"2 Louse","floor":3.0,"turns":3.0},{"damage":1.0,"enemies":"Looter","floor":5.0,"turns":3.0},{"damage":37.0,"enemies":"3 Sentries","floor":7.0,"turns":14.0},{"damage":12.0,"enemies":"Lagavulin","floor":10.0,"turns":4.0},{"damage":0.0,"enemies":"Gremlin Nob","floor":12.0,"turns":2.0},{"damage":5.0,"enemies":"Large Slime","floor":13.0,"turns":6.0},{"damage":0.0,"enemies":"Blue Slaver","floor":14.0,"turns":3.0},{"damage":61.0,"enemies":"Slime Boss","floor":16.0,"turns":10.0},{"damage":0.0,"enemies":"Spheric Guardian","floor":18.0,"turns":2.0},{"damage":0.0,"enemies":"Chosen","floor":19.0,"turns":4.0},{"damage":12.0,"enemies":"Snecko","floor":20.0,"turns":3.0},{"damage":14.0,"enemies":"Cultist and Chosen","floor":21.0,"turns":4.0},{"damage":2.0,"enemies":"Snake Plant","floor":25.0,"turns":4.0},{"damage":13.0,"enemies":"Snecko","floor":27.0,"turns":5.0},{"damage":11.0,"enemies":"Gremlin Leader","floor":29.0,"turns":6.0},{"damage":4.0,"enemies":"Automaton","floor":33.0,"turns":5.0},{"damage":14.0,"enemies":"3 Shapes","floor":35.0,"turns":6.0},{"damage":0.0,"enemies":"Mind Bloom Boss Battle","floor":37.0,"turns":3.0},{"damage":3.0,"enemies":"Giant Head","floor":41.0,"turns":5.0},{"damage":24.0,"enemies":"3 Darklings","floor":42.0,"turns":7.0},{"damage":5.0,"enemies":"Reptomancer","floor":44.0,"turns":2.0},{"damage":14.0,"enemies":"Jaw Worm Horde","floor":47.0,"turns":3.0},{"damage":0.0,"enemies":"Transient","floor":48.0,"turns":5.0},{"damage":29,"enemies":"Time Eater","floor":50,"turns":5}],"seed_played":"-1351647074863597380","potions_obtained":[{"floor":1.0,"key":"Regen Potion"},{"floor":3.0,"key":"Poison Potion"},{"floor":5.0,"key":"EntropicBrew"},{"floor":10.0,"key":"Weak Potion"},{"floor":13.0,"key":"Block Potion"},{"floor":19.0,"key":"EssenceOfSteel"},{"floor":20.0,"key":"ColorlessPotion"},{"floor":21.0,"key":"BlessingOfTheForge"},{"floor":33.0,"key":"Swift Potion"},{"floor":41.0,"key":"LiquidMemories"}],"is_trial":false,"path_per_floor":["M","M","M","$","M","R","E","R","T","E","R","E","M","M","R","B",null,"M","M","M","M","$","R","?","M","T","M","R","E","?","$","R","B",null,"M","?","?","?","?","R","E","M","T","E","R","?","M","M","R","B",null],"character_chosen":"THE_SILENT","items_purchased":["Bouncing Flask","War Paint","Orichalcum","Acrobatics","Deadly Poison"],"campfire_rested":4,"item_purchase_floors":[4,22,22,22,22],"current_hp_per_floor":[77,70,66,66,65,65,28,66,66,54,54,63,58,58,77,16,77,77,77,65,51,51,51,51,49,49,36,74,63,63,63,63,59,77,63,63,63,63,63,63,70,46,46,48,91,89,75,75,75,46],"gold":311,"neow_bonus":"TEN_PERCENT_HP_BONUS","is_daily":false,"chose_seed":false,"campfire_upgraded":5,"win_rate":0.0,"timestamp":1611488737,"path_taken":["M","M","M","$","M","R","E","R","T","E","R","E","M","M","R","BOSS","M","M","M","M","$","R","?","M","T","M","R","E","?","?","R","BOSS","M","?","?","?","?","R","E","M","T","E","R","?","?","M","R","BOSS"],"items_purchased_type":["Card","Relic","Relic","Card","Card"],"build_version":"2020-12-22","purchased_purges":2,"victory":true,"max_hp_per_floor":[77,77,77,77,77,77,77,77,77,77,77,77,77,77,77,77,77,77,77,77,77,77,77,77,77,77,77,77,77,77,77,77,77,77,77,77,77,77,77,77,87,87,87,94,94,89,89,89,89,89],"card_choices":[{"not_picked":["Caltrops","Quick Slash"],"picked":"Catalyst","floor":1.0},{"not_picked":["Concentrate","Distraction","Dagger Spray"],"picked":"SKIP","floor":2.0},{"not_picked":["Acrobatics","Dash"],"picked":"Backflip","floor":3.0},{"not_picked":["Dash","Quick Slash"],"picked":"Deflect","floor":5.0},{"not_picked":["Venomology","Well Laid Plans","Dagger Throw"],"picked":"SKIP","floor":7.0},{"not_picked":["Well Laid Plans","Glass Knife","Leg Sweep"],"picked":"SKIP","floor":10.0},{"not_picked":["Sucker Punch","Cloak And Dagger","Flying Knee"],"picked":"SKIP","floor":12.0},{"not_picked":["Bouncing Flask","Backflip"],"picked":"Deadly Poison","floor":13.0},{"not_picked":["Eviscerate","All Out Attack"],"picked":"PiercingWail","floor":14.0},{"not_picked":["Distraction+1","Bane","Quick Slash"],"picked":"SKIP","floor":18.0},{"not_picked":["Quick Slash","Poisoned Stab"],"picked":"PiercingWail","floor":19.0},{"not_picked":["Deflect+1","Sucker Punch+1","Poisoned Stab"],"picked":"SKIP","floor":20.0},{"not_picked":["Deadly Poison+1","Predator+1","Cloak And Dagger+1"],"picked":"SKIP","floor":21.0},{"not_picked":["Prepared","Endless Agony","Dash"],"picked":"SKIP","floor":25.0},{"not_picked":["Cloak And Dagger+1","Dash","Slice"],"picked":"SKIP","floor":27.0},{"not_picked":["Unload","Flying Knee"],"picked":"Outmaneuver","floor":29.0},{"not_picked":["Corpse Explosion","Night Terror"],"picked":"Burst","floor":33.0},{"not_picked":["Finisher","Flying Knee+1","Heel Hook+1"],"picked":"SKIP","floor":35.0},{"not_picked":["Venomology","Footwork+1"],"picked":"Noxious Fumes","floor":37.0},{"not_picked":["Bane","Dagger Throw+1","Leg Sweep+1"],"picked":"SKIP","floor":41.0},{"not_picked":["Cloak And Dagger+1","Skewer+1","Terror+1"],"picked":"SKIP","floor":42.0},{"not_picked":["Storm of Steel","Poisoned Stab+1","Backstab"],"picked":"SKIP","floor":44.0},{"not_picked":["Concentrate","PiercingWail"],"picked":"Outmaneuver+1","floor":47.0},{"not_picked":["Bane","Escape Plan"],"picked":"Bouncing Flask+1","floor":48.0}],"player_experience":82734,"relics_obtained":[{"floor":7.0,"key":"Regal Pillow"},{"floor":9.0,"key":"The Courier"},{"floor":10.0,"key":"Du-Vu Doll"},{"floor":12.0,"key":"Smiling Mask"},{"floor":26.0,"key":"Blue Candle"},{"floor":29.0,"key":"Anchor"},{"floor":34.0,"key":"Ancient Tea Set"},{"floor":34.0,"key":"Shuriken"},{"floor":34.0,"key":"Peace Pipe"},{"floor":37.0,"key":"Shovel"},{"floor":40.0,"key":"Whetstone"},{"floor":41.0,"key":"Pear"},{"floor":43.0,"key":"Happy Flower"},{"floor":44.0,"key":"Strawberry"}],"event_choices":[{"damage_healed":0.0,"max_hp_gain":0.0,"max_hp_loss":0.0,"gold_gain":0.0,"event_name":"The Library","player_choice":"Read","floor":24.0,"gold_loss":0.0,"damage_taken":0.0,"cards_obtained":["Crippling Poison"]},{"damage_healed":0.0,"max_hp_gain":0.0,"max_hp_loss":0.0,"gold_gain":0.0,"event_name":"Drug Dealer","player_choice":"Inject Mutagens","floor":30.0,"gold_loss":0.0,"damage_taken":0.0,"relics_obtained":["MutagenicStrength"]},{"damage_healed":0.0,"max_hp_gain":0.0,"max_hp_loss":0.0,"gold_gain":0.0,"event_name":"Mysterious Sphere","player_choice":"Ignored","floor":36.0,"gold_loss":0.0,"damage_taken":0.0},{"damage_healed":0.0,"max_hp_gain":0.0,"max_hp_loss":0.0,"gold_gain":0.0,"event_name":"MindBloom","player_choice":"Fight","floor":37.0,"gold_loss":0.0,"damage_taken":0.0},{"damage_healed":0.0,"max_hp_gain":0.0,"max_hp_loss":0.0,"gold_gain":0.0,"event_name":"SensoryStone","player_choice":"Memory 1","floor":38.0,"gold_loss":0.0,"damage_taken":0.0},{"damage_healed":0.0,"max_hp_gain":0.0,"max_hp_loss":0.0,"gold_gain":0.0,"event_name":"Tomb of Lord Red Mask","player_choice":"Ignored","floor":39.0,"gold_loss":0.0,"damage_taken":0.0},{"damage_healed":0.0,"max_hp_gain":0.0,"max_hp_loss":5.0,"gold_gain":0.0,"event_name":"Winding Halls","player_choice":"Max HP","floor":46.0,"gold_loss":0.0,"damage_taken":0.0}],"is_beta":false,"boss_relics":[{"not_picked":["Black Star","Coffee Dripper"],"picked":"Astrolabe"},{"not_picked":["Tiny House","HoveringKite"],"picked":"Calling Bell"}],"items_purged_floors":[22,31],"is_endless":false,"potions_floor_spawned":[1,3,5,10,13,19,20,21,33,41,42],"ascension_level":2}}