{"host":"xsuxkwaivmtd234a","time":1611505568,"event":{"mods":["BaseMod","Colored Map","Filter the Spire","Minty Spire (QoL Compilation)","Relic Stats","StSLib"],"gold_per_floor":[113,113,130,145,145,145,172,185,185,218,218,246,259,286,286,383,383,393,237,254,254,254,281,281,308,308,335,335,31,31,31,31,136,136,151,4,4,14,32,60,60,87,87,87,47,47,62,76,76,76,76,76,5,36,36],"floor_reached":56,"language":"ENG","playtime":3713,"items_purged":["Strike_G","Strike_G"],"score":1649,"play_id":"98ee1fb9-4124-4580-a5bf-e03c0bfa66b8","local_time":"20210124112608","is_ascension_mode":true,"campfire_choices":[{"floor":6,"key":"REST"},{"data":"Crippling Poison","floor":11,"key":"SMITH"},{"data":"Catalyst","floor":15,"key":"SMITH"},{"floor":24,"key":"REST"},{"floor":30,"key":"REST"},{"data":"Wraith Form v2","floor":32,"key":"SMITH"},{"floor":41,"key":"REST"},{"data":"Catalyst","floor":44,"key":"SMITH"},{"data":"Catalyst","floor":46,"key":"SMITH"},{"floor":49,"key":"RECALL"},{"floor":52,"key":"REST"}],"circlet_count":0,"master_deck":["Defend_G+1","Defend_G+1","Defend_G","Defend_G","Defend_G","Survivor","Neutralize","Poisoned Stab","Envenom","Crippling Poison+1","Catalyst+1","Deadly Poison","Caltrops","Leg Sweep","Bane","Wraith Form v2+1","Dash","Leg Sweep","Infinite Blades","Choke","Predator+1","Catalyst+1","Catalyst+1","Dark Shackles","Noxious Fumes","Die Die Die+1","PiercingWail+1","Master of Strategy","Leg Sweep+1","Hologram+1","TalkToTheHand+1","DevaForm","Deadly Poison","Noxious Fumes","Discovery+1"],"relics":["Snecko Eye","Lantern","Pear","Orichalcum","Oddly Smooth Stone","Odd Mushroom","War Paint","Runic Dome","Question Card","Molten Egg 2","Bronze Scales","Paper Crane","Letter Opener","Membership Card","Strawberry","Empty Cage","PrismaticShard","Bag of Marbles","Juzu Bracelet","Happy Flower","Bottled Lightning"],"acts_visited":["Exordium","TheCity","TheBeyond","TheEnding"],"potions_floor_usage":[7,10,13,14,27,27,38,55,55],"damage_taken":[{"damage":7,"enemies":"Small Slimes","floor":1,"turns":6},{"damage":14,"enemies":"2 Louse","floor":3,"turns":4},{"damage":0,"enemies":"Jaw Worm","floor":4,"turns":4},{"damage":11,"enemies":"3 Sentries","floor":7,"turns":7},{"damage":3,"enemies":"Looter","floor":8,"turns":4},{"damage":9,"enemies":"Lagavulin","floor":10,"turns":4},{"damage":0,"enemies":"The Mushroom Lair","floor":12,"turns":4},{"damage":0,"enemies":"Blue Slaver","floor":13,"turns":2},{"damage":9,"enemies":"3 Sentries","floor":14,"turns":12},{"damage":0,"enemies":"Hexaghost","floor":16,"turns":9},{"damage":1,"enemies":"Shell Parasite","floor":18,"turns":6},{"damage":20,"enemies":"Spheric Guardian","floor":20,"turns":6},{"damage":8,"enemies":"Book of Stabbing","floor":23,"turns":5},{"damage":48,"enemies":"Gremlin Leader","floor":25,"turns":8},{"damage":0,"enemies":"Slavers","floor":27,"turns":4},{"damage":42,"enemies":"Automaton","floor":33,"turns":8},{"damage":2,"enemies":"3 Darklings","floor":35,"turns":3},{"damage":20,"enemies":"3 Shapes","floor":38,"turns":4},{"damage":0,"enemies":"Spire Growth","floor":39,"turns":5},{"damage":1,"enemies":"Nemesis","floor":40,"turns":7},{"damage":0,"enemies":"Giant Head","floor":42,"turns":6},{"damage":0,"enemies":"Maw","floor":47,"turns":4},{"damage":0,"enemies":"Transient","floor":48,"turns":5},{"damage":40,"enemies":"Donu and Deca","floor":50,"turns":7},{"damage":6,"enemies":"Shield and Spear","floor":54,"turns":7},{"damage":28,"enemies":"The Heart","floor":55,"turns":7}],"seed_played":"-2554535403661862000","potions_obtained":[{"floor":3,"key":"DuplicationPotion"},{"floor":7,"key":"Poison Potion"},{"floor":10,"key":"PowerPotion"},{"floor":12,"key":"Poison Potion"},{"floor":18,"key":"Block Potion"},{"floor":20,"key":"Fruit Juice"},{"floor":25,"key":"Poison Potion"},{"floor":27,"key":"FearPotion"},{"floor":39,"key":"DistilledChaos"},{"floor":40,"key":"SmokeBomb"},{"floor":45,"key":"DuplicationPotion"},{"floor":45,"key":"FairyPotion"}],"is_trial":false,"path_per_floor":["M","?","M","M","?","R","E","M","T","E","R","?","M","E","R","B",null,"M","$","M","?","?","E","R","E","T","E","T","$","R","?","R","B",null,"M","$","?","M","M","E","R","E","T","R","?","R","M","M","R","B",null,"R","$","E","B",null],"character_chosen":"THE_SILENT","items_purchased":["Dash","Membership Card","Catalyst","Dark Shackles","Noxious Fumes","PrismaticShard","Bag of Marbles","Weak Potion","Deadly Poison","Noxious Fumes"],"campfire_rested":5,"item_purchase_floors":[19,29,29,29,29,36,36,53,53,53],"current_hp_per_floor":[63,68,54,54,29,51,50,47,47,38,38,38,38,29,29,29,71,70,70,50,50,50,42,67,19,19,24,24,24,51,58,58,16,77,75,75,75,55,55,54,83,83,83,83,83,83,83,83,83,43,84,97,97,91,63],"gold":36,"neow_bonus":"BOSS_RELIC","is_daily":false,"chose_seed":false,"campfire_upgraded":5,"win_rate":0.0,"timestamp":1611505568,"path_taken":["M","?","M","M","?","R","E","M","T","E","R","?","?","E","R","BOSS","M","$","M","?","?","E","R","E","T","E","?","$","R","?","R","BOSS","M","$","?","?","M","E","R","E","T","R","?","R","M","M","R","BOSS","R","$","E","BOSS"],"items_purchased_type":["Card","Relic","Card","Card","Card","Relic","Relic","Potion","Card","Card"],"build_version":"2020-12-22","purchased_purges":2,"victory":true,"max_hp_per_floor":[70,75,75,75,75,75,85,85,85,85,85,85,85,85,85,85,85,85,85,85,85,85,85,85,85,85,90,90,90,90,97,97,97,97,97,97,97,97,97,97,97,97,97,97,97,97,97,97,97,97,97,97,97,97,97],"relic_stats":{"Happy Flower":[10],"counters":[26,148],"Bronze Scales":[271],"Snecko Eye":[240,240,257,274],"Juzu Bracelet":0,"Letter Opener":[156],"Orichalcum":[96],"War Paint":["Defend_G","Defend_G"],"Question Card":11,"obtain_stats":[{"Lantern":5,"Pear":7,"Happy Flower":42,"Oddly Smooth Stone":10,"Juzu Bracelet":40,"Letter Opener":28,"Orichalcum":9,"Odd Mushroom":12,"War Paint":14,"Paper Crane":27,"Question Card":23,"Empty Cage":34,"PrismaticShard":36,"Runic Dome":17,"Bronze Scales":26,"Strawberry":31,"Snecko Eye":0,"Molten Egg 2":25,"Bag of Marbles":36,"Membership Card":29,"Bottled Lightning":54,"Ring of the Snake":0},{"Lantern":3,"Pear":4,"Happy Flower":21,"Oddly Smooth Stone":6,"Juzu Bracelet":20,"Letter Opener":15,"Orichalcum":5,"Odd Mushroom":7,"War Paint":9,"Paper Crane":15,"Question Card":13,"Empty Cage":16,"PrismaticShard":17,"Runic Dome":10,"Bronze Scales":14,"Strawberry":15,"Snecko Eye":0,"Molten Egg 2":14,"Bag of Marbles":17,"Membership Card":15,"Bottled Lightning":25,"Ring of the Snake":0},{"Lantern":14,"Pear":21,"Happy Flower":118,"Oddly Smooth Stone":29,"Juzu Bracelet":112,"Letter Opener":85,"Orichalcum":25,"Odd Mushroom":33,"War Paint":47,"Paper Crane":85,"Question Card":73,"Empty Cage":93,"PrismaticShard":96,"Runic Dome":56,"Bronze Scales":81,"Strawberry":85,"Snecko Eye":0,"Molten Egg 2":81,"Bag of Marbles":96,"Membership Card":85,"Bottled Lightning":141,"Ring of the Snake":0}]},"card_choices":[{"not_picked":["Flying Knee","Backflip"],"picked":"Poisoned Stab","floor":1},{"not_picked":["Dagger Spray","Cloak And Dagger"],"picked":"Envenom","floor":3},{"not_picked":["Acrobatics","Underhanded Strike"],"picked":"Crippling Poison","floor":4},{"not_picked":["Flechettes","Riddle With Holes"],"picked":"Catalyst","floor":7},{"not_picked":["Masterful Stab","Poisoned Stab"],"picked":"Deadly Poison","floor":8},{"not_picked":["Quick Slash","Underhanded Strike","Slice"],"picked":"SKIP","floor":10},{"not_picked":["Skewer","Masterful Stab"],"picked":"Caltrops","floor":12},{"not_picked":["Die Die Die","Dagger Throw"],"picked":"Leg Sweep","floor":13},{"not_picked":["Sucker Punch","Backflip"],"picked":"Bane","floor":14},{"not_picked":["A Thousand Cuts","Storm of Steel"],"picked":"Wraith Form v2","floor":16},{"not_picked":["Dodge and Roll","Flechettes+1","Poisoned Stab+1"],"picked":"SKIP","floor":18},{"not_picked":["Backflip","Flying Knee"],"picked":"Leg Sweep","floor":20},{"not_picked":["Calculated Gamble","Dagger Spray","Concentrate"],"picked":"SKIP","floor":23},{"not_picked":["Calculated Gamble","Expertise","Deflect"],"picked":"Predator+1","floor":25},{"not_picked":["Slice+1","Well Laid Plans+1","Tactician"],"picked":"Catalyst","floor":27},{"not_picked":["Night Terror","Doppelganger","Burst"],"picked":"Die Die Die+1","floor":33},{"not_picked":["Noxious Fumes+1","Infinite Blades","Dagger Spray+1"],"picked":"PiercingWail+1","floor":35},{"not_picked":["Twin Strike+1","EmptyBody+1","Heatsinks+1","Tempest"],"picked":"SKIP","floor":38},{"not_picked":["Perfected Strike+1","Rebound+1","EmptyFist+1"],"picked":"Master of Strategy","floor":39},{"not_picked":["ClearTheMind","FlurryOfBlows+1","Feel No Pain"],"picked":"Leg Sweep+1","floor":40},{"not_picked":["Warcry","Capacitor+1","Reflex+1"],"picked":"Hologram+1","floor":42},{"not_picked":["Caltrops+1","Flying Knee+1","CutThroughFate+1"],"picked":"TalkToTheHand+1","floor":47},{"not_picked":["Flying Knee+1","PiercingWail","BowlingBash+1"],"picked":"DevaForm","floor":48},{"not_picked":["CarveReality+1","Double Energy","Havoc+1"],"picked":"Discovery+1","floor":54}],"player_experience":1183814,"relics_obtained":[{"floor":7,"key":"Pear"},{"floor":9,"key":"Orichalcum"},{"floor":10,"key":"Oddly Smooth Stone"},{"floor":12,"key":"Odd Mushroom"},{"floor":14,"key":"War Paint"},{"floor":23,"key":"Question Card"},{"floor":25,"key":"Molten Egg 2"},{"floor":26,"key":"Bronze Scales"},{"floor":27,"key":"Paper Crane"},{"floor":28,"key":"Letter Opener"},{"floor":40,"key":"Juzu Bracelet"},{"floor":42,"key":"Happy Flower"},{"floor":54,"key":"Bottled Lightning"}],"event_choices":[{"damage_healed":0,"gold_gain":0,"player_choice":"Donut","damage_taken":0,"max_hp_gain":5,"max_hp_loss":0,"event_name":"Big Fish","floor":2,"gold_loss":0},{"damage_healed":0,"gold_gain":0,"player_choice":"Success","damage_taken":25,"relics_obtained":["Lantern"],"max_hp_gain":0,"max_hp_loss":0,"event_name":"Scrap Ooze","floor":5,"gold_loss":0},{"damage_healed":0,"gold_gain":0,"player_choice":"Fought Mushrooms","damage_taken":0,"max_hp_gain":0,"max_hp_loss":0,"event_name":"Mushrooms","floor":12,"gold_loss":0},{"damage_healed":0,"gold_gain":0,"cards_transformed":["Strike_G","Strike_G"],"player_choice":"Became Test Subject","damage_taken":0,"max_hp_gain":0,"max_hp_loss":0,"event_name":"Drug Dealer","floor":21,"gold_loss":0,"cards_obtained":["Infinite Blades","Accuracy"]},{"damage_healed":0,"gold_gain":0,"player_choice":"Read","damage_taken":0,"max_hp_gain":0,"max_hp_loss":0,"event_name":"The Library","floor":22,"gold_loss":0,"cards_obtained":["Choke"]},{"damage_healed":0,"gold_gain":0,"player_choice":"Stole Relic","damage_taken":0,"relics_obtained":["Strawberry"],"max_hp_gain":0,"max_hp_loss":0,"event_name":"Addict","floor":31,"gold_loss":0,"cards_obtained":["Shame"]},{"cards_removed":["Accuracy"],"damage_healed":0,"gold_gain":0,"player_choice":"Purged","damage_taken":0,"max_hp_gain":0,"max_hp_loss":0,"event_name":"Purifier","floor":37,"gold_loss":0},{"damage_healed":0,"gold_gain":0,"player_choice":"Bought 3 Potions","damage_taken":0,"max_hp_gain":0,"max_hp_loss":0,"event_name":"The Woman in Blue","floor":45,"gold_loss":0}],"is_beta":false,"boss_relics":[{"not_picked":["WristBlade","Sozu"],"picked":"Runic Dome"},{"not_picked":["Cursed Key","HoveringKite"],"picked":"Empty Cage"}],"items_purged_floors":[19,29],"is_endless":false,"potions_floor_spawned":[3,7,10,12,18,20,25,27,39,40,47,48],"ascension_level":5}}