{"host":"hk3n60c9tb8azi3z","time":1611455456,"event":{"mods":["AchievementEnabler","BaseMod","Minty Spire (QoL Compilation)","Relic Sorter","Relic Stats"],"gold_per_floor":[119,135,135,2,21,52,13,26,78,94,94,113,113,113],"floor_reached":13,"language":"ENG","playtime":1041,"items_purged":[],"score":174,"play_id":"0439c395-f40c-49d9-8301-e567fb6422b7","local_time":"20210124033056","is_ascension_mode":true,"campfire_choices":[{"floor":11,"key":"REST"}],"circlet_count":0,"master_deck":["AscendersBane","Strike_B","Strike_B","Strike_B","Strike_B","Defend_B","Defend_B","Defend_B","Defend_B","Zap","Dualcast","Ball Lightning","Auto Shields","Static Discharge","Leap+1","Fusion+1","Defragment","Chaos","Storm","Compile Driver"],"relics":["Philosopher\u0027s Stone","Symbiotic Virus","War Paint"],"acts_visited":["Exordium"],"potions_floor_usage":[13],"damage_taken":[{"damage":8.0,"enemies":"Jaw Worm","floor":1.0,"turns":3.0},{"damage":0.0,"enemies":"Cultist","floor":2.0,"turns":2.0},{"damage":0.0,"enemies":"2 Louse","floor":5.0,"turns":3.0},{"damage":24.0,"enemies":"3 Sentries","floor":6.0,"turns":7.0},{"damage":17.0,"enemies":"Gremlin Gang","floor":8.0,"turns":4.0},{"damage":9.0,"enemies":"Looter","floor":10.0,"turns":3.0},{"damage":13,"enemies":"Large Slime","floor":12,"turns":6},{"damage":33,"enemies":"Gremlin Nob","floor":13,"turns":3}],"seed_played":"-8421007427601426652","potions_obtained":[{"floor":2.0,"key":"DistilledChaos"},{"floor":3.0,"key":"Swift Potion"},{"floor":12,"key":"Block Potion"}],"is_trial":false,"path_per_floor":["M","M","?","$","M","E","$","M","T","M","R","M","E"],"character_chosen":"DEFECT","items_purchased":["Static Discharge","Leap","Chaos"],"campfire_rested":1,"item_purchase_floors":[4,4,7],"current_hp_per_floor":[56,56,56,56,56,32,32,15,15,6,27,14,0,0],"gold":113,"neow_bonus":"BOSS_RELIC","is_daily":false,"chose_seed":false,"campfire_upgraded":0,"win_rate":0.0,"timestamp":1611455456,"path_taken":["M","M","?","$","M","E","?","M","T","M","R","M","E"],"items_purchased_type":["Card","Card","Card"],"build_version":"2020-12-22","purchased_purges":0,"victory":false,"max_hp_per_floor":[71,71,71,71,71,71,71,71,71,71,71,71,71,71],"relic_stats":{"counters":[8,31],"War Paint":["Leap","Fusion"],"obtain_stats":[{"Philosopher\u0027s Stone":0,"War Paint":9,"Cracked Core":0,"Symbiotic Virus":6},{"Philosopher\u0027s Stone":0,"War Paint":5,"Cracked Core":0,"Symbiotic Virus":4},{"Philosopher\u0027s Stone":0,"War Paint":19,"Cracked Core":0,"Symbiotic Virus":15}]},"card_choices":[{"not_picked":["Steam","Hello World"],"picked":"Ball Lightning","floor":1.0},{"not_picked":["Aggregate","Leap"],"picked":"Auto Shields","floor":2.0},{"not_picked":["Beam Cell","Barrage"],"picked":"Fusion","floor":5.0},{"not_picked":["Blizzard","Seek"],"picked":"Defragment","floor":6.0},{"not_picked":["Sweeping Beam","Go for the Eyes"],"picked":"Storm","floor":8.0},{"not_picked":["Beam Cell","Gash"],"picked":"Compile Driver","floor":10},{"not_picked":["Beam Cell","Double Energy","Redo"],"picked":"SKIP","floor":12}],"player_experience":1589338,"relics_obtained":[{"floor":6.0,"key":"Symbiotic Virus"},{"floor":9.0,"key":"War Paint"}],"event_choices":[{"damage_healed":0.0,"max_hp_gain":0.0,"max_hp_loss":0.0,"gold_gain":0.0,"event_name":"Lab","player_choice":"Got Potions","floor":3.0,"gold_loss":0.0,"damage_taken":0.0}],"is_beta":false,"boss_relics":[],"items_purged_floors":[],"is_endless":false,"potions_floor_spawned":[2,5,12],"killed_by":"Gremlin Nob","ascension_level":20}}