{"host":"sdjng9zhqonqi3uc","time":1611508910,"event":{"mods":["2.2 Compatiblity","AchievementEnabler","BaseMod","Better Note","Better Third Choice","BetterRewards","Colored Map","Colored Powertips","Downfall","Hero for Fun","Hubris","Minty Spire (QoL Compilation)","Quick Restart","Relic Stats","Shop Mod","Spicy Shops","StSLib","Td1madao Mod","The Animator","The Cursed","The Servant 0.9.4"],"gold_per_floor":[125,125,50,10,26,26,26,26,26],"floor_reached":8,"language":"ENG","playtime":295,"items_purged":["Decay"],"score":64,"play_id":"a3070e08-3d2e-46d6-baa1-cac40d1c312f","local_time":"20210124182150","is_ascension_mode":true,"campfire_choices":[{"data":"animator:Bozes","floor":6,"key":"SMITH"}],"circlet_count":0,"master_deck":["animator:Strike_AccelWorld","animator:Defend_AccelWorld","animator:Strike","animator:Strike","animator:Strike","animator:Defend","animator:Defend","animator:Kuroyukihime","animator:LimeBell","animator:Archer","animator:YaoHaDucy","animator:Bozes+1"],"relics":["animator:LivingPicture","animator:TheMissingPiece","animator:PurgingStone","TwistedFunnel","Red Skull","Toy Ornithopter","MerchantsRug","animator:EngravedStaff","betterThird:SlimedRelic"],"acts_visited":["Exordium"],"potions_floor_usage":[],"damage_taken":[{"damage":4,"enemies":"Small Slimes","floor":1,"turns":3},{"damage":0,"enemies":"Cultist","floor":5,"turns":3},{"damage":19,"enemies":"Lagavulin","floor":8,"turns":3}],"seed_played":"-5225393868834717893","potions_obtained":[],"is_trial":false,"path_per_floor":["M","?","$","?","M","R","?","E"],"character_chosen":"THE_ANIMATOR","items_purchased":["TwistedFunnel","Red Skull","Toy Ornithopter","MerchantsRug","animator:Archer"],"campfire_rested":0,"item_purchase_floors":[0,0,0,0,0],"current_hp_per_floor":[24,24,24,13,14,14,14,0,0],"gold":26,"neow_bonus":"","is_daily":false,"chose_seed":false,"campfire_upgraded":1,"win_rate":0.0,"timestamp":1611508910,"path_taken":["M","?","?","?","M","R","?","E"],"items_purchased_type":["Relic","Relic","Relic","Relic","Card"],"build_version":"2020-12-22","purchased_purges":1,"victory":false,"max_hp_per_floor":[66,66,66,66,67,67,67,67,67],"relic_stats":{"counters":[3,9],"obtain_stats":[{"TwistedFunnel":0,"MerchantsRug":0,"animator:PurgingStone":0,"animator:TheMissingPiece":0,"betterThird:SlimedRelic":4,"animator:EngravedStaff":0,"animator:LivingPicture":0,"Red Skull":0,"Toy Ornithopter":0},{"TwistedFunnel":0,"MerchantsRug":0,"animator:PurgingStone":0,"animator:TheMissingPiece":0,"betterThird:SlimedRelic":1,"animator:EngravedStaff":0,"animator:LivingPicture":0,"Red Skull":0,"Toy Ornithopter":0},{"TwistedFunnel":0,"MerchantsRug":0,"animator:PurgingStone":0,"animator:TheMissingPiece":0,"betterThird:SlimedRelic":3,"animator:EngravedStaff":0,"animator:LivingPicture":0,"Red Skull":0,"Toy Ornithopter":0}],"Toy Ornithopter":0},"card_choices":[{"not_picked":["animator:Kazuma","animator:Caster"],"picked":"animator:YaoHaDucy","floor":1},{"not_picked":["animator:PandorasActor","animator:Entoma"],"picked":"animator:Bozes","floor":5}],"player_experience":385967,"relics_obtained":[],"event_choices":[{"damage_healed":0,"gold_gain":0,"player_choice":"Cursed","damage_taken":0,"max_hp_gain":0,"max_hp_loss":0,"event_name":"Wheel of Change","floor":2,"gold_loss":0,"cards_obtained":["Decay"]},{"damage_healed":0,"gold_gain":0,"player_choice":"Slimed","damage_taken":11,"max_hp_gain":0,"max_hp_loss":0,"event_name":"betterThird:BetterGoop","floor":4,"gold_loss":40},{"cards_removed":["animator:Defend"],"damage_healed":0,"gold_gain":0,"player_choice":"Purged","damage_taken":0,"max_hp_gain":0,"max_hp_loss":0,"event_name":"Purifier","floor":7,"gold_loss":0}],"is_beta":false,"boss_relics":[],"items_purged_floors":[3],"is_endless":false,"potions_floor_spawned":[],"killed_by":"Lagavulin","ascension_level":9}}