{"host":"7r6bd5ce6zscnmwq","time":1611502666,"event":{"mods":["BaseMod","Block Reminder","Downfall","Minty Spire (QoL Compilation)","Quick Restart","Shop Mod","Spicy Shops","StSLib"],"gold_per_floor":[99,118,131,194,194,206,259,293,46,46,64,64,74,74,89,89,89,89],"floor_reached":16,"language":"ENG","playtime":2289,"items_purged":["downfall:Malfunctioning"],"score":102,"play_id":"74ba1775-3ef3-4c64-8996-b57634982233","local_time":"20210125003746","is_ascension_mode":false,"campfire_choices":[{"data":"bronze:Goto","floor":1.0,"key":"SMITH"},{"floor":12.0,"key":"REST"}],"circlet_count":0,"master_deck":["bronze:Strike+1","bronze:Strike","bronze:Strike","bronze:Strike","bronze:Defend","bronze:Defend+1","bronze:Defend","bronze:Defend","bronze:Replicate","bronze:Goto+1","bronze:Overload","bronze:WhirlingStrike","bronze:DigitalCarnage+1","bronze:ChosenStrike","bronze:Verify","bronze:Optimize","bronze:Shell","bronze:Spike","bronze:Turbo"],"relics":["bronze:BronzeCore","StrikeDummy","Nunchaku","Anchor"],"acts_visited":["Exordium"],"potions_floor_usage":[16,16,16],"damage_taken":[{"damage":0.0,"enemies":"Cultist","floor":2.0,"turns":4.0},{"damage":7.0,"enemies":"2 Louse","floor":3.0,"turns":3.0},{"damage":22.0,"enemies":"3 Sentries","floor":4.0,"turns":6.0},{"damage":0.0,"enemies":"Small Slimes","floor":6.0,"turns":2.0},{"damage":23.0,"enemies":"3 Sentries","floor":8.0,"turns":5.0},{"damage":10.0,"enemies":"downfall:FleeingMerchant","floor":9.0,"turns":4.0},{"damage":14.0,"enemies":"downfall:FleeingMerchant","floor":10.0,"turns":6.0},{"damage":0.0,"enemies":"3 Louse","floor":11.0,"turns":2.0},{"damage":8.0,"enemies":"Exordium Wildlife","floor":13.0,"turns":4.0},{"damage":20.0,"enemies":"Exordium Thugs","floor":15.0,"turns":3.0},{"damage":51,"enemies":"DF_ARCHETYPE_STREAMLINE","floor":16,"turns":9}],"seed_played":"1067164766908298456","potions_obtained":[{"floor":4.0,"key":"Regen Potion"},{"floor":6.0,"key":"Dexterity Potion"},{"floor":10.0,"key":"Regen Potion"},{"floor":11.0,"key":"bronze:FreeFunctionsPotion"},{"floor":13.0,"key":"SteroidPotion"}],"is_trial":false,"path_per_floor":["R","M","M","?","?","M","T","E","$","?","M","R","M","?","M","B"],"character_chosen":"THE_AUTOMATON","items_purchased":["bronze:Optimize","bronze:Shell"],"campfire_rested":1,"item_purchase_floors":[9,9],"current_hp_per_floor":[77,77,70,48,48,48,48,39,29,15,15,38,42,67,47,0,0,0],"gold":89,"neow_bonus":"TEN_PERCENT_HP_BONUS","is_daily":false,"chose_seed":false,"campfire_upgraded":1,"win_rate":0.0,"timestamp":1611502666,"path_taken":["R","M","M","?","?","M","T","E","$","?","M","R","M","?","M","BOSS"],"items_purchased_type":["Card","Card"],"build_version":"2020-12-22","purchased_purges":1,"victory":false,"max_hp_per_floor":[77,77,77,77,77,77,77,77,77,77,77,77,77,77,77,77,77,77],"card_choices":[{"not_picked":["bronze:BitShift","bronze:ItsAFeature"],"picked":"bronze:Overload","floor":2.0},{"not_picked":["bronze:MaxOutput","bronze:BitShift"],"picked":"bronze:WhirlingStrike","floor":3.0},{"not_picked":["bronze:Boost","bronze:Shield"],"picked":"bronze:DigitalCarnage","floor":4.0},{"not_picked":["bronze:BitShift","bronze:DelayedGuard","bronze:Allocate"],"picked":"SKIP","floor":6.0},{"not_picked":["bronze:Overheat","bronze:Invalidate"],"picked":"bronze:ChosenStrike","floor":8.0},{"not_picked":["bronze:BugBarrage","bronze:BitShift"],"picked":"bronze:Verify","floor":9.0},{"not_picked":[],"picked":"bronze:Spike","floor":10.0},{"not_picked":["bronze:OilSpill","bronze:Iterate","bronze:WildBeam"],"picked":"SKIP","floor":11.0},{"not_picked":["bronze:OilSpill","bronze:Iterate","bronze:WildBeam"],"picked":"SKIP","floor":11.0},{"not_picked":["bronze:CutThrough","bronze:Turbo","bronze:ChosenStrike"],"picked":"SKIP","floor":13.0},{"not_picked":["bronze:Invalidate","bronze:Overheat"],"picked":"bronze:Turbo","floor":15.0}],"player_experience":626556,"relics_obtained":[{"floor":4.0,"key":"StrikeDummy"},{"floor":7.0,"key":"Nunchaku"},{"floor":8.0,"key":"Anchor"}],"event_choices":[{"damage_healed":25.0,"max_hp_gain":0.0,"max_hp_loss":0.0,"gold_gain":0.0,"event_name":"Big Fish","player_choice":"Banana","floor":14.0,"gold_loss":0.0,"damage_taken":0.0}],"is_beta":false,"boss_relics":[],"items_purged_floors":[9],"is_endless":false,"potions_floor_spawned":[4,6,10,11,13],"killed_by":"DF_ARCHETYPE_STREAMLINE","ascension_level":0}}