{"host":"eaiphzh066bwqdh7","time":1611507639,"event":{"mods":["BaseMod","Hubris","Minty Spire (QoL Compilation)","Replay The Spire","StSLib"],"gold_per_floor":[112,123,123,141,141,175,175,200,200,218,218,243,134,169,169,265,265,284,209,124,124,137,137,37,71,153,227,227,241,254,273,273,376,376,396,109,109,129,4,4,30,43,43,56,56,74,74,74,74,74],"floor_reached":51,"language":"ENG","playtime":1764,"items_purged":["Parasite","Strike_P","Strike_P"],"score":888,"play_id":"b17797db-c6c9-496b-81b8-4eb432fa2337","local_time":"20210124120039","is_ascension_mode":true,"campfire_choices":[{"floor":7,"key":"REST"},{"data":"Eruption","floor":11,"key":"SMITH"},{"data":"Vault","floor":15,"key":"SMITH"},{"data":"Replay:ManipulateFuture","floor":23,"key":"SMITH"},{"data":"ReachHeaven","floor":28,"key":"SMITH"},{"data":"PathToVictory","floor":32,"key":"SMITH"},{"data":"Devotion","floor":40,"key":"SMITH"},{"data":"DevaForm","floor":45,"key":"SMITH"},{"data":"BattleHymn","floor":47,"key":"SMITH"},{"data":"DeusExMachina","floor":49,"key":"SMITH"}],"circlet_count":0,"master_deck":["Strike_P","Defend_P","Defend_P","Eruption+1","Vigilance","Judgement+1","Wallop","PathToVictory+1","ReachHeaven+1","Replay:ManipulateFuture+1","PathToVictory+1","Vault+1","DeusExMachina+1","Brilliance+1","Devotion+1","Replay:ManipulateFuture+1","PathToVictory+1","BattleHymn+1","DevaForm+1","Replay:AtTheReady+1"],"relics":["PureWater","Ginger","StrikeDummy","hubris:PeanutButter","Shuriken","Tiny Chest","Sozu","Singing Bowl","Damaru","Bottled Lightning","Molten Egg 2","Honey Jar","CloakClasp","hubris:BundleOfHerbs","hubris:TinFlute","ReplayTheSpireMod:Lightbulb","Yang"],"acts_visited":["Exordium","TheCity","TheBeyond"],"potions_floor_usage":[14,16],"damage_taken":[{"damage":0,"enemies":"Cultist","floor":1,"turns":3},{"damage":10,"enemies":"2 Louse","floor":2,"turns":2},{"damage":0,"enemies":"Small Slimes","floor":4,"turns":2},{"damage":19,"enemies":"3 Sentries","floor":6,"turns":5},{"damage":0,"enemies":"Gremlin Nob","floor":8,"turns":2},{"damage":0,"enemies":"Blue Slaver","floor":10,"turns":1},{"damage":0,"enemies":"3 Sentries","floor":12,"turns":4},{"damage":0,"enemies":"Lagavulin","floor":14,"turns":3},{"damage":55,"enemies":"Hexaghost","floor":16,"turns":7},{"damage":0,"enemies":"2 Thieves","floor":18,"turns":3},{"damage":0,"enemies":"Spheric Guardian","floor":22,"turns":1},{"damage":3,"enemies":"Slavers","floor":25,"turns":5},{"damage":3,"enemies":"Centurion and Healer","floor":29,"turns":4},{"damage":0,"enemies":"Cultist and Chosen","floor":30,"turns":4},{"damage":0,"enemies":"Snecko","floor":31,"turns":3},{"damage":23,"enemies":"hubris:MusketHawk","floor":33,"turns":7},{"damage":0,"enemies":"3 Darklings","floor":35,"turns":2},{"damage":0,"enemies":"Orb Walker","floor":38,"turns":3},{"damage":0,"enemies":"R_Hoarder","floor":41,"turns":7},{"damage":0,"enemies":"4 Shapes","floor":42,"turns":4},{"damage":0,"enemies":"Jaw Worm Horde","floor":44,"turns":3},{"damage":3,"enemies":"Writhing Mass","floor":46,"turns":4},{"damage":55,"enemies":"Donu and Deca","floor":50,"turns":7}],"seed_played":"-4054019198260983963","potions_obtained":[{"floor":2,"key":"Block Potion"},{"floor":8,"key":"FairyPotion"},{"floor":12,"key":"Fire Potion"}],"is_trial":false,"path_per_floor":["M","M","?","M","?","E","R","E","T","M","R","E","$","E","R","B",null,"M","?","?","?","M","R","$","E","T","T","R","M","M","M","R","B",null,"M","$","?","M","$","R","E","M","T","M","R","M","R","T","R","B",null],"character_chosen":"WATCHER","items_purchased":["PathToVictory+1","CloakClasp"],"campfire_rested":1,"item_purchase_floors":[13,36],"current_hp_per_floor":[72,62,62,62,62,43,64,64,64,64,64,64,64,64,64,9,69,69,69,69,69,71,71,71,70,70,70,70,69,69,71,71,48,77,79,79,79,79,79,79,79,81,81,81,81,80,80,80,80,25],"gold":74,"neow_bonus":"THREE_RARE_CARDS","is_daily":false,"chose_seed":false,"campfire_upgraded":9,"win_rate":0.0,"timestamp":1611507639,"path_taken":["M","M","?","?","?","E","R","E","T","M","R","E","$","E","R","BOSS","M","?","?","?","M","R","$","E","T","?","R","?","M","M","R","BOSS","M","$","?","?","$","R","E","M","T","M","R","M","R","?","R","BOSS"],"items_purchased_type":["Card","Relic"],"build_version":"2020-12-22","purchased_purges":3,"victory":true,"max_hp_per_floor":[72,72,72,72,72,72,72,72,72,72,72,72,69,69,69,69,69,69,69,69,69,71,71,71,73,73,73,73,75,75,77,77,77,77,79,79,79,79,79,79,79,81,81,81,81,83,83,83,83,83],"card_choices":[{"not_picked":["DeusExMachina","SpiritShield"],"picked":"Judgement","floor":0},{"not_picked":["Replay:BluntJabs","EmptyBody"],"picked":"Wallop","floor":1},{"not_picked":["FlurryOfBlows","Conclude"],"picked":"PathToVictory","floor":2},{"not_picked":["Crescendo","BowlingBash","FlyingSleeves"],"picked":"SKIP","floor":4},{"not_picked":["Replay:BluntJabs","Weave","ClearTheMind"],"picked":"SKIP","floor":6},{"not_picked":["BowlingBash","ConjureBlade","JustLucky"],"picked":"SKIP","floor":8},{"not_picked":["SashWhip","WaveOfTheHand","FlurryOfBlows"],"picked":"SKIP","floor":10},{"not_picked":["Establishment","CutThroughFate"],"picked":"Replay:ManipulateFuture","floor":12},{"not_picked":["EmptyFist","BowlingBash"],"picked":"Vault","floor":14},{"not_picked":["Devotion","Ragnarok"],"picked":"DeusExMachina","floor":16},{"not_picked":["Crescendo","EmptyBody","Weave"],"picked":"SKIP","floor":18},{"not_picked":["Protect","DeceiveReality","WindmillStrike"],"picked":"Singing Bowl","floor":22},{"not_picked":["FlurryOfBlows","DeceiveReality+1","SandsOfTime"],"picked":"Singing Bowl","floor":25},{"not_picked":["WheelKick+1","Wireheading","DeceiveReality"],"picked":"Singing Bowl","floor":29},{"not_picked":["CrushJoints+1","LikeWater+1"],"picked":"Brilliance+1","floor":30},{"not_picked":["FlurryOfBlows+1","EmptyFist+1","FlyingSleeves+1"],"picked":"Singing Bowl","floor":31},{"not_picked":["Judgement","Alpha"],"picked":"Devotion","floor":33},{"not_picked":["Meditate","LikeWater","Pray","WaveOfTheHand+1"],"picked":"Singing Bowl","floor":35},{"not_picked":["Evaluate","Wireheading+1","Crescendo+1"],"picked":"Replay:ManipulateFuture+1","floor":38},{"not_picked":["Scrawl","Collect+1","EmptyFist+1"],"picked":"PathToVictory+1","floor":41},{"not_picked":["Adaptation+1","BattleHymn","SandsOfTime+1","CrushJoints+1"],"picked":"Singing Bowl","floor":42},{"not_picked":["Consecrate+1","Indignation","ThirdEye+1"],"picked":"DevaForm","floor":44},{"not_picked":["MentalFortress","Protect","Replay:AtTheReady+1","Conclude+1"],"picked":"Singing Bowl","floor":46}],"player_experience":185172,"relics_obtained":[{"floor":6,"key":"Ginger"},{"floor":8,"key":"StrikeDummy"},{"floor":9,"key":"hubris:PeanutButter"},{"floor":12,"key":"Shuriken"},{"floor":14,"key":"Tiny Chest"},{"floor":25,"key":"Damaru"},{"floor":26,"key":"Bottled Lightning"},{"floor":27,"key":"Molten Egg 2"},{"floor":41,"key":"hubris:TinFlute"},{"floor":43,"key":"ReplayTheSpireMod:Lightbulb"},{"floor":48,"key":"Yang"}],"event_choices":[{"damage_healed":0,"gold_gain":0,"cards_transformed":["Defend_P"],"player_choice":"Transformed","damage_taken":0,"max_hp_gain":0,"max_hp_loss":0,"event_name":"Transmorgrifier","floor":3,"gold_loss":0,"cards_obtained":["ReachHeaven"]},{"damage_healed":0,"gold_gain":0,"player_choice":"Upgraded","damage_taken":0,"max_hp_gain":0,"max_hp_loss":0,"event_name":"Upgrade Shrine","floor":5,"gold_loss":0,"cards_upgraded":["Judgement"]},{"cards_removed":["Strike_P"],"damage_healed":0,"gold_gain":0,"player_choice":"Gave Gold","damage_taken":0,"max_hp_gain":0,"max_hp_loss":0,"event_name":"Beggar","floor":19,"gold_loss":75},{"damage_healed":0,"gold_gain":0,"player_choice":"Obtained Relic","damage_taken":0,"relics_obtained":["Singing Bowl"],"max_hp_gain":0,"max_hp_loss":0,"event_name":"Addict","floor":20,"gold_loss":85},{"cards_removed":["Defend_P"],"damage_healed":0,"gold_gain":0,"player_choice":"Elegance","damage_taken":0,"max_hp_gain":0,"max_hp_loss":0,"event_name":"Back to Basics","floor":21,"gold_loss":0},{"cards_removed":["WaveOfTheHand"],"damage_healed":0,"gold_gain":0,"player_choice":"Gave Card","damage_taken":0,"relics_obtained":["hubris:BundleOfHerbs"],"max_hp_gain":0,"max_hp_loss":0,"event_name":"WeMeetAgain","floor":37,"gold_loss":0}],"is_beta":false,"boss_relics":[{"not_picked":["Ectoplasm","Abe\u0027s Treasure"],"picked":"Sozu"},{"not_picked":["ChewingGum","hubris:HollowSoul"],"picked":"Honey Jar"}],"items_purged_floors":[13,24,39],"is_endless":false,"potions_floor_spawned":[2,8,12,18,25,30,33,38,42,44],"ascension_level":1}}