{"host":"msfr2axb1w9025n0","time":1611497179,"event":{"mods":["BaseMod","Colored Map","DeckTracker","Minty Spire (QoL Compilation)"],"gold_per_floor":[112,127,49,49,63,63,90,90,90,124,144,159,177,191,191,291,291,330,349,362,112,112,112,112,132,132,147,181,181,26,26,26,130,130,146,196,196,211,211,211,231,231,231,258,271,271,271,271],"floor_reached":47,"language":"ENG","playtime":1693,"items_purged":[],"score":646,"play_id":"d4a43452-d0d0-4df2-801a-b936da94ac9c","local_time":"20210124210619","is_ascension_mode":true,"campfire_choices":[{"data":"Pray","floor":6.0,"key":"SMITH"},{"data":"Protect","floor":8.0,"key":"SMITH"},{"data":"ForeignInfluence","floor":15.0,"key":"SMITH"},{"data":"Madness","floor":23.0,"key":"SMITH"},{"data":"Worship","floor":32.0,"key":"SMITH"},{"data":"Devotion","floor":40.0,"key":"SMITH"},{"floor":46,"key":"REST"}],"circlet_count":0,"master_deck":["Strike_P","Defend_P","Defend_P","Defend_P","Defend_P","Eruption+1","Vigilance","Protect+1","Consecrate","Pray+1","CarveReality","FearNoEvil","ForeignInfluence+1","ClearTheMind","Crescendo","Ragnarok","CrushJoints","BowlingBash","Crescendo","Madness+1","Worship+1","BowlingBash+1","RitualDagger+1","Devotion+1","Ragnarok+1","FlurryOfBlows+1","Prostrate","Protect+1","Swivel+1"],"relics":["PureWater","NeowsBlessing","Pantograph","Yang","Vajra","Empty Cage","Lantern","Molten Egg 2","Oddly Smooth Stone","Bag of Marbles","Velvet Choker","Thread and Needle","HornCleat","Bird Faced Urn"],"acts_visited":["Exordium","TheCity","TheBeyond"],"potions_floor_usage":[],"damage_taken":[{"damage":0.0,"enemies":"Cultist","floor":1.0,"turns":1.0},{"damage":0.0,"enemies":"Small Slimes","floor":2.0,"turns":1.0},{"damage":0.0,"enemies":"2 Louse","floor":5.0,"turns":2.0},{"damage":25.0,"enemies":"3 Sentries","floor":7.0,"turns":5.0},{"damage":23.0,"enemies":"Gremlin Nob","floor":10.0,"turns":5.0},{"damage":0.0,"enemies":"Large Slime","floor":11.0,"turns":2.0},{"damage":4.0,"enemies":"Looter","floor":12.0,"turns":3.0},{"damage":3.0,"enemies":"2 Fungi Beasts","floor":13.0,"turns":3.0},{"damage":2.0,"enemies":"3 Louse","floor":14.0,"turns":3.0},{"damage":0.0,"enemies":"Slime Boss","floor":16.0,"turns":5.0},{"damage":0.0,"enemies":"Chosen","floor":18.0,"turns":2.0},{"damage":7.0,"enemies":"3 Byrds","floor":19.0,"turns":4.0},{"damage":9.0,"enemies":"Shelled Parasite and Fungi","floor":20.0,"turns":3.0},{"damage":0.0,"enemies":"Sentry and Sphere","floor":25.0,"turns":2.0},{"damage":12.0,"enemies":"Snake Plant","floor":27.0,"turns":3.0},{"damage":6.0,"enemies":"Gremlin Leader","floor":28.0,"turns":3.0},{"damage":51.0,"enemies":"Champ","floor":33.0,"turns":8.0},{"damage":20.0,"enemies":"Orb Walker","floor":35.0,"turns":4.0},{"damage":20.0,"enemies":"Mind Bloom Boss Battle","floor":36.0,"turns":4.0},{"damage":11.0,"enemies":"3 Shapes","floor":38.0,"turns":6.0},{"damage":18.0,"enemies":"Writhing Mass","floor":41.0,"turns":2.0},{"damage":0.0,"enemies":"Nemesis","floor":44.0,"turns":3.0},{"damage":14,"enemies":"Sphere and 2 Shapes","floor":45,"turns":5},{"damage":48,"enemies":"Reptomancer","floor":47,"turns":2}],"seed_played":"8022137062963357297","potions_obtained":[{"floor":1.0,"key":"ColorlessPotion"},{"floor":7.0,"key":"Swift Potion"},{"floor":10.0,"key":"Ancient Potion"},{"floor":13.0,"key":"Energy Potion"},{"floor":16.0,"key":"DuplicationPotion"},{"floor":19.0,"key":"AttackPotion"},{"floor":20.0,"key":"Block Potion"},{"floor":28.0,"key":"CultistPotion"},{"floor":35.0,"key":"Fruit Juice"},{"floor":36.0,"key":"BottledMiracle"},{"floor":38.0,"key":"Ambrosia"}],"is_trial":false,"path_per_floor":["M","M","$","?","M","R","E","R","T","E","M","M","M","M","R","B",null,"M","M","M","$","?","R","?","M","T","M","E","?","$","T","R","B",null,"M","?","?","M","$","R","M","?","T","E","M","R","E"],"character_chosen":"WATCHER","items_purchased":["Pray","Lantern","Madness","Devotion"],"campfire_rested":1,"item_purchase_floors":[3,21,21,30],"current_hp_per_floor":[72,72,72,72,72,72,47,47,47,24,24,20,17,15,15,40,72,72,65,56,56,56,56,56,56,56,44,38,32,32,32,32,6,72,57,57,57,46,46,46,28,28,28,28,16,39,0,0],"gold":271,"neow_bonus":"THREE_ENEMY_KILL","is_daily":false,"chose_seed":false,"campfire_upgraded":6,"win_rate":0.0,"timestamp":1611497179,"path_taken":["M","M","$","?","M","R","E","R","T","E","M","M","M","M","R","BOSS","M","M","?","$","?","R","?","M","T","M","E","?","$","?","R","BOSS","M","?","?","M","$","R","M","?","T","E","M","R","E"],"items_purchased_type":["Card","Relic","Card","Card"],"build_version":"2020-12-22","purchased_purges":0,"victory":false,"max_hp_per_floor":[72,72,72,72,72,72,72,72,72,72,72,72,72,72,72,72,72,72,72,72,72,72,72,72,72,72,72,72,72,72,72,72,72,72,77,77,77,77,77,77,77,77,77,77,77,77,77,77],"card_choices":[{"not_picked":["Indignation","WreathOfFlame"],"picked":"Protect","floor":1.0},{"not_picked":["Evaluate","FollowUp"],"picked":"Consecrate","floor":2.0},{"not_picked":["ClearTheMind","PathToVictory"],"picked":"CarveReality","floor":5.0},{"not_picked":["JustLucky","CarveReality","CutThroughFate"],"picked":"SKIP","floor":7.0},{"not_picked":["Omniscience","FollowUp"],"picked":"FearNoEvil","floor":10.0},{"not_picked":["CutThroughFate","Evaluate"],"picked":"ForeignInfluence","floor":11.0},{"not_picked":["Nirvana","FearNoEvil"],"picked":"ClearTheMind","floor":12.0},{"not_picked":["FlyingSleeves","ReachHeaven"],"picked":"Crescendo","floor":13.0},{"not_picked":["Study","EmptyBody","Omniscience"],"picked":"SKIP","floor":14.0},{"not_picked":["Judgement","Scrawl"],"picked":"Ragnarok","floor":16.0},{"not_picked":["CarveReality+1","LikeWater"],"picked":"CrushJoints","floor":18.0},{"not_picked":["FollowUp","JustLucky"],"picked":"BowlingBash","floor":19.0},{"not_picked":["EmptyBody","Evaluate+1"],"picked":"Crescendo","floor":20.0},{"not_picked":["EmptyBody+1","Halt"],"picked":"BowlingBash+1","floor":25.0},{"not_picked":["SignatureMove+1","Wireheading+1","FlurryOfBlows+1"],"picked":"SKIP","floor":27.0},{"not_picked":["Fasting2","ForeignInfluence","WreathOfFlame"],"picked":"SKIP","floor":28.0},{"not_picked":["Alpha","Blasphemy"],"picked":"Ragnarok+1","floor":33.0},{"not_picked":["EmptyFist+1","WaveOfTheHand"],"picked":"FlurryOfBlows+1","floor":35.0},{"not_picked":["PathToVictory+1","EmptyBody"],"picked":"Prostrate","floor":38.0},{"not_picked":["MentalFortress+1","CrushJoints+1","EmptyBody"],"picked":"SKIP","floor":41.0},{"not_picked":["FollowUp+1","SashWhip+1"],"picked":"Protect+1","floor":44.0},{"not_picked":["Crescendo+1","Swivel+1","FollowUp+1"],"picked":"SKIP","floor":45},{"not_picked":["Crescendo+1","FollowUp+1"],"picked":"Swivel+1","floor":45}],"player_experience":269917,"relics_obtained":[{"floor":7.0,"key":"Pantograph"},{"floor":9.0,"key":"Yang"},{"floor":10.0,"key":"Vajra"},{"floor":26.0,"key":"Molten Egg 2"},{"floor":28.0,"key":"Oddly Smooth Stone"},{"floor":31.0,"key":"Bag of Marbles"},{"floor":36.0,"key":"Thread and Needle"},{"floor":43.0,"key":"HornCleat"},{"floor":44.0,"key":"Bird Faced Urn"}],"event_choices":[{"damage_healed":0.0,"max_hp_gain":0.0,"max_hp_loss":0.0,"gold_gain":0.0,"event_name":"Upgrade Shrine","player_choice":"Upgraded","floor":4.0,"gold_loss":0.0,"damage_taken":0.0,"cards_upgraded":["Eruption"]},{"damage_healed":0.0,"max_hp_gain":0.0,"max_hp_loss":0.0,"gold_gain":0.0,"event_name":"Vampires","player_choice":"Ignored","floor":22.0,"gold_loss":0.0,"damage_taken":0.0},{"damage_healed":0.0,"max_hp_gain":0.0,"max_hp_loss":0.0,"gold_gain":0.0,"event_name":"The Library","player_choice":"Read","floor":24.0,"gold_loss":0.0,"damage_taken":0.0,"cards_obtained":["Worship"]},{"damage_healed":0.0,"max_hp_gain":0.0,"max_hp_loss":0.0,"gold_gain":0.0,"event_name":"Nest","player_choice":"Joined the Cult","floor":29.0,"gold_loss":0.0,"damage_taken":6.0,"cards_obtained":["RitualDagger"]},{"damage_healed":0.0,"max_hp_gain":0.0,"max_hp_loss":0.0,"gold_gain":0.0,"event_name":"MindBloom","player_choice":"Fight","floor":36.0,"gold_loss":0.0,"damage_taken":0.0},{"damage_healed":0.0,"max_hp_gain":0.0,"max_hp_loss":0.0,"gold_gain":0.0,"event_name":"Tomb of Lord Red Mask","player_choice":"Ignored","floor":37.0,"gold_loss":0.0,"damage_taken":0.0},{"cards_removed":["Strike_P"],"damage_healed":0.0,"max_hp_gain":0.0,"max_hp_loss":0.0,"gold_gain":0.0,"event_name":"Falling","player_choice":"Removed Attack","floor":42.0,"gold_loss":0.0,"damage_taken":0.0}],"is_beta":false,"boss_relics":[{"not_picked":["Runic Pyramid","Fusion Hammer"],"picked":"Empty Cage"},{"not_picked":["Philosopher\u0027s Stone","Sozu"],"picked":"Velvet Choker"}],"items_purged_floors":[],"is_endless":false,"potions_floor_spawned":[1,7,10,13,16,18,19,20,28,35,36,38],"killed_by":"Reptomancer","ascension_level":3}}