{"host":"o9ks9zgjwk1fcyk2","time":1611452625,"event":{"mods":["A Magickal Journey","AchievementEnabler","Aspiration","BaseMod","BetterRewards","Colored Map","Colored Powertips","Conspire","DeckTracker","Downfall","Friendly Minions","GifTheSpireLib","Halation","Highlight Path","Hubris","Infinite Spire","Ironclad Rager","Minty Spire (QoL Compilation)","Permanent Neow","Quarter Circle Forward PUNCH!","Quick Restart","READ ME - Guardian Mod","Relic Sorter","Replay The Spire","StSLib","Stuff the Spire","The Alterego","The Construct","The Cursed","The Disciple","The Forsaken","The Jungle","The Marked","The Mystic","vexMod"],"gold_per_floor":[113,131,131,131,81,81,94,94,120,145,158,182,107,126,126,226,226,241,86,86,113,125,137,168,180,192,236,327,339,368,380,137,148,148,243,243,256,268,268,268,388,388,388,388,468,488,488,488,502,502,502,402],"floor_reached":53,"language":"ENG","playtime":3300,"items_purged":["alterego_mod:Strike","alterego_mod:Strike","alterego_mod:Defend","alterego_mod:Defend"],"score":761,"play_id":"99ca92cd-b340-4442-b9f7-409a458af01b","local_time":"20210124014344","is_ascension_mode":false,"campfire_choices":[{"data":"alterego_mod:BrynhildrsRune","floor":6.0,"key":"SMITH"},{"data":"alterego_mod:Impale","floor":8.0,"key":"SMITH"},{"data":"alterego_mod:Bounce","floor":15.0,"key":"SMITH"},{"data":"alterego_mod:Bounce","floor":23,"key":"SMITH"},{"data":"alterego_mod:Rake","floor":29,"key":"SMITH"},{"data":"ICR:Cyclone","floor":31,"key":"SMITH"},{"floor":34,"key":"DIG"},{"data":"alterego_mod:Bounce","floor":42,"key":"SMITH"},{"data":"alterego_mod:BigMeatyClaws","floor":44,"key":"SMITH"},{"data":"alterego_mod:Defend","floor":48,"key":"SMITH"},{"data":"alterego_mod:Defend","floor":51,"key":"SMITH"}],"circlet_count":0,"master_deck":["alterego_mod:Strike","alterego_mod:Strike","alterego_mod:Defend+1","alterego_mod:Defend+1","alterego_mod:Impale+1","alterego_mod:BigMeatyClaws+1","alterego_mod:BrynhildrsRune+1","alterego_mod:TrashNCrash+1","alterego_mod:HighServant+1","alterego_mod:Undulate+1","alterego_mod:Bounce+1","alterego_mod:Birthday+1","alterego_mod:IdEs+1","alterego_mod:Bounce+1","alterego_mod:Mirror+1","alterego_mod:Rake+1","ICR:Cyclone+1","Pot Of Greed+1","Pot Of Greed+1","alterego_mod:BiFurious","alterego_mod:ClassAdvantage+1","alterego_mod:Clones+1","Pot Of Greed+1","alterego_mod:Bounce+1","alterego_mod:Bounce+1","alterego_mod:BustOut+1"],"relics":["alterego_mod:MasochisticConstitution","Ring of the Snake","aspiration:Nostalgia","Toxic Egg 2","infinitespire:Eraser","StuffTheSpire:Gunfinga","hubris:TerracottaHorce","DollysMirror","Replay:Blank Codex","MawBank","Ancient Tea Set","qcfpunch:School_Backpack","Grinning Jar","Bottled Lightning","halation:SmartPhone","hubris:NiceRug","StuffTheSpire:Mouthbags","Question Card","qcfpunch:Necklace_of_Skulls"],"acts_visited":["Exordium","TheCity","TheBeyond"],"potions_floor_usage":[49],"damage_taken":[{"damage":0.0,"enemies":"Small Slimes","floor":1.0,"turns":4.0},{"damage":2.0,"enemies":"2 Louse","floor":2.0,"turns":3.0},{"damage":3.0,"enemies":"Cultist","floor":7.0,"turns":4.0},{"damage":20.0,"enemies":"conspire:MimicChest","floor":10.0,"turns":5.0},{"damage":0.0,"enemies":"3 Louse","floor":11.0,"turns":3.0},{"damage":2.0,"enemies":"Exordium Thugs","floor":14.0,"turns":3.0},{"damage":27.0,"enemies":"The Guardian","floor":16.0,"turns":10.0},{"damage":0,"enemies":"2 Thieves","floor":18,"turns":2},{"damage":0,"enemies":"Shell Parasite","floor":24,"turns":3},{"damage":32,"enemies":"conspire:Head Lice","floor":27,"turns":7},{"damage":9,"enemies":"Shelled Parasite and Fungi","floor":30,"turns":2},{"damage":0,"enemies":"Cultist and Chosen","floor":33,"turns":3},{"damage":1,"enemies":"Collector","floor":35,"turns":5},{"damage":0,"enemies":"Orb Walker","floor":37,"turns":2},{"damage":28,"enemies":"3 Darklings","floor":38,"turns":3},{"damage":12,"enemies":"hubris:Merchant","floor":41,"turns":5},{"damage":0,"enemies":"Sphere and 2 Shapes","floor":46,"turns":2},{"damage":5,"enemies":"4 Shapes","floor":49,"turns":3},{"damage":18,"enemies":"hubris:GrandSnecko","floor":52,"turns":7}],"seed_played":"3816806350993296092","potions_obtained":[{"floor":2.0,"key":"EssenceOfSteel"},{"floor":11.0,"key":"SteroidPotion"},{"floor":18,"key":"sneckomod:MuddlingPotion"},{"floor":27,"key":"Doom Potion"},{"floor":41,"key":"BlessingOfTheForge"},{"floor":41,"key":"AttackPotion"},{"floor":46,"key":"Fire Potion"},{"floor":49,"key":"conspire:TimeTravelPotion"}],"is_trial":false,"path_per_floor":["M","M","?","?","?","R","M","R","T","?","M","T","$","M","R","B",null,"M","$","?","T","?","R","M","PTL","PTL","E","T","R","M","R","$","M","R_BF","B",null,"M","M","AVR","?","$","R","?","R","T","M","$","R","M","?","R","B",null],"character_chosen":"The_Alterego","items_purchased":["DollysMirror","Grinning Jar","alterego_mod:Clones+1"],"campfire_rested":0,"item_purchase_floors":[19,32,41],"current_hp_per_floor":[70,69,69,69,69,69,72,72,72,60,60,60,60,59,59,43,67,73,73,57,57,64,64,67,67,67,74,74,74,68,68,68,71,71,77,78,78,57,57,57,39,39,39,39,39,49,49,49,48,48,48,56],"gold":402,"neow_bonus":"NOSTALGIA","is_daily":false,"chose_seed":false,"campfire_upgraded":10,"win_rate":0.0,"timestamp":1611452624,"path_taken":["M","M","?","?","?","R","M","R","T","?","M","?","?","M","R","BOSS","BOSS","M","$","?","?","?","R","M","PTL","PTL","E","T","R","M","R","?","M","R_BF","BOSS","M","?","AVR","?","$","R","?","R","T","?","$","R","M","?","R","BOSS"],"items_purchased_type":["Relic","Relic","Card"],"build_version":"2020-12-22","purchased_purges":4,"victory":true,"max_hp_per_floor":[70,71,71,71,71,71,72,72,72,73,73,73,73,74,74,75,75,75,75,75,75,75,75,75,75,75,76,76,76,77,77,77,77,77,78,78,78,79,79,79,80,80,80,80,80,80,80,80,81,81,81,85],"card_choices":[{"not_picked":["alterego_mod:Skirt","alterego_mod:Exercise"],"picked":"alterego_mod:TrashNCrash","floor":1.0},{"not_picked":["alterego_mod:Swimsuit","alterego_mod:Cooking"],"picked":"alterego_mod:Bounce","floor":2.0},{"not_picked":["alterego_mod:TrashNCrash+1","alterego_mod:Pet+1"],"picked":"alterego_mod:HighServant+1","floor":7.0},{"not_picked":["alterego_mod:DiscoLights","alterego_mod:HighServant+1"],"picked":"alterego_mod:Undulate+1","floor":10.0},{"not_picked":["alterego_mod:Exercise","alterego_mod:MagicResistance+1"],"picked":"alterego_mod:Bounce","floor":11.0},{"not_picked":["alterego_mod:Bloomers+1","alterego_mod:Punishment"],"picked":"alterego_mod:Birthday+1","floor":14.0},{"not_picked":["alterego_mod:BrynhildrRomantia","alterego_mod:VirginLaserPalladion"],"picked":"alterego_mod:IdEs+1","floor":16.0},{"not_picked":["alterego_mod:BoobPocket+1","alterego_mod:PerceptionDisorder","alterego_mod:1TonWallop"],"picked":"SKIP","floor":18},{"not_picked":["alterego_mod:Cycle+1","alterego_mod:SuperDuperMasochism+1"],"picked":"alterego_mod:Mirror+1","floor":24},{"not_picked":["alterego_mod:PainIsPleasure","alterego_mod:GoddessCore"],"picked":"alterego_mod:Rake","floor":27},{"not_picked":["Tempest+1","Capacitor"],"picked":"ICR:Cyclone","floor":30},{"not_picked":["alterego_mod:Jiggle+1","alterego_mod:HighServant+1","alterego_mod:Complex"],"picked":"SKIP","floor":30},{"not_picked":["alterego_mod:Skirt","alterego_mod:Belle+1"],"picked":"alterego_mod:BiFurious","floor":33},{"not_picked":["WindmillStrike","Replay:AtTheReady+1","SignatureMove"],"picked":"SKIP","floor":33},{"not_picked":["alterego_mod:Palingenesis","alterego_mod:Lift"],"picked":"alterego_mod:ClassAdvantage","floor":35},{"not_picked":["Warcry+1","StuffTheSpire:RockThrow","Intimidate+1"],"picked":"SKIP","floor":37},{"not_picked":["alterego_mod:HighServant+1","alterego_mod:Belle","alterego_mod:Pet+1"],"picked":"SKIP","floor":37},{"not_picked":["Draining Mist+1","Bane","Deadly Poison+1"],"picked":"SKIP","floor":38},{"not_picked":["alterego_mod:TrashNCrash+1","alterego_mod:Bunnysuit+1","alterego_mod:Skirt"],"picked":"SKIP","floor":38},{"not_picked":[],"picked":"alterego_mod:Bounce","floor":41},{"not_picked":["alterego_mod:DustData"],"picked":"SKIP","floor":41},{"not_picked":["alterego_mod:Crossover+1"],"picked":"SKIP","floor":41},{"not_picked":["alterego_mod:DiscoLights"],"picked":"SKIP","floor":41},{"not_picked":["Mind Blast"],"picked":"SKIP","floor":41},{"not_picked":["Master of Strategy+1"],"picked":"SKIP","floor":41},{"not_picked":["alterego_mod:Undulate+1","alterego_mod:Lingerie","alterego_mod:DiscoLights"],"picked":"alterego_mod:BustOut+1","floor":46},{"not_picked":["alterego_mod:Maid+1","alterego_mod:Collar+1","alterego_mod:Jiggle+1","alterego_mod:PerceptionDisorder+1"],"picked":"SKIP","floor":49}],"player_experience":321913,"relics_obtained":[{"floor":10.0,"key":"infinitespire:Eraser"},{"floor":12.0,"key":"StuffTheSpire:Gunfinga"},{"floor":20,"key":"Replay:Blank Codex"},{"floor":21,"key":"MawBank"},{"floor":27,"key":"Ancient Tea Set"},{"floor":28,"key":"qcfpunch:School_Backpack"},{"floor":34,"key":"Bottled Lightning"},{"floor":41,"key":"StuffTheSpire:Mouthbags"},{"floor":41,"key":"Question Card"},{"floor":45,"key":"qcfpunch:Necklace_of_Skulls"}],"event_choices":[{"damage_healed":0.0,"max_hp_gain":0.0,"max_hp_loss":0.0,"gold_gain":0.0,"event_name":"Living Wall","player_choice":"Grow","floor":4.0,"gold_loss":0.0,"damage_taken":0.0,"cards_upgraded":["alterego_mod:TrashNCrash"]},{"cards_removed":["Injury"],"damage_healed":0.0,"max_hp_gain":0.0,"max_hp_loss":0.0,"gold_gain":0.0,"event_name":"The Cleric","player_choice":"Card Removal","floor":5.0,"gold_loss":50.0,"damage_taken":0.0},{"damage_healed":0,"gold_gain":0,"player_choice":"Obtained Book","damage_taken":16,"max_hp_gain":0,"max_hp_loss":0,"event_name":"Cursed Tome","floor":20,"gold_loss":0},{"damage_healed":0,"gold_gain":0,"player_choice":"Upgraded","damage_taken":0,"max_hp_gain":0,"max_hp_loss":0,"event_name":"Upgrade Shrine","floor":43,"gold_loss":0,"cards_upgraded":["alterego_mod:ClassAdvantage"]}],"is_beta":false,"boss_relics":[{"not_picked":["halation:CatFaceCupcake","halation:LoveArrow"],"picked":"hubris:TerracottaHorce"},{"not_picked":["halation:ForbiddenBikini","vexMod:DeviousBotling"],"picked":"halation:SmartPhone"}],"items_purged_floors":[13,32,39,41],"is_endless":false,"potions_floor_spawned":[2,11,18,27,46,49],"ascension_level":0}}