{"host":"2brg86hfzr3u5cix","time":1611470565,"event":{"mods":["AchievementEnabler","Ascension Unlocker","BaseMod","CapriCore","DeckTracker","Highlight Path","Keyboard Shortcuts","Minty Spire (QoL Compilation)","Permanent Neow","Relic Stats","StSLib","Twitch Utils","Uncapped","UnlockEverythingMod"],"gold_per_floor":[118,138,63,83,93,93,109,139,139,159,193,193,193,193,193,267,267,281,293,293,311,311,311,342,342,416,416,427,18,29,47,47,126,126,143,143,143,155,155,155,171,171,171,185,185,185],"floor_reached":45,"language":"KOR","playtime":1346,"items_purged":["Strike_R","Strike_R"],"score":948,"play_id":"0c0b7672-d65d-4170-aa16-886ba9d2ecfb","local_time":"20210124154245","is_ascension_mode":true,"campfire_choices":[{"data":"Whirlwind","floor":6.0,"key":"SMITH"},{"data":"Heavy Blade","floor":12.0,"key":"SMITH"},{"floor":15.0,"key":"REST"},{"data":"True Grit","floor":23.0,"key":"SMITH"},{"floor":25.0,"key":"REST"},{"data":"Exhume","floor":27.0,"key":"SMITH"},{"floor":32,"key":"REST"},{"data":"Seeing Red","floor":40,"key":"SMITH"},{"data":"Feel No Pain","floor":42,"key":"SMITH"}],"circlet_count":0,"master_deck":["AscendersBane","Strike_R","Strike_R","Defend_R","Defend_R","Defend_R","Defend_R","Bash+1","Whirlwind+1","Shrug It Off","Spot Weakness+1","Heavy Blade+1","Flex","Disarm","Inflame+1","Exhume+1","Feel No Pain+1","Pummel+1","Inflame+1","True Grit+1","Seeing Red+1","Limit Break+1","Reckless Charge+1","Reaper","Writhe","Wild Strike","Exhume","Parasite"],"relics":["Burning Blood","Ice Cream","Pantograph","Red Skull","Runic Dome","Du-Vu Doll","Kunai","Sling","Cursed Key"],"acts_visited":["Exordium","TheCity","TheBeyond"],"potions_floor_usage":[31,33,41,44],"damage_taken":[{"damage":1.0,"enemies":"Cultist","floor":1.0,"turns":3.0},{"damage":0.0,"enemies":"2 Louse","floor":2.0,"turns":2.0},{"damage":12.0,"enemies":"Jaw Worm","floor":4.0,"turns":4.0},{"damage":14.0,"enemies":"Looter","floor":5.0,"turns":3.0},{"damage":3.0,"enemies":"3 Louse","floor":7.0,"turns":2.0},{"damage":22.0,"enemies":"3 Sentries","floor":8.0,"turns":4.0},{"damage":35.0,"enemies":"Exordium Thugs","floor":10.0,"turns":3.0},{"damage":18.0,"enemies":"Lagavulin","floor":11.0,"turns":7.0},{"damage":0.0,"enemies":"2 Fungi Beasts","floor":14.0,"turns":1.0},{"damage":44.0,"enemies":"Hexaghost","floor":16.0,"turns":9.0},{"damage":12.0,"enemies":"Chosen","floor":18.0,"turns":3.0},{"damage":15.0,"enemies":"Shell Parasite","floor":19.0,"turns":2.0},{"damage":14.0,"enemies":"Sentry and Sphere","floor":21.0,"turns":5.0},{"damage":37.0,"enemies":"Book of Stabbing","floor":24.0,"turns":4.0},{"damage":0,"enemies":"Centurion and Healer","floor":28,"turns":3},{"damage":7,"enemies":"Snecko","floor":30,"turns":4},{"damage":30,"enemies":"Shelled Parasite and Fungi","floor":31,"turns":4},{"damage":31,"enemies":"Collector","floor":33,"turns":5},{"damage":11,"enemies":"3 Shapes","floor":35,"turns":2},{"damage":20,"enemies":"3 Darklings","floor":38,"turns":3},{"damage":18,"enemies":"Writhing Mass","floor":41,"turns":4},{"damage":53,"enemies":"Transient","floor":44,"turns":6},{"damage":27,"enemies":"Giant Head","floor":45,"turns":4}],"seed_played":"-7901487368865862734","potions_obtained":[{"floor":1.0,"key":"BloodPotion"},{"floor":5.0,"key":"GamblersBrew"},{"floor":7.0,"key":"Regen Potion"},{"floor":11.0,"key":"SmokeBomb"},{"floor":18.0,"key":"AttackPotion"},{"floor":19.0,"key":"DuplicationPotion"},{"floor":21.0,"key":"Explosive Potion"},{"floor":28,"key":"SpeedPotion"},{"floor":31,"key":"GamblersBrew"},{"floor":33,"key":"Weak Potion"}],"is_trial":false,"path_per_floor":["M","M","$","M","M","R","M","E","T","M","E","R","?","M","R","B",null,"M","M","?","M","?","R","E","R","T","R","M","$","M","M","R","B",null,"M","?","?","M","?","R","M","R","T","M","E"],"character_chosen":"IRONCLAD","items_purchased":["Limit Break","Sling"],"campfire_rested":3,"item_purchase_floors":[29,29],"current_hp_per_floor":[73,75,75,69,61,61,64,60,60,46,34,34,11,17,39,26,63,57,48,48,40,40,40,9,31,31,31,37,37,36,12,34,34,65,60,75,75,67,67,67,55,55,55,8,0,0],"gold":185,"neow_bonus":"UPGRADE_CARD","is_daily":false,"chose_seed":false,"campfire_upgraded":6,"win_rate":0.0,"timestamp":1611470565,"path_taken":["M","M","$","M","M","R","M","E","T","M","E","R","?","M","R","BOSS","M","M","?","?","?","R","E","R","T","R","M","$","M","M","R","BOSS","M","?","?","?","?","R","?","R","T","M","E"],"items_purchased_type":["Card","Relic"],"build_version":"2020-12-22","purchased_purges":2,"victory":false,"max_hp_per_floor":[75,75,75,75,75,75,75,75,75,75,75,75,75,75,75,75,75,75,75,75,75,75,75,75,75,75,75,75,75,75,75,75,75,75,75,75,75,75,75,75,75,75,75,75,75,75],"relic_stats":{"counters":[23,87],"Pantograph":50,"Kunai":[1],"Cursed Key":1,"obtain_stats":[{"Ice Cream":8,"Du-Vu Doll":24,"Runic Dome":17,"Pantograph":9,"Kunai":26,"Sling":29,"Cursed Key":34,"Burning Blood":0,"Red Skull":11},{"Ice Cream":6,"Du-Vu Doll":14,"Runic Dome":10,"Pantograph":6,"Kunai":14,"Sling":15,"Cursed Key":18,"Burning Blood":0,"Red Skull":8},{"Ice Cream":18,"Du-Vu Doll":52,"Runic Dome":38,"Pantograph":18,"Kunai":52,"Sling":55,"Cursed Key":68,"Burning Blood":0,"Red Skull":28}],"Burning Blood":128},"card_choices":[{"not_picked":["Sever Soul","True Grit"],"picked":"Whirlwind","floor":1.0},{"not_picked":["Combust","Body Slam"],"picked":"Shrug It Off","floor":2.0},{"not_picked":["Heavy Blade","Body Slam"],"picked":"Spot Weakness","floor":4.0},{"not_picked":["Headbutt","Twin Strike"],"picked":"Heavy Blade","floor":5.0},{"not_picked":["Rupture","Rampage"],"picked":"Flex","floor":7.0},{"not_picked":["Wild Strike","Sentinel"],"picked":"Disarm","floor":8.0},{"not_picked":["Shrug It Off","Thunderclap","Iron Wave"],"picked":"SKIP","floor":10.0},{"not_picked":["Immolate","True Grit"],"picked":"Inflame","floor":11.0},{"not_picked":["Barricade","Fiend Fire"],"picked":"Exhume","floor":16.0},{"not_picked":["Clash","Feel No Pain","Iron Wave"],"picked":"SKIP","floor":18.0},{"not_picked":["Clash","Iron Wave"],"picked":"Feel No Pain","floor":18.0},{"not_picked":["Rupture","Body Slam"],"picked":"Pummel+1","floor":19.0},{"not_picked":["Perfected Strike","Pommel Strike"],"picked":"True Grit","floor":21.0},{"not_picked":["Warcry","Wild Strike"],"picked":"Seeing Red","floor":24.0},{"not_picked":["Cleave","Body Slam","Spot Weakness"],"picked":"SKIP","floor":28},{"not_picked":["Flame Barrier","Inflame"],"picked":"Reckless Charge+1","floor":30},{"not_picked":["Shrug It Off","Reckless Charge","Whirlwind"],"picked":"SKIP","floor":31},{"not_picked":["Fiend Fire","Impervious"],"picked":"Reaper","floor":33},{"not_picked":["Armaments","Reckless Charge","Shrug It Off"],"picked":"SKIP","floor":35},{"not_picked":["Reckless Charge","True Grit"],"picked":"Exhume","floor":38},{"not_picked":["Clothesline","True Grit","Rupture"],"picked":"SKIP","floor":41},{"not_picked":["Cleave","Shrug It Off","Perfected Strike"],"picked":"SKIP","floor":44}],"player_experience":333437,"relics_obtained":[{"floor":8.0,"key":"Ice Cream"},{"floor":9.0,"key":"Pantograph"},{"floor":11.0,"key":"Red Skull"},{"floor":24.0,"key":"Du-Vu Doll"},{"floor":26.0,"key":"Kunai"}],"event_choices":[{"damage_healed":0.0,"max_hp_gain":0.0,"max_hp_loss":0.0,"gold_gain":0.0,"event_name":"Shining Light","player_choice":"Entered Light","floor":13.0,"gold_loss":0.0,"damage_taken":23.0,"cards_upgraded":["Spot Weakness","Inflame"]},{"damage_healed":0.0,"max_hp_gain":0.0,"max_hp_loss":0.0,"gold_gain":0.0,"event_name":"Duplicator","player_choice":"Copied","floor":20.0,"gold_loss":0.0,"damage_taken":0.0,"cards_obtained":["Inflame"]},{"damage_healed":0.0,"max_hp_gain":0.0,"max_hp_loss":0.0,"gold_gain":0.0,"event_name":"Ghosts","player_choice":"Ignored","floor":22.0,"gold_loss":0.0,"damage_taken":0.0},{"damage_healed":15,"gold_gain":0,"player_choice":"Writhe","damage_taken":0,"max_hp_gain":0,"max_hp_loss":0,"event_name":"Winding Halls","floor":36,"gold_loss":0,"cards_obtained":["Writhe"]},{"damage_healed":0,"gold_gain":0,"cards_transformed":["Strike_R"],"player_choice":"Transformed","damage_taken":0,"max_hp_gain":0,"max_hp_loss":0,"event_name":"Transmorgrifier","floor":37,"gold_loss":0,"cards_obtained":["Wild Strike"]},{"damage_healed":0,"gold_gain":0,"player_choice":"Upgraded","damage_taken":0,"max_hp_gain":0,"max_hp_loss":0,"event_name":"Upgrade Shrine","floor":39,"gold_loss":0,"cards_upgraded":["Limit Break"]}],"is_beta":false,"boss_relics":[{"not_picked":["Runic Cube","Snecko Eye"],"picked":"Runic Dome"},{"not_picked":["Astrolabe","Black Blood"],"picked":"Cursed Key"}],"items_purged_floors":[3,29],"is_endless":false,"potions_floor_spawned":[1,5,7,11,18,19,21,28,31,33,38],"killed_by":"Giant Head","ascension_level":20}}