{"host":"i9z6y8pcdeu2qxnx","time":1611464209,"event":{"mods":["BaseMod","Colored Map","Googly Eyes","Highlight Path","Minty Spire (QoL Compilation)","Replay The Spire","StSLib"],"gold_per_floor":[114,464,479,654,669,599,614,629,704,719,5,35,50,65,65,165,165,180,279,294,344,359,359,389,416,428,470,57,57,72,87,87,187,187,202,217,0,50,65,65,115,130,130,130,160,160,160,175,175,175,175],"floor_reached":50,"language":"ENG","playtime":6212,"items_purged":["Pain","Spreading Infection"],"score":1078,"play_id":"52ecdd37-383b-49c5-a7be-583cf3523f1c","local_time":"20210123235649","daily_mods":["Draft","Colorless Cards","Terminal"],"is_ascension_mode":false,"campfire_choices":[{"data":"ReplayTheSpireMod:Necrogeddon","floor":15,"key":"SMITH"},{"data":"Dramatic Entrance","floor":23,"key":"SMITH"},{"data":"Panache","floor":29,"key":"SMITH"},{"data":"Infinite Blades","floor":32,"key":"SMITH"},{"floor":40,"key":"REST"},{"floor":46,"key":"REST"},{"floor":49,"key":"REST"}],"circlet_count":0,"master_deck":["Hidden Blade","Deadly Poison","Infinite Blades+1","Backstab","Quick Slash","Blade Dance","Slice","Dagger Spray","Deflect","Dagger Spray+1","Outmaneuver","Backflip","All Out Attack","Outmaneuver","Bane","Dash","Hallucinations","Injury","Dramatic Entrance+1","Doubt","Delirium","Footwork","Corpse Explosion","Acrobatics","Blade Dance","Flying Knee+1","Deadly Poison","ReplayTheSpireMod:Necrogeddon+1","Leg Sweep","PiercingWail","Hidden Blade","Injury","Poison Darts","CurseOfTheBell","Flying Knee","Replay:Hysterical Blindness","Purity+1","Cloak And Dagger+1","Predator","ReplayTheSpireMod:Necrogeddon+1","Panache+1","Overencumbered","Tools of the Trade","Blade Dance","Leg Sweep","Languid","Replay:Bootleg Shield Generator","All Out Attack+1","Well Laid Plans+1","Dramatic Entrance","Replay:Sssssssssshield+1","Dagger Spray","Deflect"],"relics":["Ring of the Snake","Ring of Greed","Ring of Panic","Blue Doll","Old Coin","Divine Protection","Matryoshka","ReplayTheSpireMod:TigerMarble","Happy Flower","PreservedInsect","Calling Bell","Gremlin Food","ReplayTheSpireMod:Ninjato","Unceasing Top","MawBank","Iron Hammer","Dream Catcher","Letter Opener","DollysMirror","Sozu","Red Mask","TungstenRod","Prayer Wheel","Darkstone Periapt","Art of War"],"acts_visited":["Exordium","TheCity","TheBeyond"],"potions_floor_usage":[6,6,12,16,16,16,22,24,33,35],"damage_taken":[{"damage":0,"enemies":"Small Slimes","floor":1,"turns":2},{"damage":0,"enemies":"2 Louse","floor":3,"turns":1},{"damage":0,"enemies":"Jaw Worm","floor":5,"turns":1},{"damage":19,"enemies":"Gremlin Nob","floor":6,"turns":4},{"damage":0,"enemies":"Lots of Slimes","floor":7,"turns":1},{"damage":0,"enemies":"Gremlin Gang","floor":8,"turns":1},{"damage":0,"enemies":"2 Fungi Beasts","floor":10,"turns":1},{"damage":0,"enemies":"3 Sentries","floor":12,"turns":2},{"damage":0,"enemies":"Blue Slaver","floor":13,"turns":3},{"damage":0,"enemies":"Lots of Slimes","floor":14,"turns":1},{"damage":0,"enemies":"Fading Forest","floor":16,"turns":11},{"damage":0,"enemies":"3 Byrds","floor":18,"turns":2},{"damage":0,"enemies":"Chosen","floor":20,"turns":3},{"damage":0,"enemies":"Centurion and Healer","floor":22,"turns":4},{"damage":0,"enemies":"Gremlin Leader","floor":24,"turns":5},{"damage":0,"enemies":"Snake Plant","floor":25,"turns":4},{"damage":0,"enemies":"Replay:Snechameleon","floor":27,"turns":2},{"damage":0,"enemies":"Cultist and Chosen","floor":30,"turns":3},{"damage":0,"enemies":"Centurion and Healer","floor":31,"turns":2},{"damage":7,"enemies":"Pondfish","floor":33,"turns":9},{"damage":0,"enemies":"3 Darklings","floor":35,"turns":2},{"damage":0,"enemies":"Orb Walker","floor":36,"turns":2},{"damage":18,"enemies":"2 Orb Walkers","floor":38,"turns":4},{"damage":4,"enemies":"Maw","floor":39,"turns":6},{"damage":10,"enemies":"Mind Bloom Boss Battle","floor":41,"turns":5},{"damage":10,"enemies":"Writhing Mass","floor":42,"turns":3},{"damage":0,"enemies":"Giant Head","floor":45,"turns":5},{"damage":0,"enemies":"Jaw Worm Horde","floor":48,"turns":3},{"damage":23,"enemies":"Replay:Hell Engine","floor":50,"turns":6}],"seed_played":"-992185634128019100","potions_obtained":[{"floor":3,"key":"DistilledChaos"},{"floor":5,"key":"Reflective Coating"},{"floor":7,"key":"ColorlessPotion"},{"floor":12,"key":"Adrenaline Potion"},{"floor":13,"key":"Explosive Potion"},{"floor":20,"key":"DistilledChaos"},{"floor":22,"key":"CunningPotion"},{"floor":31,"key":"SteroidPotion"},{"floor":33,"key":"Energy Potion"}],"is_trial":false,"path_per_floor":["M","?","M","?","M","E","M","M","T","M","$","E","M","M","R","B",null,"M","?","M","?","M","R","E","M","T","E","$","R","M","M","R_BF","B",null,"M","M","?","?","M","R","?","M","T","?","E","R","?","M","R","B"],"character_chosen":"THE_SILENT","items_purchased":["Flying Knee+1","Deadly Poison","ReplayTheSpireMod:Tripwire","ReplayTheSpireMod:Necrogeddon","ReplayTheSpireMod:TigerMarble","Happy Flower","PowerPotion","DollysMirror","Panache"],"campfire_rested":3,"item_purchase_floors":[11,11,11,11,11,11,11,28,28],"current_hp_per_floor":[68,67,66,65,64,45,45,45,45,45,45,45,45,45,45,47,52,51,50,49,48,47,46,45,44,43,42,41,40,39,38,37,30,35,34,33,32,14,14,23,17,7,7,7,7,14,14,14,20,0,0],"gold":175,"neow_bonus":"","is_daily":true,"chose_seed":false,"campfire_upgraded":4,"win_rate":0.0,"timestamp":1611464209,"path_taken":["M","?","M","?","M","E","M","M","T","M","?","E","?","?","R","BOSS","M","?","M","?","M","R","E","M","T","E","$","R","?","M","R_BF","BOSS","M","M","?","?","M","R","?","M","T","?","E","R","?","?","R","BOSS"],"items_purchased_type":["Card","Card","Card","Card","Relic","Relic","Potion","Relic","Card"],"build_version":"2020-12-22","purchased_purges":2,"victory":false,"max_hp_per_floor":[68,67,66,65,64,63,62,61,60,59,58,57,56,55,54,53,52,51,50,49,48,47,46,45,44,43,42,41,40,39,38,37,36,35,34,33,32,31,30,29,28,27,26,25,24,23,22,21,20,20,20],"card_choices":[{"not_picked":["Dagger Throw","Deflect"],"picked":"Hidden Blade","floor":0},{"not_picked":["Blind","Riddle With Holes"],"picked":"Deadly Poison","floor":0},{"not_picked":["Deadly Poison","Dagger Throw"],"picked":"Infinite Blades","floor":0},{"not_picked":["Jack Of All Trades","Concentrate"],"picked":"Backstab","floor":0},{"not_picked":["Deep Breath","Setup"],"picked":"Quick Slash","floor":0},{"not_picked":["Acrobatics","Slice"],"picked":"Blade Dance","floor":0},{"not_picked":["Sucker Punch","Prepared"],"picked":"Slice","floor":0},{"not_picked":["Acrobatics","Hidden Blade"],"picked":"Dagger Spray","floor":0},{"not_picked":["Tactician","Deadly Poison"],"picked":"Deflect","floor":0},{"not_picked":["Masterful Stab","Dagger Throw"],"picked":"Dagger Spray","floor":0},{"not_picked":["Poisoned Stab","Flying Knee"],"picked":"Outmaneuver","floor":0},{"not_picked":["Deadly Poison","Poisoned Stab"],"picked":"Backflip","floor":0},{"not_picked":["ReplayTheSpireMod:Speed Training","Replay:Sssssssssshield"],"picked":"All Out Attack","floor":0},{"not_picked":["Draining Mist","Prepared"],"picked":"Outmaneuver","floor":0},{"not_picked":["Poisoned Stab","Outmaneuver"],"picked":"Bane","floor":0},{"not_picked":["Acrobatics","Draining Mist"],"picked":"Dash","floor":1},{"not_picked":["Blade Dance","Backflip"],"picked":"Dramatic Entrance","floor":3},{"not_picked":["Sucker Punch","Dagger Spray"],"picked":"Footwork","floor":5},{"not_picked":["Outmaneuver","Swift Strike"],"picked":"Corpse Explosion","floor":6},{"not_picked":["Deflect","Sucker Punch"],"picked":"Acrobatics","floor":7},{"not_picked":["Prepared","Dagger Throw"],"picked":"Blade Dance","floor":8},{"not_picked":["ReplayTheSpireMod:Scrap Shanks","Dagger Throw","Slice"],"picked":"SKIP","floor":10},{"not_picked":["Doppelganger","Dagger Throw"],"picked":"Leg Sweep","floor":12},{"not_picked":["Expertise","Quick Slash"],"picked":"PiercingWail","floor":13},{"not_picked":["Quick Slash","Backflip"],"picked":"Hidden Blade","floor":14},{"not_picked":["Secret Technique","Replay:Bag of Tricks"],"picked":"Poison Darts","floor":16},{"not_picked":["Replay:Bootleg Shield Generator","ReplayTheSpireMod:Shiv Toss+1"],"picked":"Flying Knee","floor":18},{"not_picked":["Tactician","Doppelganger"],"picked":"Purity","floor":20},{"not_picked":["Prepared","Underhanded Strike","Replay:Poison Smokescreen+1"],"picked":"SKIP","floor":22},{"not_picked":["Dagger Throw+1","Replay:Parry"],"picked":"Cloak And Dagger","floor":24},{"not_picked":["Trip","Finesse","Poisoned Stab+1"],"picked":"SKIP","floor":25},{"not_picked":["Sucker Punch","Draining Mist"],"picked":"Predator","floor":27},{"not_picked":["Poisoned Stab+1","Crippling Poison+1","Quick Slash"],"picked":"SKIP","floor":30},{"not_picked":["ReplayTheSpireMod:Trickstab","Quick Slash","ReplayTheSpireMod:Shiv Toss+1"],"picked":"SKIP","floor":31},{"not_picked":["Thinking Ahead","Poisoned Strike"],"picked":"Tools of the Trade","floor":33},{"not_picked":["Tactician","Fluid Movement"],"picked":"Blade Dance","floor":35},{"not_picked":["Acrobatics","Impatience+1"],"picked":"Leg Sweep","floor":36},{"not_picked":["Underhanded Strike","Slice+1"],"picked":"Replay:Bootleg Shield Generator","floor":38},{"not_picked":["Dagger Throw+1","Sucker Punch+1","Eviscerate+1"],"picked":"SKIP","floor":39},{"not_picked":["Dodge and Roll+1","Underhanded Strike"],"picked":"All Out Attack+1","floor":41},{"not_picked":["Corpse Explosion","ReplayTheSpireMod:Scrap Shanks"],"picked":"Well Laid Plans+1","floor":42},{"not_picked":["Riddle With Holes","Tactician+1","Slice"],"picked":"SKIP","floor":42},{"not_picked":["Flying Knee+1","Outmaneuver","Sucker Punch"],"picked":"SKIP","floor":45},{"not_picked":["Poisoned Strike","Flash of Steel"],"picked":"Dramatic Entrance","floor":47},{"not_picked":["Replay:Sssssssssstrike+1","Bandage Up+1"],"picked":"Replay:Sssssssssshield+1","floor":48},{"not_picked":["Crippling Poison","Choke+1"],"picked":"Dagger Spray","floor":48},{"not_picked":["Cloak And Dagger","Distraction+1"],"picked":"Deflect","floor":49}],"player_experience":937297,"relics_obtained":[{"floor":2,"key":"Ring of Greed"},{"floor":2,"key":"Ring of Panic"},{"floor":2,"key":"Blue Doll"},{"floor":2,"key":"Old Coin"},{"floor":6,"key":"Divine Protection"},{"floor":9,"key":"Matryoshka"},{"floor":12,"key":"PreservedInsect"},{"floor":17,"key":"Gremlin Food"},{"floor":17,"key":"ReplayTheSpireMod:Ninjato"},{"floor":17,"key":"Unceasing Top"},{"floor":24,"key":"MawBank"},{"floor":26,"key":"Iron Hammer"},{"floor":26,"key":"Dream Catcher"},{"floor":27,"key":"Letter Opener"},{"floor":38,"key":"TungstenRod"},{"floor":41,"key":"Prayer Wheel"},{"floor":43,"key":"Darkstone Periapt"},{"floor":45,"key":"Art of War"}],"event_choices":[{"damage_healed":0,"gold_gain":175,"player_choice":"AGREE","damage_taken":0,"max_hp_gain":0,"max_hp_loss":0,"event_name":"Liars Game","floor":4,"gold_loss":0,"cards_obtained":["Doubt"]},{"damage_healed":0,"gold_gain":99,"player_choice":"Stole From Cult","damage_taken":0,"max_hp_gain":0,"max_hp_loss":0,"event_name":"Nest","floor":19,"gold_loss":0},{"damage_healed":0,"gold_gain":100,"player_choice":"Bet on Murderer","damage_taken":0,"max_hp_gain":0,"max_hp_loss":0,"event_name":"The Joust","floor":21,"gold_loss":50},{"damage_healed":0,"gold_gain":0,"player_choice":"Paid","damage_taken":0,"relics_obtained":["Red Mask"],"max_hp_gain":0,"max_hp_loss":0,"event_name":"Tomb of Lord Red Mask","floor":37,"gold_loss":217},{"damage_healed":0,"gold_gain":0,"player_choice":"Fight","damage_taken":0,"max_hp_gain":0,"max_hp_loss":0,"event_name":"Mysterious Sphere","floor":38,"gold_loss":0},{"damage_healed":0,"gold_gain":0,"player_choice":"Fight","damage_taken":0,"max_hp_gain":0,"max_hp_loss":0,"event_name":"MindBloom","floor":41,"gold_loss":0},{"cards_removed":["ReplayTheSpireMod:Tripwire"],"damage_healed":0,"gold_gain":0,"player_choice":"Removed Skill","damage_taken":0,"max_hp_gain":0,"max_hp_loss":0,"event_name":"Falling","floor":44,"gold_loss":0},{"damage_healed":0,"gold_gain":0,"player_choice":"Memory 1","damage_taken":0,"max_hp_gain":0,"max_hp_loss":0,"event_name":"SensoryStone","floor":47,"gold_loss":0}],"is_beta":false,"boss_relics":[{"not_picked":["Velvet Choker","Runic Dome"],"picked":"Calling Bell"},{"not_picked":["Snecko Scales","Replay:Drink Me"],"picked":"Sozu"}],"items_purged_floors":[11,28],"is_endless":false,"potions_floor_spawned":[3,5,7,12,13,20,22,31,33,38,41,48],"killed_by":"Replay:Hell Engine","ascension_level":0}}