{"host":"clf2hd4adhiiw0zf","time":1611526466,"event":{"mods":["AchievementEnabler","BaseMod","Beaked The Cultist","Bestiary","Dark Map","Downfall","Gremlin Mod","Hermit","Jorbs\u0027s Wanderer Trilogy","Marisa????????","Minty Spire (QoL Compilation)","Shop Mod","StSLib","The Cursed","The Servant 0.9.4","UnlockEverythingMod","Wide Potions"],"gold_per_floor":[99,99,99,199,299,311,363,91,109,119,144,144,144,144,144,144],"floor_reached":14,"language":"ENG","playtime":512,"items_purged":[],"score":99,"play_id":"e1df3f61-6cda-436b-acc2-2fae8d367acc","local_time":"20210124151426","is_ascension_mode":true,"campfire_choices":[{"floor":1,"key":"RECALL"}],"circlet_count":0,"master_deck":["champ:Strike","champ:Strike","champ:Strike","champ:Strike","champ:Defend","champ:Defend","champ:Defend","champ:Defend","champ:Execute","champ:Taunt","champ:BerserkersShout","champ:PreciseThrust","champ:StrikeOfGenius","champ:TornadoPunch","champ:TornadoPunch","champ:ShieldSigil+1","champ:AdrenalArmor+1","champ:Parry+1"],"relics":["champ:ChampionCrown","downfall:HeartsMalice","Champion Belt","Toxic Egg 2","Lantern","Strawberry"],"acts_visited":["Exordium"],"potions_floor_usage":[8,14,14],"damage_taken":[{"damage":0,"enemies":"Small Slimes","floor":2,"turns":1},{"damage":0,"enemies":"2 Louse","floor":3,"turns":1},{"damage":0,"enemies":"2 Louse","floor":4,"turns":1},{"damage":19,"enemies":"Jaw Worm","floor":6,"turns":4},{"damage":10,"enemies":"downfall:FleeingMerchant","floor":8,"turns":4},{"damage":38,"enemies":"Large Slime","floor":9,"turns":5},{"damage":6,"enemies":"3 Louse","floor":10,"turns":3},{"damage":33,"enemies":"Lagavulin","floor":11,"turns":5},{"damage":101,"enemies":"Gremlin Nob","floor":14,"turns":5}],"seed_played":"-7392111280204753567","potions_obtained":[{"floor":4,"key":"ColorlessPotion"},{"floor":9,"key":"GamblersBrew"},{"floor":10,"key":"Block Potion"}],"is_trial":false,"path_per_floor":["R","M","M","?","?","M","T","$","M","M","E","?","T","E"],"character_chosen":"THE_CHAMP","items_purchased":["Toxic Egg 2"],"campfire_rested":0,"item_purchase_floors":[8],"current_hp_per_floor":[90,90,90,90,90,86,86,86,68,62,44,49,56,0,0,0],"gold":144,"neow_bonus":"THREE_ENEMY_KILL","is_daily":false,"chose_seed":false,"campfire_upgraded":0,"win_rate":0.0,"timestamp":1611526466,"path_taken":["R","M","M","?","?","M","T","?","M","M","E","?","?","E"],"items_purchased_type":["Relic"],"build_version":"2020-12-22","purchased_purges":0,"victory":false,"max_hp_per_floor":[90,90,90,90,90,90,90,90,90,90,90,95,102,102,102,102],"card_choices":[{"not_picked":["champ:PreciseThrust","champ:FocusedBerserking"],"picked":"champ:BerserkersShout","floor":2},{"not_picked":["champ:Circumvent","champ:CrownThrow"],"picked":"champ:PreciseThrust","floor":3},{"not_picked":["champ:FaceSlap","champ:FanOfKnives"],"picked":"champ:StrikeOfGenius","floor":4},{"not_picked":["champ:Haymaker","champ:AdrenalArmor"],"picked":"champ:TornadoPunch","floor":6},{"not_picked":["champ:EnGarde","champ:ViciousMockery"],"picked":"champ:TornadoPunch","floor":8},{"not_picked":["champ:Backstep+1","champ:BringItOn+1"],"picked":"champ:ShieldSigil+1","floor":9},{"not_picked":["champ:DefensiveShout+1","champ:SkillfulDodge+1"],"picked":"champ:AdrenalArmor+1","floor":10},{"not_picked":["champ:HeartStrike","champ:BerserkersShout+1"],"picked":"champ:Parry+1","floor":11}],"player_experience":108124,"relics_obtained":[{"floor":4,"key":"Champion Belt"},{"floor":11,"key":"Lantern"},{"floor":13,"key":"Strawberry"}],"event_choices":[{"damage_healed":0,"gold_gain":0,"player_choice":"Donut","damage_taken":0,"max_hp_gain":5,"max_hp_loss":0,"event_name":"Big Fish","floor":12,"gold_loss":0}],"is_beta":false,"boss_relics":[],"items_purged_floors":[],"is_endless":false,"potions_floor_spawned":[4,9,10],"killed_by":"Gremlin Nob","ascension_level":3}}