{"host":"armnliea5o2aqs4b","time":1611487108,"event":{"mods":["BaseMod","Hermit","Hubris","Infinite Spire","Minty Spire (QoL Compilation)","Quick Restart","StSLib","The Construct","The Disciple","The Forsaken"],"gold_per_floor":[117,117,117,117,117,157,157,496,523,539,308,208,246,269,269,269,269],"floor_reached":16,"language":"ENG","playtime":395,"items_purged":["Strike_R","Strike_R"],"score":241,"play_id":"d0706b0b-a694-4eeb-8c62-ebd6d33ea1bf","local_time":"20210124221828","is_ascension_mode":true,"campfire_choices":[{"data":"Uppercut","floor":7,"key":"SMITH"},{"data":"Inflame","floor":15,"key":"SMITH"}],"circlet_count":0,"master_deck":["Strike_R","Strike_R+1","Strike_R","Defend_R","Defend_R","Defend_R","Defend_R+1","Bash","Uppercut+1","Inflame+1","Rage","Spot Weakness","Disarm","Dual Wield"],"relics":["Cracked Core","NeowsBlessing","hubris:Towel","Golden Idol","infinitespire:Cubic Diamond","Lantern","Old Coin","infinitespire:Lucky Rock","Sling","Strawberry"],"acts_visited":["Exordium"],"potions_floor_usage":[16,16],"damage_taken":[{"damage":0,"enemies":"Jaw Worm","floor":1,"turns":1},{"damage":0,"enemies":"Lagavulin","floor":6,"turns":1},{"damage":0,"enemies":"Gremlin Nob","floor":8,"turns":1},{"damage":0,"enemies":"2 Louse","floor":10,"turns":2},{"damage":16,"enemies":"Lagavulin","floor":13,"turns":5},{"damage":11,"enemies":"Small Slimes","floor":14,"turns":4},{"damage":26,"enemies":"Slime Boss","floor":16,"turns":7}],"seed_played":"5949905898347076952","potions_obtained":[{"floor":8,"key":"SteroidPotion"},{"floor":10,"key":"FairyPotion"},{"floor":14,"key":"EssenceOfSteel"}],"is_trial":false,"path_per_floor":["M","?","?","?","?","E","R","E","T","M","$","$","E","M","R","B"],"character_chosen":"IRONCLAD","items_purchased":["Sling"],"campfire_rested":0,"item_purchase_floors":[11],"current_hp_per_floor":[78,62,62,42,42,42,42,42,42,42,42,42,33,22,22,26,26],"gold":269,"neow_bonus":"THREE_ENEMY_KILL","is_daily":false,"chose_seed":false,"campfire_upgraded":2,"win_rate":0.0,"timestamp":1611487108,"path_taken":["M","?","?","?","?","E","R","E","T","M","?","$","E","M","R","BOSS"],"items_purchased_type":["Relic"],"build_version":"2020-12-22","purchased_purges":2,"victory":false,"max_hp_per_floor":[80,80,80,80,80,80,80,80,80,80,80,80,87,87,87,87,87],"card_choices":[{"not_picked":["Clothesline","Shrug It Off"],"picked":"Uppercut","floor":1},{"not_picked":["Flex","Battle Trance"],"picked":"Inflame","floor":6},{"not_picked":["infinitespire:OneForAll","Pommel Strike"],"picked":"Rage","floor":8},{"not_picked":["Anger","Rage"],"picked":"Spot Weakness","floor":10},{"not_picked":["Clothesline","Brutality"],"picked":"Disarm","floor":13},{"not_picked":["Havoc","Feel No Pain"],"picked":"Dual Wield","floor":14}],"player_experience":196083,"relics_obtained":[{"floor":6,"key":"Lantern"},{"floor":8,"key":"Old Coin"},{"floor":9,"key":"infinitespire:Lucky Rock"},{"floor":13,"key":"Strawberry"}],"event_choices":[{"damage_healed":0,"gold_gain":0,"player_choice":"Entered Light","damage_taken":16,"max_hp_gain":0,"max_hp_loss":0,"event_name":"Shining Light","floor":2,"gold_loss":0,"cards_upgraded":["Strike_R","Defend_R"]},{"damage_healed":0,"gold_gain":0,"player_choice":"Take Damage","damage_taken":20,"relics_obtained":["Golden Idol"],"max_hp_gain":0,"max_hp_loss":0,"event_name":"Golden Idol","floor":4,"gold_loss":0}],"is_beta":false,"boss_relics":[],"items_purged_floors":[11,12],"is_endless":false,"potions_floor_spawned":[8,10,14],"killed_by":"Slime Boss","ascension_level":9}}