{"host":"y9jgkjnf95sujozk","time":1611497921,"event":{"mods":["2.2 Compatiblity","AchievementEnabler","Act Like it!","BaseMod","BetterRewards","Block Reminder","Colored Map","Colored Powertips","Decade(王小明)","Downfall","Friendly Minions","Gensokyo","GifTheSpireLib","Hallownest","Hermit","Highlight Path","HololiveMod","Hubris","Infinite Spire","Jorbs\u0027s Wanderer Trilogy","Koishi","Marisa（霧雨　魔理沙）","Minty Spire (QoL Compilation)","Quick Restart","Random Character Button","Rare Cards Sparkle","Reimu（博??梦）","Remilia（蕾米莉?）","Shop Mod","StSLib","SuperFastMode","The Animator","The Bug Knight","The Cursed","The Disciple","The Hierophant","The Jungle","The Poker Player","The Runesmith","The Senshi","The Servant 0.9.4"],"gold_per_floor":[111,111,170,170,193,190,153,153,153,153,51,51],"floor_reached":11,"language":"ENG","playtime":374,"items_purged":[],"score":126,"play_id":"6dc8b42d-6481-4efe-90d2-b70da95c3ab8","local_time":"20210124151841","is_ascension_mode":true,"campfire_choices":[{"floor":8,"key":"REST"}],"circlet_count":0,"master_deck":["hierophant:Strike_Hierophant","hierophant:Strike_Hierophant","hierophant:Strike_Hierophant","hierophant:Strike_Hierophant","hierophant:Punish","hierophant:ChurchCoffers","hierophant:Doubloon","hierophant:Remorse+1","hierophant:AuricShield","hierophant:LocustPlague+1","hierophant:RepressedViolence","hierophant:HolyVerse","hierophant:SolarFlare","hierophant:RustyCrate","hierophant:Doubloon","hierophant:Doubloon","hierophant:ConvertCurrency","hierophant:Doubloon","hierophant:RustyCrate","hierophant:Doubloon","hierophant:Doubloon","Hallownest:skillLeafShield","Hallownest:skillLeafShield","Hallownest:skillLeafShield","Hallownest:skillLeafShield","Hallownest:skillLeafShield","hierophant:Repentance","hierophant:Racketeering","hierophant:Prophecy","hierophant:HammerAndAnvil"],"relics":["hierophant:PropheticMaskRelic","StoneCalendar","Orrery","RuthlessExorcism:ReiMu","Whetstone","Hallownest:DreamNailRelic","Runesmith:Locket","infinitespire:Beetle Shell"],"acts_visited":["Exordium"],"potions_floor_usage":[1],"damage_taken":[{"damage":1,"enemies":"Hallownest:monsterHuskWarrior","floor":1,"turns":2},{"damage":1,"enemies":"Hallownest:2_Tiktiks_and_1_Crawlid","floor":3,"turns":2},{"damage":0,"enemies":"Hallownest:monsterHuskGuard","floor":5,"turns":3},{"damage":5,"enemies":"Hallownest:eliteMossKnight","floor":6,"turns":7},{"damage":15,"enemies":"Hallownest:1_Ooma_and_2_Uuma","floor":7,"turns":5},{"damage":45,"enemies":"Hallownest:BossHornet","floor":11,"turns":7}],"seed_played":"-8198207465663675319","potions_obtained":[{"floor":1,"key":"Fruit Juice"}],"is_trial":false,"path_per_floor":["M","?","M","?","M","E","M","R","T","?","B"],"character_chosen":"HIEROPHANT","items_purchased":["Orrery","RuthlessExorcism:ReiMu","Whetstone","hierophant:SolarFlare","hierophant:RustyCrate","hierophant:ConvertCurrency"],"campfire_rested":1,"item_purchase_floors":[0,0,0,0,0,0],"current_hp_per_floor":[79,79,78,78,78,73,58,80,80,80,35,35],"gold":51,"neow_bonus":"","is_daily":false,"chose_seed":false,"campfire_upgraded":0,"win_rate":0.0,"timestamp":1611497921,"path_taken":["M","?","M","?","?","E","M","R","T","?","BOSS"],"items_purchased_type":["Relic","Relic","Relic","Card","Card","Card"],"build_version":"2020-12-22","purchased_purges":0,"victory":false,"max_hp_per_floor":[80,80,80,80,80,80,80,80,80,80,80,80],"card_choices":[{"not_picked":["hierophant:PristineSoul","hierophant:MorningPrayer"],"picked":"hierophant:Remorse","floor":0},{"not_picked":["hierophant:DeathKnell","hierophant:Racketeering"],"picked":"hierophant:AuricShield","floor":0},{"not_picked":["hierophant:DivineIntervention","hierophant:PassingBell"],"picked":"hierophant:LocustPlague","floor":0},{"not_picked":["hierophant:Racketeering","hierophant:Endure"],"picked":"hierophant:RepressedViolence","floor":0},{"not_picked":["hierophant:HammerAndAnvil","hierophant:Sermon"],"picked":"hierophant:HolyVerse","floor":0},{"not_picked":["hierophant:MorningPrayer","hierophant:Shelter"],"picked":"hierophant:RustyCrate","floor":1},{"not_picked":["hierophant:RepressedViolence","hierophant:FieryStrike"],"picked":"hierophant:Repentance","floor":3},{"not_picked":["hierophant:MirrorShield","hierophant:SealAway"],"picked":"hierophant:Racketeering","floor":5},{"not_picked":["hierophant:Zeal","hierophant:HammerAndAnvil"],"picked":"hierophant:Prophecy","floor":6},{"not_picked":["hierophant:Smite","hierophant:Shelter"],"picked":"hierophant:HammerAndAnvil","floor":7}],"player_experience":165016,"relics_obtained":[{"floor":6,"key":"Runesmith:Locket"},{"floor":9,"key":"infinitespire:Beetle Shell"}],"event_choices":[],"is_beta":false,"boss_relics":[],"items_purged_floors":[],"is_endless":false,"potions_floor_spawned":[1],"killed_by":"Hallownest:BossHornet","ascension_level":1}}