{"host":"2pqii8qptv2rr269","time":1611523906,"event":{"mods":["2.2 Compatiblity","BaseMod","Better Note","HololiveMod","KinomotoSakuraMod(木之本樱)","Minty Spire (QoL Compilation)","Permanent Neow","Prisma Mod","Quick Restart","StSLib","The Cursed","Voiceroid Mod"],"gold_per_floor":[100,100,7,26,68,68,119,186,212,304,380,380,380,418,418,654,654,764,764,815,815,815,815,894,978,978,1010,1125,1209,1332,1361,1361,1559,1559,1603,1616,2006,2006,2006,2103,2403,2332,2332,2362,2362,2543,2543,2218,2218,2248],"floor_reached":51,"language":"JPN","playtime":2705,"items_purged":[],"score":955,"play_id":"a9d977f0-ece3-439b-8438-86d0fc66dba9","local_time":"20210125063146","is_ascension_mode":false,"campfire_choices":[{"data":"Hololive_CallSakuraMiko","floor":6.0,"key":"SMITH"},{"data":"KiritanCannonAllGateVolley_KRTN","floor":12.0,"key":"SMITH"},{"data":"Hololive_CallSakuraMiko","floor":15.0,"key":"SMITH"},{"data":"Hololive_CallSakuraMiko","floor":23.0,"key":"SMITH"},{"data":"Hololive_CallSakuraMiko","floor":32.0,"key":"SMITH"},{"data":"Hololive_CallSakuraMiko","floor":45,"key":"SMITH"},{"data":"Hololive_Watashimo","floor":47,"key":"SMITH"},{"data":"Hololive_Watashimo","floor":49,"key":"SMITH"}],"circlet_count":0,"master_deck":["Hololive_Defend","Hololive_Defend","Hololive_Defend","Hololive_CallSakuraMiko+1","Hololive_CallSakuraMiko+1","Hololive_CallSakuraMiko+1","Hololive_CallSakuraMiko+1","Hololive_CallSakuraMiko+1","KiritanCannonAllGateVolley_KRTN+1","Hololive_Watashimo+1","TheCursedMod:NeowsMight","Hololive_CallMurasakiShion+1","Hololive_CallNatsuiroMatsuri+1","Hololive_CallSpadeEcho+1","Hololive_Watashimo","Hololive_Watashimo+1"],"relics":["Hololive_TheStar","Hololive_TopUpMoney","Oddly Smooth Stone","Juzu Bracelet","Hololive_LightStick","Coffee Dripper","Spirit Poop","Girya","Lantern","Astrolabe","Old Coin","Bottled Tornado","Question Card","PreservedInsect","Lizard Tail"],"acts_visited":["Exordium","TheCity","TheBeyond"],"potions_floor_usage":[40,44],"damage_taken":[{"damage":0.0,"enemies":"Small Slimes","floor":1.0,"turns":4.0},{"damage":0.0,"enemies":"2 Louse","floor":4.0,"turns":2.0},{"damage":1.0,"enemies":"Jaw Worm","floor":5.0,"turns":3.0},{"damage":0.0,"enemies":"Red Slaver","floor":7.0,"turns":4.0},{"damage":0.0,"enemies":"Exordium Thugs","floor":8.0,"turns":5.0},{"damage":0.0,"enemies":"Large Slime","floor":10.0,"turns":5.0},{"damage":0.0,"enemies":"3 Sentries","floor":11.0,"turns":9.0},{"damage":0.0,"enemies":"Blue Slaver","floor":14.0,"turns":3.0},{"damage":0.0,"enemies":"Hexaghost","floor":16.0,"turns":7.0},{"damage":0.0,"enemies":"Chosen","floor":18.0,"turns":5.0},{"damage":0.0,"enemies":"3 Byrds","floor":20.0,"turns":3.0},{"damage":0.0,"enemies":"Centurion and Healer","floor":24.0,"turns":4.0},{"damage":0.0,"enemies":"Cultist and Chosen","floor":25.0,"turns":4.0},{"damage":0.0,"enemies":"Snake Plant","floor":27.0,"turns":2.0},{"damage":0.0,"enemies":"Book of Stabbing","floor":28.0,"turns":5.0},{"damage":0.0,"enemies":"Shelled Parasite and Fungi","floor":29.0,"turns":5.0},{"damage":0.0,"enemies":"Cultist and Chosen","floor":30.0,"turns":5.0},{"damage":0.0,"enemies":"Snecko","floor":31.0,"turns":2.0},{"damage":16.0,"enemies":"Automaton","floor":33.0,"turns":6.0},{"damage":0.0,"enemies":"3 Darklings","floor":35.0,"turns":2.0},{"damage":0.0,"enemies":"Orb Walker","floor":36.0,"turns":1.0},{"damage":0,"enemies":"Mind Bloom Boss Battle","floor":37,"turns":3},{"damage":17,"enemies":"Nemesis","floor":40,"turns":7},{"damage":0,"enemies":"Reptomancer","floor":44,"turns":1},{"damage":0,"enemies":"Transient","floor":46,"turns":5},{"damage":0,"enemies":"Time Eater","floor":50,"turns":2}],"seed_played":"-6371883040568488009","potions_obtained":[{"floor":1.0,"key":"GamblersBrew"},{"floor":10.0,"key":"Swift Potion"},{"floor":14.0,"key":"Fire Potion"},{"floor":20.0,"key":"Block Potion"},{"floor":25.0,"key":"BlessingOfTheForge"},{"floor":36.0,"key":"PowerPotion"},{"floor":40,"key":"Strength Potion"}],"is_trial":false,"path_per_floor":["M","?","$","M","M","R","M","M","T","M","E","R","?","M","R","B",null,"M","?","M","?","?","R","M","M","T","M","E","M","M","M","R","B",null,"M","M","?","?","?","E","?","$","T","E","R","M","R","$","R","B",null],"character_chosen":"Hololive_HololiveCharacter","items_purchased":["Hololive_Watashimo","Hololive_FlyingPonyTail","Hololive_Watashimo","Hololive_Watashimo","Lizard Tail"],"campfire_rested":0,"item_purchase_floors":[3,3,42,48,48],"current_hp_per_floor":[35,28,28,28,27,27,27,27,27,27,27,27,32,32,32,32,40,40,40,40,40,35,35,35,35,35,35,35,35,35,35,35,19,45,45,45,45,45,45,28,28,28,28,28,28,28,28,28,28,28],"gold":2248,"neow_bonus":"RANDOM_COLORLESS_2","is_daily":false,"chose_seed":false,"campfire_upgraded":8,"win_rate":0.0,"timestamp":1611523906,"path_taken":["M","?","$","M","M","R","M","M","T","M","E","R","?","M","R","BOSS","M","?","M","?","?","R","M","M","T","M","E","M","M","M","R","BOSS","M","M","?","?","?","E","?","?","T","E","R","M","R","$","R","BOSS"],"items_purchased_type":["Card","Card","Card","Card","Relic"],"build_version":"2020-12-22","purchased_purges":0,"victory":true,"max_hp_per_floor":[35,35,35,35,35,35,35,35,35,35,35,35,40,40,40,40,40,40,40,40,40,45,45,45,45,45,45,45,45,45,45,45,45,45,45,45,45,45,45,45,45,45,45,45,45,45,45,45,45,45],"card_choices":[{"not_picked":["Secret Technique","ScandalousPrayer_TIN"],"picked":"KiritanCannonAllGateVolley_KRTN","floor":0.0}],"player_experience":89793,"relics_obtained":[{"floor":9.0,"key":"Juzu Bracelet"},{"floor":11.0,"key":"Hololive_LightStick"},{"floor":26.0,"key":"Girya"},{"floor":28.0,"key":"Lantern"},{"floor":37,"key":"Old Coin"},{"floor":40,"key":"Bottled Tornado"},{"floor":43,"key":"Question Card"},{"floor":44,"key":"PreservedInsect"}],"event_choices":[{"damage_healed":0.0,"max_hp_gain":0.0,"max_hp_loss":0.0,"gold_gain":0.0,"event_name":"Scrap Ooze","player_choice":"Success","floor":2.0,"gold_loss":0.0,"damage_taken":7.0,"relics_obtained":["Oddly Smooth Stone"]},{"damage_healed":0.0,"max_hp_gain":5.0,"max_hp_loss":0.0,"gold_gain":0.0,"event_name":"Big Fish","player_choice":"Donut","floor":13.0,"gold_loss":0.0,"damage_taken":0.0},{"cards_removed":["Writhe"],"damage_healed":0.0,"max_hp_gain":0.0,"max_hp_loss":0.0,"gold_gain":0.0,"event_name":"Bonfire Elementals","player_choice":"Offered Curse","floor":19.0,"gold_loss":0.0,"damage_taken":0.0,"relics_obtained":["Spirit Poop"]},{"damage_healed":0.0,"max_hp_gain":0.0,"max_hp_loss":0.0,"gold_gain":0.0,"event_name":"betterNote:BetterNote","player_choice":"Take","floor":21.0,"gold_loss":0.0,"damage_taken":0.0,"cards_obtained":["TheCursedMod:NeowsMight"]},{"damage_healed":0.0,"max_hp_gain":5.0,"max_hp_loss":0.0,"gold_gain":0.0,"event_name":"Forgotten Altar","player_choice":"Shed Blood","floor":22.0,"gold_loss":0.0,"damage_taken":10.0},{"damage_healed":0,"gold_gain":0,"player_choice":"Fight","damage_taken":0,"max_hp_gain":0,"max_hp_loss":0,"event_name":"MindBloom","floor":37,"gold_loss":0},{"damage_healed":0,"gold_gain":0,"player_choice":"Ignored","damage_taken":0,"max_hp_gain":0,"max_hp_loss":0,"event_name":"Tomb of Lord Red Mask","floor":38,"gold_loss":0},{"damage_healed":0,"gold_gain":0,"player_choice":"Ignored","damage_taken":0,"max_hp_gain":0,"max_hp_loss":0,"event_name":"SecretPortal","floor":39,"gold_loss":0},{"damage_healed":0,"gold_gain":300,"player_choice":"Gold","damage_taken":0,"max_hp_gain":0,"max_hp_loss":0,"event_name":"Wheel of Change","floor":41,"gold_loss":0}],"is_beta":false,"boss_relics":[{"not_picked":["Philosopher\u0027s Stone","Cursed Key"],"picked":"Coffee Dripper"},{"not_picked":["Hololive_TopUpMoneyS","Tiny House"],"picked":"Astrolabe"}],"items_purged_floors":[],"is_endless":false,"potions_floor_spawned":[1,10,14,16,20,25,29,31,33,35,36,40],"ascension_level":0}}