{"host":"0fmi5fguj5lvt8pf","time":1611462285,"event":{"mods":["BaseMod","Colored Map","Curses Come First","Downfall","Minty Spire (QoL Compilation)","Permanent Neow","StSLib"],"gold_per_floor":[99,117,130,580,680,680,680,695,723,723,146,171,185,46,60,165,165,165,184,195,195,211,71,71,96,96,96,96,196,196,112,130,228,228,228,239,239,239,258,457,457,473,173,202,216,96,111,138,153,153,153,153,76,76,76,76,76,76],"floor_reached":56,"language":"ENG","playtime":5167,"items_purged":["downfall:Icky","downfall:Icky","bronze:Strike"],"score":860,"play_id":"17af8aed-234d-46a7-a4ac-37aeefd4b319","local_time":"20210123202445","is_ascension_mode":false,"campfire_choices":[{"floor":1.0,"key":"DIG"},{"floor":6.0,"key":"DIG"},{"floor":18.0,"key":"RECALL"},{"floor":27.0,"key":"REST"},{"floor":30.0,"key":"DIG"},{"floor":35.0,"key":"DIG"},{"floor":43.0,"key":"DIG"},{"floor":54,"key":"DIG"}],"circlet_count":0,"master_deck":["bronze:Strike","bronze:Strike","bronze:Strike","bronze:Defend","bronze:Defend","bronze:Defend","bronze:Defend","bronze:Replicate","bronze:Goto","bronze:Iterate","bronze:Branch","bronze:WhirlingStrike","bronze:WhirlingStrike","expansioncontent:StudyTheSpire+1","bronze:MaxOutput+1","bronze:Philosophize","bronze:Philosophize","bronze:DelayedGuard","bronze:SpaghettiCode","CurseOfTheBell","bronze:FineTuning+1","bronze:Overheat+1","bronze:HyperBeam","bronze:DelayedGuard","bronze:ChildClass","bronze:SpaghettiCode","bronze:BurnOut+1","bronze:MaxOutput+1","expansioncontent:PolyBeam+1","expansioncontent:StudyTheSpire+1","bronze:ItsAFeature+1","bronze:TinkerersToolbox","bronze:ForLoop","bronze:BuggyMess+1","bronze:Overheat+1","bronze:Virus+1"],"relics":["bronze:BronzeCore","Shovel","Bag of Preparation","Pear","Blood Vial","Anchor","Frozen Egg 2","Gremlin Horn","Calling Bell","Boot","HornCleat","WingedGreaves","Ice Cream","Molten Egg 2","Black Star","Blue Candle","The Courier","downfall:HeartBlessingRed","downfall:HeartBlessingGreen","downfall:HeartBlessingBlue","Darkstone Periapt","bronze:Timepiece","Bronze Scales","Nunchaku","Toy Ornithopter","Letter Opener","Pantograph"],"acts_visited":["Exordium","TheCity","TheBeyond","TheEnding"],"potions_floor_usage":[50,52,55,56],"damage_taken":[{"damage":5.0,"enemies":"Jaw Worm","floor":2.0,"turns":4.0},{"damage":5.0,"enemies":"2 Louse","floor":3.0,"turns":3.0},{"damage":5.0,"enemies":"Small Slimes","floor":8.0,"turns":3.0},{"damage":0.0,"enemies":"Gremlin Nob","floor":9.0,"turns":2.0},{"damage":0.0,"enemies":"downfall:FleeingMerchant","floor":11.0,"turns":4.0},{"damage":16.0,"enemies":"Lagavulin","floor":12.0,"turns":7.0},{"damage":0.0,"enemies":"Blue Slaver","floor":13.0,"turns":3.0},{"damage":2.0,"enemies":"downfall:FleeingMerchant","floor":14.0,"turns":4.0},{"damage":0.0,"enemies":"3 Louse","floor":15.0,"turns":2.0},{"damage":8.0,"enemies":"IC_STATUS_ARCHETYPE","floor":16.0,"turns":7.0},{"damage":1.0,"enemies":"Shell Parasite","floor":19.0,"turns":4.0},{"damage":0.0,"enemies":"Spheric Guardian","floor":20.0,"turns":3.0},{"damage":5.0,"enemies":"Snecko","floor":22.0,"turns":4.0},{"damage":0.0,"enemies":"downfall:FleeingMerchant","floor":23.0,"turns":4.0},{"damage":41.0,"enemies":"Book of Stabbing","floor":25.0,"turns":6.0},{"damage":1.0,"enemies":"downfall:FleeingMerchant","floor":31.0,"turns":4.0},{"damage":0.0,"enemies":"Shelled Parasite and Fungi","floor":32.0,"turns":4.0},{"damage":38.0,"enemies":"SI_MIRROR_ARCHETYPE","floor":33.0,"turns":8.0},{"damage":4.0,"enemies":"3 Shapes","floor":36.0,"turns":3.0},{"damage":0.0,"enemies":"Orb Walker","floor":39.0,"turns":3.0},{"damage":0.0,"enemies":"downfall:FleeingMerchant","floor":40.0,"turns":3.0},{"damage":3.0,"enemies":"Spire Growth","floor":42.0,"turns":4.0},{"damage":0.0,"enemies":"Reptomancer","floor":44.0,"turns":5.0},{"damage":4.0,"enemies":"Jaw Worm Horde","floor":45.0,"turns":3.0},{"damage":7.0,"enemies":"Maw","floor":47.0,"turns":7.0},{"damage":16.0,"enemies":"Giant Head","floor":48.0,"turns":8.0},{"damage":0.0,"enemies":"3 Darklings","floor":49.0,"turns":2.0},{"damage":32,"enemies":"WA_ARCHETYPE_DIVINITY","floor":50,"turns":9},{"damage":0,"enemies":"downfall:CharBossMerchant","floor":52,"turns":3},{"damage":38,"enemies":"downfall:NeowBoss","floor":55,"turns":14},{"damage":96,"enemies":"downfall:NeowBossFinal","floor":56,"turns":11}],"seed_played":"3781124874573609099","potions_obtained":[{"floor":8.0,"key":"SteroidPotion"},{"floor":12.0,"key":"EssenceOfSteel"},{"floor":15.0,"key":"Dexterity Potion"},{"floor":16.0,"key":"DistilledChaos"},{"floor":20.0,"key":"Energy Potion"},{"floor":25.0,"key":"SmokeBomb"},{"floor":33.0,"key":"Guardian:BlockOnCardUsePotion"},{"floor":39.0,"key":"Slimebound:ThreeZeroPotion"},{"floor":45.0,"key":"bronze:FreeFunctionsPotion"},{"floor":48.0,"key":"sneckomod:MuddlingPotion"}],"is_trial":false,"path_per_floor":["R","M","M","?","?","R","T","M","E","?","$","E","M","$","M","B",null,"R","M","M","?","M","$","T","E","?","R","?","?","R","$","M","B",null,"R","M","?","?","M","$","T","M","R","E","M","$","M","E","M","B",null,"E","$","R","B","B"],"character_chosen":"THE_AUTOMATON","items_purchased":["Frozen Egg 2","expansioncontent:StudyTheSpire+1","bronze:MaxOutput+1","bronze:DelayedGuard","bronze:SpaghettiCode","bronze:TinkerersToolbox","Nunchaku","Dexterity Potion","Block Potion"],"campfire_rested":1,"item_purchase_floors":[11,11,11,14,31,40,46,53,53],"current_hp_per_floor":[63,58,53,53,53,63,63,60,62,62,64,50,52,52,54,48,73,73,72,73,73,68,70,70,31,31,52,52,52,52,53,55,19,73,73,69,69,69,71,73,73,70,80,82,79,79,74,60,62,37,83,83,83,83,50,0,0,0],"gold":76,"neow_bonus":"ONE_RARE_RELIC","is_daily":false,"chose_seed":false,"campfire_upgraded":0,"win_rate":0.0,"timestamp":1611462285,"path_taken":["R","M","M","?","?","R","T","M","E","?","$","E","M","$","M","BOSS","R","M","M","?","M","$","T","E","?","R","?","?","R","$","M","BOSS","R","M","?","?","M","$","T","?","R","E","M","$","?","E","M","BOSS","E","$","R","BOSS","BOSS"],"items_purchased_type":["Relic","Card","Card","Card","Card","Card","Relic","Potion","Potion"],"build_version":"2020-12-22","purchased_purges":3,"victory":false,"max_hp_per_floor":[63,63,63,63,63,73,73,73,73,73,73,73,73,73,73,73,73,73,73,73,73,73,73,73,73,73,73,73,73,73,73,73,73,73,73,73,73,73,73,73,73,73,83,83,83,83,83,83,83,83,83,83,83,83,83,83,83,83],"card_choices":[{"not_picked":["bronze:Frontload","bronze:Overload"],"picked":"bronze:Iterate","floor":2.0},{"not_picked":["bronze:Separator","bronze:WildBeam"],"picked":"bronze:Branch","floor":3.0},{"not_picked":["bronze:FineTuning","bronze:Shield"],"picked":"bronze:WhirlingStrike","floor":8.0},{"not_picked":["bronze:DigitalCarnage","bronze:OilSpill"],"picked":"bronze:WhirlingStrike","floor":9.0},{"not_picked":["bronze:FineTuning","bronze:NullPointer","bronze:Allocate"],"picked":"SKIP","floor":11.0},{"not_picked":["bronze:Terminator","bronze:Turbo","bronze:BronzeArmor"],"picked":"SKIP","floor":12.0},{"not_picked":["bronze:Turbo","bronze:Shell"],"picked":"bronze:Philosophize","floor":13.0},{"not_picked":["bronze:BuggyMess","bronze:ShipIt"],"picked":"bronze:Philosophize","floor":14.0},{"not_picked":["bronze:BugBarrage","bronze:WildBeam","bronze:Separator"],"picked":"SKIP","floor":15.0},{"not_picked":["bronze:BurnOut","bronze:AlphaBuild"],"picked":"bronze:SpaghettiCode","floor":16.0},{"not_picked":["bronze:CutThrough","bronze:Shell"],"picked":"bronze:FineTuning+1","floor":19.0},{"not_picked":["bronze:WildBeam","bronze:DarkDash"],"picked":"bronze:Overheat+1","floor":20.0},{"not_picked":["bronze:BugBarrage","bronze:CloningBeam","bronze:CutThrough"],"picked":"SKIP","floor":22.0},{"not_picked":["bronze:Shield+1","bronze:Turbo+1"],"picked":"bronze:HyperBeam","floor":23.0},{"not_picked":["bronze:FineTuning","bronze:WhirlingStrike"],"picked":"bronze:DelayedGuard","floor":25.0},{"not_picked":["bronze:Refactor","bronze:Turbo"],"picked":"bronze:ChildClass","floor":31.0},{"not_picked":["bronze:Shell","bronze:FineTuning","bronze:Shield"],"picked":"SKIP","floor":32.0},{"not_picked":["bronze:AlphaBuild+1","bronze:Assembly"],"picked":"bronze:BurnOut+1","floor":33.0},{"not_picked":["bronze:OilSpill+1","bronze:GetLatest"],"picked":"bronze:MaxOutput+1","floor":36.0},{"not_picked":["expansioncontent:Chronoboost+1","expansioncontent:LastStand+1"],"picked":"expansioncontent:PolyBeam+1","floor":37.0},{"not_picked":["bronze:Flail+1","bronze:Iterate+1"],"picked":"bronze:ItsAFeature+1","floor":39.0},{"not_picked":["bronze:Separator+1","bronze:OilSpill+1","bronze:Constructor+1"],"picked":"SKIP","floor":40.0},{"not_picked":["bronze:Flail+1","bronze:Branch+1"],"picked":"bronze:ForLoop","floor":42.0},{"not_picked":["bronze:Flail+1","bronze:Branch+1","bronze:Overload+1"],"picked":"SKIP","floor":44.0},{"not_picked":["bronze:Constructor+1","bronze:WildBeam+1"],"picked":"bronze:BuggyMess+1","floor":45.0},{"not_picked":["bronze:BronzeOrb+1","bronze:Shield"],"picked":"bronze:Overheat+1","floor":47.0},{"not_picked":["bronze:ForLoop","bronze:Overheat+1"],"picked":"bronze:Virus+1","floor":48.0},{"not_picked":["bronze:FineTuning+1","bronze:BronzeOrb+1","bronze:WildBeam+1"],"picked":"SKIP","floor":49.0}],"player_experience":1391377,"relics_obtained":[{"floor":1.0,"key":"Bag of Preparation"},{"floor":6.0,"key":"Pear"},{"floor":7.0,"key":"Blood Vial"},{"floor":9.0,"key":"Anchor"},{"floor":12.0,"key":"Gremlin Horn"},{"floor":17.0,"key":"Boot"},{"floor":17.0,"key":"HornCleat"},{"floor":17.0,"key":"WingedGreaves"},{"floor":25.0,"key":"Ice Cream"},{"floor":30.0,"key":"Molten Egg 2"},{"floor":35.0,"key":"Blue Candle"},{"floor":41.0,"key":"The Courier"},{"floor":43.0,"key":"Darkstone Periapt"},{"floor":44.0,"key":"bronze:Timepiece"},{"floor":44.0,"key":"Bronze Scales"},{"floor":48.0,"key":"Toy Ornithopter"},{"floor":48.0,"key":"Letter Opener"},{"floor":54,"key":"Pantograph"}],"event_choices":[{"cards_removed":["downfall:Icky"],"damage_healed":0.0,"max_hp_gain":0.0,"max_hp_loss":0.0,"gold_gain":0.0,"event_name":"Living Wall","player_choice":"Forget","floor":10.0,"gold_loss":0.0,"damage_taken":0.0}],"is_beta":false,"boss_relics":[{"not_picked":["Velvet Choker","Snecko Eye"],"picked":"Calling Bell"},{"not_picked":["Runic Pyramid","bronze:PlatinumCore"],"picked":"Black Star"}],"items_purged_floors":[11,14,23],"is_endless":false,"potions_floor_spawned":[8,12,15,16,20,25,33,39,45,47,48],"killed_by":"downfall:NeowBossFinal","ascension_level":0}}