{"host":"2d8l43s0fl0kdlnt","time":1611483129,"event":{"mods":["2.2 Compatiblity","BaseMod","Colored Powertips","Custom Start","Halation","Minty Spire (QoL Compilation)","Rare Cards Sparkle","SIMod","StSLib","UnlockEverythingMod"],"gold_per_floor":[116,127,127,14,14,14,44,54,81,115,133,151,151,210,210,309,309,298,223,223,138,18,45,45,45,45,77,77,94,194,43,43,143,143,156,167,167,182,182,182],"floor_reached":39,"language":"ENG","playtime":4389,"items_purged":["Strike_TS"],"score":531,"play_id":"ef5be752-0a2e-4ce8-bfad-029d333c6ce6","local_time":"20210124041209","is_ascension_mode":true,"campfire_choices":[{"data":"Anxiousness","floor":6.0,"key":"SMITH"},{"floor":13.0,"key":"REST"},{"data":"HarmonyShield","floor":15.0,"key":"SMITH"},{"floor":25.0,"key":"REST"},{"data":"RushToSky","floor":28.0,"key":"SMITH"},{"floor":32.0,"key":"REST"}],"circlet_count":0,"master_deck":["Defend_TS","Defend_PP","Defend_FS","Defend_AJ","ConcertedEfforts","HarmonyShield+1","Anxiousness+1","Dear_Princess","RushToSky+1","Flash of Steel","FarmExpert","BatchProduction","TakeTheLead","Generousity","MessyAndOrderly","Laughter","PinkiePromise","Tornado","GemstoneDetection","Perfectionism","Anxiousness+1","GemstoneDetection","FollowTherRainbow","Return_To_Past","FriendshipIsMagic","Overwhelming","HideCarefully+1","AllByMyself","FarmExpert+1","Honesty+1"],"relics":["The_element_of_harmony","Pyrelight","Orichalcum","MealTicket","Ancient Tea Set","Bottled Lightning","Empty Cage","Torii","Ice Cream","Bottled Flame","Hyacinth","halation:WeightlessCrab","halation:QuantumPhysicsTextbook","Happy Flower","Snecko Eye","halation:EternalFortune"],"acts_visited":["Exordium","TheCity","TheBeyond"],"potions_floor_usage":[38,39],"damage_taken":[{"damage":0.0,"enemies":"2 Louse","floor":1.0,"turns":2.0},{"damage":0.0,"enemies":"Small Slimes","floor":2.0,"turns":3.0},{"damage":18.0,"enemies":"Gremlin Nob","floor":7.0,"turns":4.0},{"damage":0.0,"enemies":"Cultist","floor":8.0,"turns":3.0},{"damage":41.0,"enemies":"Lagavulin","floor":10.0,"turns":8.0},{"damage":7.0,"enemies":"Large Slime","floor":11.0,"turns":5.0},{"damage":6.0,"enemies":"Looter","floor":12.0,"turns":2.0},{"damage":8.0,"enemies":"3 Sentries","floor":14.0,"turns":8.0},{"damage":32.0,"enemies":"Hexaghost","floor":16.0,"turns":11.0},{"damage":19.0,"enemies":"2 Thieves","floor":18.0,"turns":4.0},{"damage":67.0,"enemies":"Book of Stabbing","floor":23.0,"turns":5.0},{"damage":20.0,"enemies":"Gremlin Leader","floor":27.0,"turns":8.0},{"damage":7.0,"enemies":"Shell Parasite","floor":29.0,"turns":3.0},{"damage":11.0,"enemies":"Colosseum Slavers","floor":30.0,"turns":4.0},{"damage":13.0,"enemies":"Colosseum Nobs","floor":30.0,"turns":6.0},{"damage":32.0,"enemies":"Automaton","floor":33.0,"turns":10.0},{"damage":10,"enemies":"Orb Walker","floor":35,"turns":2},{"damage":14,"enemies":"3 Shapes","floor":36,"turns":7},{"damage":56,"enemies":"Maw","floor":38,"turns":10},{"damage":35,"enemies":"Writhing Mass","floor":39,"turns":8}],"seed_played":"-8620599056142422960","potions_obtained":[{"floor":2.0,"key":"PowerPotion"},{"floor":10.0,"key":"BlessingOfTheForge"},{"floor":11.0,"key":"Weak Potion"},{"floor":14.0,"key":"Swift Potion"},{"floor":16.0,"key":"Block Potion"},{"floor":29.0,"key":"Strength Potion"},{"floor":30.0,"key":"DuplicationPotion"},{"floor":35,"key":"DistilledChaos"},{"floor":38,"key":"ColorlessPotion"}],"is_trial":false,"path_per_floor":["M","M","?","$","?","R","E","M","T","E","M","M","R","?","R","B",null,"M","?","$","?","$","E","$","R","T","E","R","M","?","$","R","B",null,"M","M","?","M","M"],"character_chosen":"TWI_CLASS","items_purchased":["RushToSky","PinkiePromise","Tornado","Happy Flower"],"campfire_rested":3,"item_purchase_floors":[4,22,22,31],"current_hp_per_floor":[90,90,90,90,90,90,72,72,72,31,24,18,45,37,37,21,73,54,54,69,69,84,17,32,59,59,39,39,32,8,23,50,18,72,74,72,75,25,0,0],"gold":182,"neow_bonus":"TEN_PERCENT_HP_BONUS","is_daily":false,"chose_seed":false,"campfire_upgraded":3,"win_rate":0.0,"timestamp":1611483129,"path_taken":["M","M","?","$","?","R","E","M","T","E","M","?","R","?","R","BOSS","M","?","$","?","$","E","$","R","T","E","R","M","?","?","R","BOSS","M","M","?","M","M"],"items_purchased_type":["Card","Card","Card","Relic"],"build_version":"2020-12-22","purchased_purges":1,"victory":false,"max_hp_per_floor":[90,90,90,90,90,90,90,90,90,90,90,90,90,90,90,90,90,90,90,90,90,90,90,90,90,90,90,90,90,90,90,90,90,90,90,90,93,93,93,93],"card_choices":[{"not_picked":["Whining"],"picked":"Anxiousness","floor":1.0},{"not_picked":["Laughter","Whining"],"picked":"SKIP","floor":1.0},{"not_picked":["ReinventMyself"],"picked":"Dear_Princess","floor":2.0},{"not_picked":["Magictrain","FriendOfNature"],"picked":"SKIP","floor":2.0},{"not_picked":["Boundary"],"picked":"FarmExpert","floor":7.0},{"not_picked":["Mischief","ServeMeal"],"picked":"SKIP","floor":7.0},{"not_picked":["Anxiousness"],"picked":"BatchProduction","floor":8.0},{"not_picked":["PartyTime","BehindTheScene"],"picked":"SKIP","floor":8.0},{"not_picked":["Lasso"],"picked":"TakeTheLead","floor":10.0},{"not_picked":["Laughter","SwiftKick"],"picked":"SKIP","floor":10.0},{"not_picked":["ServeMeal","KillingWithKindness"],"picked":"SKIP","floor":11.0},{"not_picked":["Smile","Perfectionism"],"picked":"SKIP","floor":11.0},{"not_picked":["Laughter"],"picked":"Generousity","floor":12.0},{"not_picked":["Louder","RashStunts"],"picked":"SKIP","floor":12.0},{"not_picked":["Overwhelming"],"picked":"MessyAndOrderly","floor":16.0},{"not_picked":["Batlization"],"picked":"Laughter","floor":18.0},{"not_picked":["Boundary","SwiftKick"],"picked":"SKIP","floor":18.0},{"not_picked":["ThrowingApples"],"picked":"GemstoneDetection","floor":23.0},{"not_picked":["Louder"],"picked":"Perfectionism","floor":23.0},{"not_picked":["Magic_Beam","AppleFeast+1"],"picked":"SKIP","floor":27.0},{"not_picked":["Boundary","ISayNo"],"picked":"SKIP","floor":27.0},{"not_picked":["HideCarefully"],"picked":"Anxiousness+1","floor":29.0},{"not_picked":["AppleFeast"],"picked":"GemstoneDetection","floor":29.0},{"not_picked":["RashStunts"],"picked":"FollowTherRainbow","floor":30.0},{"not_picked":["RushToSky"],"picked":"Return_To_Past","floor":30.0},{"not_picked":["Stare"],"picked":"FriendshipIsMagic","floor":33.0},{"not_picked":["CowboySkills"],"picked":"Overwhelming","floor":33.0},{"not_picked":["ServeMeal"],"picked":"HideCarefully+1","floor":35},{"not_picked":["Smile+1","KillingWithKindness"],"picked":"SKIP","floor":35},{"not_picked":["RashStunts+1"],"picked":"AllByMyself","floor":36},{"not_picked":["PartyTime+1"],"picked":"FarmExpert+1","floor":36},{"not_picked":["ISayNo"],"picked":"Honesty+1","floor":38},{"not_picked":["RunningOfTheLeaves","KillingWithKindness"],"picked":"SKIP","floor":38}],"player_experience":120297,"relics_obtained":[{"floor":7.0,"key":"Orichalcum"},{"floor":9.0,"key":"MealTicket"},{"floor":10.0,"key":"Ancient Tea Set"},{"floor":14.0,"key":"Bottled Lightning"},{"floor":23.0,"key":"Ice Cream"},{"floor":26.0,"key":"Bottled Flame"},{"floor":27.0,"key":"Hyacinth"},{"floor":30.0,"key":"halation:WeightlessCrab"},{"floor":30.0,"key":"halation:QuantumPhysicsTextbook"}],"event_choices":[{"damage_healed":0.0,"max_hp_gain":0.0,"max_hp_loss":0.0,"gold_gain":0.0,"event_name":"Match and Keep!","player_choice":"1 cards matched","floor":5.0,"gold_loss":0.0,"damage_taken":0.0,"cards_obtained":["Flash of Steel"]},{"damage_healed":0.0,"max_hp_gain":0.0,"max_hp_loss":0.0,"gold_gain":0.0,"event_name":"Dead Adventurer","player_choice":"Searched \u00271\u0027 times","floor":14.0,"gold_loss":0.0,"damage_taken":0.0},{"cards_removed":["Strike_RD"],"damage_healed":0.0,"max_hp_gain":0.0,"max_hp_loss":0.0,"gold_gain":0.0,"event_name":"Beggar","player_choice":"Gave Gold","floor":19.0,"gold_loss":75.0,"damage_taken":0.0},{"damage_healed":0.0,"max_hp_gain":0.0,"max_hp_loss":0.0,"gold_gain":0.0,"event_name":"Addict","player_choice":"Obtained Relic","floor":21.0,"gold_loss":85.0,"damage_taken":0.0,"relics_obtained":["Torii"]},{"damage_healed":0.0,"max_hp_gain":0.0,"max_hp_loss":0.0,"gold_gain":0.0,"event_name":"Colosseum","player_choice":"Fight","floor":30.0,"gold_loss":0.0,"damage_taken":0.0},{"damage_healed":0.0,"max_hp_gain":0.0,"max_hp_loss":0.0,"gold_gain":0.0,"event_name":"Colosseum","player_choice":"Fought Nobs","floor":30.0,"gold_loss":0.0,"damage_taken":0.0}],"is_beta":false,"boss_relics":[{"not_picked":["Runic Dome","halation:ForbiddenBikini"],"picked":"Empty Cage"},{"not_picked":["Coffee Dripper","SlaversCollar"],"picked":"Snecko Eye"}],"items_purged_floors":[4],"is_endless":false,"potions_floor_spawned":[2,10,11,14,16,29,30,35,38],"killed_by":"Writhing Mass","ascension_level":5}}