{"host":"mep2b6vzdxhg46zq","time":1611517709,"event":{"mods":["Aspiration","Bard","BaseMod","Hermit","Hubris","Minty Spire (QoL Compilation)","READ ME - Guardian Mod","Random Character Button","Shade Mod","StSLib","The Animator","The Blackbeard","The Bladedancer","The Clintock","The Cursed","The Disciple","The Exalted","The Forsaken","The Judge","The Runesmith","vexMod"],"gold_per_floor":[115,133,103,113,8,35,45,45,72,107,151,151,151,151,151,279,279,314,229,220,255,275,275,275],"floor_reached":22,"language":"ENG","playtime":1215,"items_purged":[],"score":188,"play_id":"b9710fe0-8f4b-4ca6-bf95-f8dae046002a","local_time":"20210124194829","is_ascension_mode":false,"campfire_choices":[{"floor":8,"key":"REST"},{"floor":13,"key":"REST"},{"floor":15,"key":"REST"}],"circlet_count":0,"master_deck":["blackbeard:BlackbeardStrike","blackbeard:BlackbeardStrike","blackbeard:BlackbeardStrike","blackbeard:BlackbeardStrike","blackbeard:IntimidatingStrike","blackbeard:BlackbeardDefend","blackbeard:BlackbeardDefend","blackbeard:BlackbeardDefend","blackbeard:BlackbeardDefend","blackbeard:Cutlass","blackbeard:Sword","blackbeard:Anchor","blackbeard:CatONineTails","blackbeard:CannonBarrage","blackbeard:Bandana","blackbeard:RearmingStrike","blackbeard:ChaoticDefense","blackbeard:TheDrunkenSailor+1","blackbeard:FishingNets+1","blackbeard:Lifeboat+1","blackbeard:WiseDefense","blackbeard:AgileStrike","blackbeard:CannonballSupply"],"relics":["blackbeard:LoadTheCannons","Toy Ornithopter","blackbeard:CannonballsOfSteel","Dream Catcher","PreservedInsect","Astrolabe","Centennial Puzzle"],"acts_visited":["Exordium","TheCity"],"potions_floor_usage":[6,6,16,16,16,18,21],"damage_taken":[{"damage":0,"enemies":"Small Slimes","floor":1,"turns":3},{"damage":6,"enemies":"Cultist","floor":2,"turns":3},{"damage":0,"enemies":"Jaw Worm","floor":4,"turns":4},{"damage":26,"enemies":"3 Sentries","floor":6,"turns":6},{"damage":22,"enemies":"Exordium Thugs","floor":7,"turns":4},{"damage":1,"enemies":"Exordium Wildlife","floor":10,"turns":3},{"damage":8,"enemies":"2 Fungi Beasts","floor":11,"turns":3},{"damage":65,"enemies":"The Guardian","floor":16,"turns":12},{"damage":33,"enemies":"3 Byrds","floor":18,"turns":9},{"damage":23,"enemies":"2 Thieves","floor":20,"turns":4},{"damage":13,"enemies":"Snake Plant","floor":21,"turns":6},{"damage":19,"enemies":"Shelled Parasite and Fungi","floor":22,"turns":3}],"seed_played":"197686009461886910","potions_obtained":[{"floor":2,"key":"LiquidBronze"},{"floor":3,"key":"DistilledChaos"},{"floor":3,"key":"ColorlessPotion"},{"floor":7,"key":"Swift Potion"},{"floor":10,"key":"EssenceOfSteel"},{"floor":16,"key":"SkillPotion"},{"floor":20,"key":"EssenceOfSteel"}],"is_trial":false,"path_per_floor":["M","M","?","M","?","E","M","R","T","M","M","$","R","T","R","B",null,"M","?","M","M","M"],"character_chosen":"BLACKBEARD_CLASS","items_purchased":[],"campfire_rested":3,"item_purchase_floors":[],"current_hp_per_floor":[82,76,76,76,76,56,34,58,58,57,49,49,73,73,82,32,82,49,49,26,18,0,0,0],"gold":275,"neow_bonus":"TEN_PERCENT_HP_BONUS","is_daily":false,"chose_seed":false,"campfire_upgraded":0,"win_rate":0.0,"timestamp":1611517709,"path_taken":["M","M","?","?","?","E","M","R","T","M","M","?","R","?","R","BOSS","M","?","M","M","M"],"items_purchased_type":[],"build_version":"2020-12-22","purchased_purges":0,"victory":false,"max_hp_per_floor":[82,82,82,82,82,82,82,82,82,82,82,82,82,82,82,82,82,82,82,82,82,82,82,82],"card_choices":[{"not_picked":["blackbeard:GoldenStrike","blackbeard:Upgrade"],"picked":"blackbeard:Sword","floor":1},{"not_picked":["blackbeard:Shrapnel","blackbeard:PirateEarring"],"picked":"blackbeard:Anchor","floor":2},{"not_picked":["blackbeard:TacticalRetreat","blackbeard:PirateHook"],"picked":"blackbeard:CatONineTails","floor":4},{"not_picked":["blackbeard:Spear","blackbeard:RearmingStrike"],"picked":"blackbeard:CannonBarrage","floor":6},{"not_picked":["blackbeard:Sword","blackbeard:JollyRoger"],"picked":"blackbeard:Bandana","floor":7},{"not_picked":["blackbeard:PiratesWill","blackbeard:BlindAttacks"],"picked":"blackbeard:Dagger","floor":10},{"not_picked":["blackbeard:PiratesWill","blackbeard:BlindAttacks"],"picked":"blackbeard:RearmingStrike","floor":11},{"not_picked":["blackbeard:SmithingHammer","blackbeard:GhostInTheRum"],"picked":"blackbeard:Dagger","floor":13},{"not_picked":["blackbeard:RearmingStrike","blackbeard:PirateEarring"],"picked":"blackbeard:ChaoticDefense","floor":15},{"not_picked":["blackbeard:PirateStrength","blackbeard:ReapersScythe"],"picked":"blackbeard:GoldenRain","floor":16},{"not_picked":["blackbeard:DeadlyArsenal","blackbeard:GoldenStrike"],"picked":"blackbeard:WiseDefense","floor":18},{"not_picked":["blackbeard:Sharpening","blackbeard:CatONineTails+1"],"picked":"blackbeard:AgileStrike","floor":20},{"not_picked":["blackbeard:Toast","blackbeard:Salvager"],"picked":"blackbeard:CannonballSupply","floor":21}],"player_experience":43199,"relics_obtained":[{"floor":6,"key":"blackbeard:CannonballsOfSteel"},{"floor":9,"key":"Dream Catcher"},{"floor":14,"key":"PreservedInsect"}],"event_choices":[{"damage_healed":0,"gold_gain":0,"player_choice":"Bought 2 Potions","damage_taken":0,"max_hp_gain":0,"max_hp_loss":0,"event_name":"The Woman in Blue","floor":3,"gold_loss":0},{"damage_healed":0,"gold_gain":0,"player_choice":"Paid Gold","damage_taken":0,"relics_obtained":["Toy Ornithopter"],"max_hp_gain":0,"max_hp_loss":0,"event_name":"WeMeetAgain","floor":5,"gold_loss":105},{"damage_healed":0,"gold_gain":0,"player_choice":"Obtained Relic","damage_taken":0,"relics_obtained":["Centennial Puzzle"],"max_hp_gain":0,"max_hp_loss":0,"event_name":"Addict","floor":19,"gold_loss":85}],"is_beta":false,"boss_relics":[{"not_picked":["Snecko Eye","aspiration:RitualDagger"],"picked":"Astrolabe"}],"items_purged_floors":[],"is_endless":false,"potions_floor_spawned":[2,7,10,16,20],"killed_by":"Shelled Parasite and Fungi","ascension_level":0}}