{"host":"fkig9nrckec4xsh0","time":1611453812,"event":{"mods":["Act Like it!","BaseMod","Colored Map","Gensokyo","Hermit","Marisa????????","Minty Spire (QoL Compilation)","Quick Restart","Replay The Spire","StSLib"],"gold_per_floor":[111,6,6,6,22,22,47,47,47,59,94,43,93,124,124,236,236,263,263,263,30,76,76,76,122,122,185,185,200,218,218,234,249,249,269,269],"floor_reached":35,"language":"ENG","playtime":1994,"items_purged":[],"score":340,"play_id":"b2eb89a8-eea2-4c5c-a4bd-8180a5539ec4","local_time":"20210123210332","is_ascension_mode":false,"campfire_choices":[{"data":"UpSweep","floor":6,"key":"SMITH"},{"data":"MasterSpark","floor":8,"key":"SMITH"},{"floor":15,"key":"REST"},{"floor":26,"key":"REST"},{"data":"JA","floor":34,"key":"SMITH"}],"circlet_count":0,"master_deck":["Strike_MRS+1","Strike_MRS+1","Strike_MRS+1","Strike_MRS+1","Defend_MRS","Defend_MRS","Defend_MRS","MasterSpark+1","UpSweep+1","UltimateShortwave+1","MagicAbsorber","Singularity","LuminesStrike","MillisecondPulsars+1","WitchOfGreed","ChargeUpSpray","WitchLeyline","FinalSpark","6A+1","PowerUp","WitchOfGreed","Acceleration+1","RefractionSpark+1","OortCloud","JA+1","GrandCross","WitchOfGreed+1","Robbery+1"],"relics":["MiniHakkero","NeowsBlessing","CultistMask","Nunchaku","Replay:Bottled Eggs","Dream Catcher","Toy Ornithopter","Black Star","MutagenicStrength","ReplayTheSpireMod:TigerMarble","Bronze Scales","Ancient Tea Set","Potion Belt","Orichalcum","Oddly Smooth Stone","BreadOfAWashokuLover"],"acts_visited":["Exordium","TheCity"],"potions_floor_usage":[16,16,18,25,25,27,29,32,33,33,33,35,35],"damage_taken":[{"damage":0,"enemies":"Jaw Worm","floor":1,"turns":1},{"damage":0,"enemies":"Cultist","floor":5,"turns":1},{"damage":0,"enemies":"Gremlin Nob","floor":7,"turns":1},{"damage":0,"enemies":"2 Louse","floor":10,"turns":2},{"damage":18,"enemies":"Lagavulin","floor":11,"turns":4},{"damage":23,"enemies":"Replay:BlueRogue","floor":13,"turns":4},{"damage":23,"enemies":"Lots of Slimes","floor":14,"turns":5},{"damage":21,"enemies":"Hexaghost","floor":16,"turns":7},{"damage":22,"enemies":"2 Thieves","floor":18,"turns":4},{"damage":22,"enemies":"3 Byrds","floor":22,"turns":5},{"damage":23,"enemies":"Replay:Snechameleon","floor":25,"turns":5},{"damage":25,"enemies":"Book of Stabbing","floor":27,"turns":5},{"damage":0,"enemies":"Snake Plant","floor":29,"turns":1},{"damage":16,"enemies":"Shelled Parasite and Fungi","floor":30,"turns":4},{"damage":0,"enemies":"Centurion and Healer","floor":32,"turns":2},{"damage":3,"enemies":"Snake Plant","floor":33,"turns":1},{"damage":48,"enemies":"Automaton","floor":35,"turns":6}],"seed_played":"5125623980956444497","potions_obtained":[{"floor":5,"key":"BlessingOfTheForge"},{"floor":10,"key":"StarNLove"},{"floor":13,"key":"Doom Potion"},{"floor":14,"key":"Adrenaline Potion"},{"floor":16,"key":"ColorlessPotion"},{"floor":18,"key":"ShroomBrew"},{"floor":22,"key":"DuplicationPotion"},{"floor":22,"key":"SteroidPotion"},{"floor":25,"key":"Dexterity Potion"},{"floor":27,"key":"LiquidBronze"},{"floor":27,"key":"AttackPotion"},{"floor":27,"key":"SneckoOil"},{"floor":29,"key":"BottledSpark"},{"floor":30,"key":"Fire Potion"},{"floor":33,"key":"Fire Potion"}],"is_trial":false,"path_per_floor":["M","$","?","?","M","R","E","R","T","M","E","$","E","M","R","B",null,"M","?","?","$","M","PTL","PTL","E","R","E","T","M","M","?","M","M","R","B"],"character_chosen":"MARISA","items_purchased":["UltimateShortwave+1","WitchOfGreed","PowerUp","WitchOfGreed","ReplayTheSpireMod:TigerMarble"],"campfire_rested":2,"item_purchase_floors":[2,12,21,21,21],"current_hp_per_floor":[75,75,75,75,75,75,75,75,75,75,57,57,34,11,33,22,75,53,53,53,53,31,31,31,18,40,20,20,25,9,9,14,26,26,0,0],"gold":269,"neow_bonus":"THREE_ENEMY_KILL","is_daily":false,"chose_seed":false,"campfire_upgraded":3,"win_rate":0.0,"timestamp":1611453812,"path_taken":["M","$","?","?","?","R","E","R","T","M","E","$","E","M","R","BOSS","M","?","?","$","M","PTL","PTL","E","R","E","T","?","M","?","M","?","R","BOSS"],"items_purchased_type":["Card","Card","Card","Card","Relic"],"build_version":"2020-12-22","purchased_purges":0,"victory":false,"max_hp_per_floor":[75,75,75,75,75,75,75,75,75,75,75,75,75,75,75,75,75,75,75,75,75,75,75,75,75,75,75,75,75,75,75,75,75,75,75,75],"card_choices":[{"not_picked":["DC","Acceleration"],"picked":"PulseMagic","floor":1},{"not_picked":["DoubleSpark","PowerUp"],"picked":"MagicAbsorber","floor":5},{"not_picked":["SuperNova","MysteriousBeam"],"picked":"Singularity","floor":7},{"not_picked":["GravityBeat","NonDirectionalLaser"],"picked":"LuminesStrike","floor":10},{"not_picked":["LuminesStrike","Occultation"],"picked":"MillisecondPulsars","floor":11},{"not_picked":["MilkyWay","MillisecondPulsars"],"picked":"ChargeUpSpray","floor":13},{"not_picked":["ShootingEcho","GravityBeat","MagicChant"],"picked":"SKIP","floor":14},{"not_picked":["PowerUp","Robbery"],"picked":"WitchLeyline","floor":15},{"not_picked":["StarDustReverie","SuperNova"],"picked":"FinalSpark","floor":16},{"not_picked":["WitchLeyline","GrandCross"],"picked":"6A+1","floor":18},{"not_picked":["SuperPerseids","BlazeAway"],"picked":"Acceleration+1","floor":22},{"not_picked":["PropBag","StarlightTyphoon+1"],"picked":"RefractionSpark+1","floor":25},{"not_picked":["PowerUp","SprinkleStarSeal"],"picked":"OortCloud","floor":26},{"not_picked":["Acceleration","GrandCross"],"picked":"JA","floor":27},{"not_picked":["MilkyWay","GravityBeat"],"picked":"GrandCross","floor":29},{"not_picked":["ChargeUpSpray","PulseMagic"],"picked":"WitchOfGreed+1","floor":30},{"not_picked":["AsteroidBelt","GrandCross"],"picked":"Robbery+1","floor":32},{"not_picked":["OpenUniverse","OneTimeOff","MilkyWay"],"picked":"SKIP","floor":33}],"player_experience":393850,"relics_obtained":[{"floor":7,"key":"Nunchaku"},{"floor":9,"key":"Replay:Bottled Eggs"},{"floor":11,"key":"Dream Catcher"},{"floor":13,"key":"Toy Ornithopter"},{"floor":25,"key":"Bronze Scales"},{"floor":25,"key":"Ancient Tea Set"},{"floor":25,"key":"Potion Belt"},{"floor":27,"key":"Orichalcum"},{"floor":27,"key":"Oddly Smooth Stone"},{"floor":28,"key":"BreadOfAWashokuLover"}],"event_choices":[{"damage_healed":0,"gold_gain":0,"player_choice":"Trade","damage_taken":0,"relics_obtained":["CultistMask"],"max_hp_gain":0,"max_hp_loss":0,"event_name":"FaceTrader","floor":4,"gold_loss":0},{"damage_healed":0,"gold_gain":0,"player_choice":"Inject Mutagens","damage_taken":0,"relics_obtained":["MutagenicStrength"],"max_hp_gain":0,"max_hp_loss":0,"event_name":"Drug Dealer","floor":19,"gold_loss":0},{"damage_healed":0,"gold_gain":0,"player_choice":"Upgraded","damage_taken":0,"max_hp_gain":0,"max_hp_loss":0,"event_name":"Upgrade Shrine","floor":20,"gold_loss":0,"cards_upgraded":["MillisecondPulsars"]},{"cards_removed":["PulseMagic"],"damage_healed":0,"gold_gain":0,"player_choice":"Purged","damage_taken":0,"max_hp_gain":0,"max_hp_loss":0,"event_name":"Purifier","floor":31,"gold_loss":0}],"is_beta":false,"boss_relics":[{"not_picked":["ReplayTheSpireMod:DimensionalGlitch","Ring of Chaos"],"picked":"Black Star"}],"items_purged_floors":[],"is_endless":false,"potions_floor_spawned":[5,10,27,29,30,33],"killed_by":"Automaton","ascension_level":0}}