{"host":"ya062ahhhuj9au1o","time":1611455124,"event":{"mods":["BaseMod","Better Third Choice","Downfall","Filter the Spire","Hermit","Minty Spire (QoL Compilation)","Random Character Button","Robot Space Explorer","Somnambulant","StSLib","The Bug Knight","The Cursed","The Marked","The Servant 0.9.4"],"gold_per_floor":[119,119,135,152,227,227,243,15,15,15,26,40,40,50,50,126,126,141,141,160,160,178,213,213,229,229,258,258,114,147,147,147,221,221,241,102,102,119,139,139,169,189,189,189,189,223,223,234,234,234],"floor_reached":51,"language":"ENG","playtime":3083,"items_purged":["RobotSpaceExplorer:SwiftStep","RobotSpaceExplorer:Reload+1"],"score":1656,"play_id":"e6826a81-b445-4224-8938-2163a74ab81f","local_time":"20210123212524","is_ascension_mode":true,"campfire_choices":[{"data":"RobotSpaceExplorer:ShockMissile","floor":6.0,"key":"SMITH"},{"data":"RobotSpaceExplorer:Accelerator","floor":10,"key":"SMITH"},{"data":"RobotSpaceExplorer:Reload","floor":13,"key":"SMITH"},{"data":"RobotSpaceExplorer:MiniBoosters","floor":15,"key":"SMITH"},{"data":"RobotSpaceExplorer:FreezeRay","floor":24,"key":"SMITH"},{"data":"RobotSpaceExplorer:MiniDrones","floor":28,"key":"SMITH"},{"data":"RobotSpaceExplorer:ExhaustFan","floor":32,"key":"SMITH"},{"data":"RobotSpaceExplorer:MiniLasers","floor":40,"key":"SMITH"},{"data":"Trip","floor":45,"key":"SMITH"},{"floor":49,"key":"REST"}],"circlet_count":0,"master_deck":["AscendersBane","RobotSpaceExplorer:MiniLasers+1","RobotSpaceExplorer:Accelerator+1","RobotSpaceExplorer:FrostMissile","RobotSpaceExplorer:ExhaustFan+1","RobotSpaceExplorer:ShockMissile+1","RobotSpaceExplorer:Jetpack","RobotSpaceExplorer:FreezeRay+1","RobotSpaceExplorer:ScrapMissile","RobotSpaceExplorer:FrostMissile","RobotSpaceExplorer:MiniBoosters+1","RobotSpaceExplorer:ChargingLaser+1","RobotSpaceExplorer:MiniDrones+1","RobotSpaceExplorer:MiniDrones","RobotSpaceExplorer:LuckyStrike","RobotSpaceExplorer:GlueShot","RobotSpaceExplorer:Probe+1","RobotSpaceExplorer:Jetpack","Trip+1","RobotSpaceExplorer:ScrapToss+1"],"relics":["Pandora\u0027s Box","Guardian:PocketSentry","Bronze Scales","Black Star","StrikeDummy","Shuriken","Darkstone Periapt","Unceasing Top","RobotSpaceExplorer:PlasmaHourglass","Kunai","InkBottle","SacredBark","Dream Catcher","Sundial","Pen Nib","Letter Opener","Anchor"],"acts_visited":["Exordium","TheCity","TheBeyond"],"potions_floor_usage":[7,11,12,22,23,30,50,50,50],"damage_taken":[{"damage":0.0,"enemies":"Cultist","floor":1.0,"turns":6.0},{"damage":4.0,"enemies":"2 Louse","floor":3.0,"turns":4.0},{"damage":1.0,"enemies":"Jaw Worm","floor":4.0,"turns":4.0},{"damage":2,"enemies":"Gremlin Gang","floor":7,"turns":5},{"damage":12,"enemies":"Exordium Wildlife","floor":11,"turns":4},{"damage":0,"enemies":"Exordium Thugs","floor":12,"turns":3},{"damage":1,"enemies":"Large Slime","floor":14,"turns":4},{"damage":11,"enemies":"Hexaghost","floor":16,"turns":11},{"damage":0,"enemies":"3 Byrds","floor":18,"turns":3},{"damage":5,"enemies":"Chosen","floor":20,"turns":4},{"damage":0,"enemies":"Snake Plant","floor":22,"turns":5},{"damage":0,"enemies":"Gremlin Leader","floor":23,"turns":5},{"damage":11,"enemies":"Sentry and Sphere","floor":25,"turns":4},{"damage":0,"enemies":"HollowMod:Nosk","floor":27,"turns":6},{"damage":8,"enemies":"Book of Stabbing","floor":30,"turns":3},{"damage":0,"enemies":"Automaton","floor":33,"turns":4},{"damage":7,"enemies":"Orb Walker","floor":35,"turns":3},{"damage":0,"enemies":"3 Shapes","floor":38,"turns":3},{"damage":0,"enemies":"Transient","floor":39,"turns":5},{"damage":0,"enemies":"Giant Head","floor":41,"turns":3},{"damage":13,"enemies":"Jaw Worm Horde","floor":42,"turns":3},{"damage":0,"enemies":"Reptomancer","floor":46,"turns":5},{"damage":0,"enemies":"Writhing Mass","floor":48,"turns":4},{"damage":0,"enemies":"Donu and Deca","floor":50,"turns":4}],"seed_played":"-2890286390215074699","potions_obtained":[{"floor":3.0,"key":"Energy Potion"},{"floor":4.0,"key":"ColorlessPotion"},{"floor":7,"key":"Block Potion"},{"floor":11,"key":"Regen Potion"},{"floor":14,"key":"DistilledChaos"},{"floor":25,"key":"FearPotion"},{"floor":27,"key":"Dexterity Potion"},{"floor":30,"key":"PowerPotion"},{"floor":39,"key":"EntropicBrew"}],"is_trial":false,"path_per_floor":["M","?","M","M","?","R","M","$","T","R","M","M","R","M","R","B",null,"M","?","M","?","M","E","R","M","T","E","R","$","E","?","R","B",null,"M","$","?","M","M","R","E","M","T","?","R","E","?","M","R","B",null],"character_chosen":"RobotSpaceExplorer","items_purchased":["Guardian:PocketSentry","RobotSpaceExplorer:FreezeRay","RobotSpaceExplorer:LuckyStrike","RobotSpaceExplorer:Jetpack"],"campfire_rested":1,"item_purchase_floors":[8,8,29,36],"current_hp_per_floor":[64,64,60,59,48,48,46,46,46,46,34,43,43,42,42,31,61,61,61,56,56,56,56,56,45,45,45,45,45,37,37,37,37,63,56,56,56,56,56,56,56,43,43,43,43,43,43,43,63,63],"gold":234,"neow_bonus":"BOSS_RELIC","is_daily":false,"chose_seed":false,"campfire_upgraded":9,"win_rate":0.0,"timestamp":1611455124,"path_taken":["M","?","M","M","?","R","M","$","T","R","M","M","R","M","R","BOSS","M","?","?","?","M","E","R","M","T","E","R","?","E","?","R","BOSS","M","$","?","M","M","R","E","M","T","?","R","E","?","M","R","BOSS"],"items_purchased_type":["Relic","Card","Card","Card"],"build_version":"2020-12-22","purchased_purges":2,"victory":true,"max_hp_per_floor":[71,71,71,71,71,71,71,71,71,71,71,71,71,71,71,71,71,71,71,71,71,71,71,71,71,71,71,71,71,71,71,71,71,71,71,71,71,71,71,71,71,71,71,71,71,71,67,67,67,67],"card_choices":[{"not_picked":["RobotSpaceExplorer:TurboDodge","RobotSpaceExplorer:Ammunition","RobotSpaceExplorer:Electropulse"],"picked":"SKIP","floor":1.0},{"not_picked":["RobotSpaceExplorer:SurgingShield","RobotSpaceExplorer:Pulsar"],"picked":"RobotSpaceExplorer:Reload","floor":3.0},{"not_picked":["RobotSpaceExplorer:SurgingShield","RobotSpaceExplorer:Counterblock","RobotSpaceExplorer:FrostMissile"],"picked":"SKIP","floor":4.0},{"not_picked":["RobotSpaceExplorer:GlueShot","RobotSpaceExplorer:DoubleBlock","RobotSpaceExplorer:Calculate"],"picked":"SKIP","floor":7},{"not_picked":["RobotSpaceExplorer:ShockKick","RobotSpaceExplorer:Accelerator"],"picked":"RobotSpaceExplorer:ScrapMissile","floor":11},{"not_picked":["RobotSpaceExplorer:SurgingShield","RobotSpaceExplorer:StarDust"],"picked":"RobotSpaceExplorer:FrostMissile","floor":12},{"not_picked":["RobotSpaceExplorer:FrostMissile","RobotSpaceExplorer:ImprovisedAttack"],"picked":"RobotSpaceExplorer:MiniBoosters","floor":14},{"not_picked":["RobotSpaceExplorer:Multitool","RobotSpaceExplorer:Asteroid"],"picked":"RobotSpaceExplorer:ChargingLaser","floor":16},{"not_picked":["RobotSpaceExplorer:Pulsar","RobotSpaceExplorer:GlueShot","RobotSpaceExplorer:Calculate"],"picked":"SKIP","floor":18},{"not_picked":["RobotSpaceExplorer:SurgingShield","RobotSpaceExplorer:Smokescreen"],"picked":"RobotSpaceExplorer:MiniDrones","floor":20},{"not_picked":["RobotSpaceExplorer:Electroshield","RobotSpaceExplorer:Electropulse","RobotSpaceExplorer:ShovelStrike"],"picked":"SKIP","floor":22},{"not_picked":["RobotSpaceExplorer:TurboDodge","RobotSpaceExplorer:Fix","RobotSpaceExplorer:PowerCollector"],"picked":"SKIP","floor":23},{"not_picked":["RobotSpaceExplorer:ImprovisedAttack","RobotSpaceExplorer:MakeshiftVolley","RobotSpaceExplorer:ShockKick"],"picked":"SKIP","floor":25},{"not_picked":["RobotSpaceExplorer:Exploration","RobotSpaceExplorer:SlimeMissile"],"picked":"RobotSpaceExplorer:MiniDrones","floor":27},{"not_picked":["RobotSpaceExplorer:ImprovisedAttack","RobotSpaceExplorer:StunGrenade"],"picked":"RobotSpaceExplorer:GlueShot","floor":30},{"not_picked":["RobotSpaceExplorer:Counterblock","RobotSpaceExplorer:RigExplosive"],"picked":"RobotSpaceExplorer:Probe+1","floor":35},{"not_picked":["RobotSpaceExplorer:ImprovisedAttack+1","RobotSpaceExplorer:SurgingStrike+1","RobotSpaceExplorer:FranticSearch+1"],"picked":"SKIP","floor":38},{"not_picked":["RobotSpaceExplorer:Discharger","RobotSpaceExplorer:SlimeMissile","RobotSpaceExplorer:FrostMissile"],"picked":"SKIP","floor":39},{"not_picked":["RobotSpaceExplorer:Ammunition","RobotSpaceExplorer:Asteroid","RobotSpaceExplorer:SurgingStrike"],"picked":"SKIP","floor":41},{"not_picked":["RobotSpaceExplorer:Electroshield","RobotSpaceExplorer:Pulsar+1","RobotSpaceExplorer:SlimeMissile"],"picked":"SKIP","floor":42},{"not_picked":["Chrysalis","Madness"],"picked":"Trip","floor":44},{"not_picked":["RobotSpaceExplorer:SelfCleaning","RobotSpaceExplorer:RigExplosive","RobotSpaceExplorer:MetalStrike"],"picked":"SKIP","floor":46},{"not_picked":["RobotSpaceExplorer:SlimeMissile","RobotSpaceExplorer:SurgingStrike","RobotSpaceExplorer:Calculate"],"picked":"SKIP","floor":48},{"not_picked":["RobotSpaceExplorer:Probe+1","RobotSpaceExplorer:GlueShot"],"picked":"RobotSpaceExplorer:ScrapToss+1","floor":49}],"player_experience":1815087,"relics_obtained":[{"floor":9,"key":"Bronze Scales"},{"floor":23,"key":"StrikeDummy"},{"floor":23,"key":"Shuriken"},{"floor":26,"key":"Darkstone Periapt"},{"floor":27,"key":"Unceasing Top"},{"floor":27,"key":"RobotSpaceExplorer:PlasmaHourglass"},{"floor":30,"key":"Kunai"},{"floor":30,"key":"InkBottle"},{"floor":41,"key":"Dream Catcher"},{"floor":41,"key":"Sundial"},{"floor":43,"key":"Pen Nib"},{"floor":46,"key":"Letter Opener"},{"floor":46,"key":"Anchor"}],"event_choices":[{"cards_removed":["RobotSpaceExplorer:Electroshield"],"damage_healed":0.0,"max_hp_gain":0.0,"max_hp_loss":0.0,"gold_gain":0.0,"event_name":"Living Wall","player_choice":"Forget","floor":2.0,"gold_loss":0.0,"damage_taken":0.0},{"damage_healed":0.0,"max_hp_gain":0.0,"max_hp_loss":0.0,"gold_gain":75.0,"event_name":"betterThird:BetterGoop","player_choice":"Gold","floor":5.0,"gold_loss":0.0,"damage_taken":11.0},{"damage_healed":0,"gold_gain":0,"player_choice":"Forge","damage_taken":0,"max_hp_gain":0,"max_hp_loss":0,"event_name":"Accursed Blacksmith","floor":19,"gold_loss":0,"cards_upgraded":["RobotSpaceExplorer:ChargingLaser"]},{"cards_removed":["RobotSpaceExplorer:Scan"],"damage_healed":0,"gold_gain":0,"player_choice":"Elegance","damage_taken":0,"max_hp_gain":0,"max_hp_loss":0,"event_name":"betterThird:BetterWriting","floor":31,"gold_loss":0},{"cards_removed":["RobotSpaceExplorer:Autoloader"],"damage_healed":0,"gold_gain":0,"player_choice":"Removed Power","damage_taken":0,"max_hp_gain":0,"max_hp_loss":0,"event_name":"Falling","floor":37,"gold_loss":0},{"damage_healed":0,"gold_gain":0,"player_choice":"Memory 1","damage_taken":0,"max_hp_gain":0,"max_hp_loss":0,"event_name":"SensoryStone","floor":44,"gold_loss":0},{"damage_healed":0,"gold_gain":0,"player_choice":"Max HP","damage_taken":0,"max_hp_gain":0,"max_hp_loss":4,"event_name":"Winding Halls","floor":47,"gold_loss":0}],"is_beta":false,"boss_relics":[{"not_picked":["SlaversCollar","Busted Crown"],"picked":"Black Star"},{"not_picked":["Snecko Eye","bronze:MakeshiftBattery"],"picked":"SacredBark"}],"items_purged_floors":[29,36],"is_endless":false,"potions_floor_spawned":[3,4,7,11,14,16,20,25,27,30,38,39,42],"ascension_level":15}}