{"host":"yq2wmfr0u0wuvxc0","time":1611474074,"event":{"mods":["Act Like it!","BaseMod","Curses Come First","Downfall","Friendly Minions","Gensokyo","Hubris","Minty Spire (QoL Compilation)","Shop Mod","StSLib"],"gold_per_floor":[99,99,99,99,99,99,125,152,0,0,35,47,32,46,58,157,157,57,68,86,103,113,113,113,124,124,24,58,68,168,15,31,126,126,126,142,158,168,168,168,217,422,433,445,146,146,146,196,211,211],"floor_reached":51,"language":"ZHS","playtime":3878,"items_purged":["Slimebound:Defend_Slimebound","Pride","Slimebound:Strike_Slimebound","Slimebound:Replication"],"score":727,"play_id":"4bfeea66-9fcd-4f87-a1c8-3b65edf277f2","local_time":"20210123234114","is_ascension_mode":false,"campfire_choices":[{"data":"Slimebound:Split","floor":1.0,"key":"SMITH"},{"data":"Slimebound:Tackle","floor":6.0,"key":"SMITH"},{"data":"Slimebound:Chomp","floor":18,"key":"SMITH"},{"data":"Slimebound:GoopTackle","floor":27,"key":"SMITH"},{"data":"Slimebound:CorrosiveSpit","floor":35,"key":"SMITH"},{"floor":46,"key":"RECALL"}],"circlet_count":0,"master_deck":["Slimebound:Tackle+1","Slimebound:Defend_Slimebound","Slimebound:Defend_Slimebound","Slimebound:Defend_Slimebound","Slimebound:Split+1","Slimebound:CorrosiveSpit+1","Slimebound:GoopTackle+1","Slimebound:Chomp+1","Slimebound:LivingWall","Slimebound:MegaLick","Slimebound:Prepare","Slimebound:Repurpose","Slimebound:Equalize","Slimebound:MassFeed","Slimebound:GoopTackle+1","Slimebound:FormOfPuddle","Slimebound:Grow","Slimebound:HauntingLick","Slimebound:SpikyOuterGoop","Slimebound:DisruptingSlam+1","Slimebound:GoopSpray+1","Slimebound:DouseInSlime","Slimebound:Darklings","Slimebound:ComboTackle+1"],"relics":["Slimebound:AbsorbEndCombat","downfall:HeartsMalice","Bag of Preparation","Bag of Marbles","hubris:GrandSneckoEye","downfall:HeartBlessingGreen","Juzu Bracelet","downfall:HeartBlessingBlue","Lantern","hubris:Stopwatch","Pear","Orichalcum","MerchantsRug","Lizard Tail"],"acts_visited":["Exordium","TheCity","TheBeyond"],"potions_floor_usage":[25,28,29,29,33,50,50,50],"damage_taken":[{"damage":0.0,"enemies":"Small Slimes","floor":2.0,"turns":1.0},{"damage":0.0,"enemies":"3 Sentries","floor":8.0,"turns":1.0},{"damage":0.0,"enemies":"downfall:FleeingMerchant","floor":9.0,"turns":1.0},{"damage":9,"enemies":"Gremlin Nob","floor":11,"turns":2},{"damage":0,"enemies":"Jaw Worm","floor":12,"turns":2},{"damage":18,"enemies":"downfall:FleeingMerchant","floor":13,"turns":4},{"damage":0,"enemies":"2 Louse","floor":14,"turns":1},{"damage":6,"enemies":"2 Fungi Beasts","floor":15,"turns":1},{"damage":40,"enemies":"IC_STATUS_ARCHETYPE","floor":16,"turns":6},{"damage":6,"enemies":"Spheric Guardian","floor":19,"turns":3},{"damage":0,"enemies":"Cultist and Chosen","floor":20,"turns":5},{"damage":25,"enemies":"Shelled Parasite and Fungi","floor":21,"turns":5},{"damage":3,"enemies":"Sentry and Sphere","floor":22,"turns":5},{"damage":17,"enemies":"Cultist and Chosen","floor":25,"turns":4},{"damage":40,"enemies":"Slavers","floor":28,"turns":4},{"damage":0,"enemies":"Snake Plant","floor":29,"turns":1},{"damage":15,"enemies":"downfall:FleeingMerchant","floor":31,"turns":4},{"damage":11,"enemies":"Chosen and Byrds","floor":32,"turns":6},{"damage":42,"enemies":"DF_ARCHETYPE_CLAW","floor":33,"turns":6},{"damage":28,"enemies":"3 Darklings","floor":36,"turns":6},{"damage":7,"enemies":"Orb Walker","floor":37,"turns":4},{"damage":17,"enemies":"Jaw Worm Horde","floor":38,"turns":3},{"damage":12,"enemies":"downfall:FleeingMerchant","floor":42,"turns":3},{"damage":12,"enemies":"Maw","floor":43,"turns":6},{"damage":8,"enemies":"Spire Growth","floor":44,"turns":5},{"damage":9,"enemies":"Spire Growth","floor":48,"turns":3},{"damage":10,"enemies":"Sphere and 2 Shapes","floor":49,"turns":3},{"damage":114,"enemies":"WA_ARCHETYPE_DIVINITY","floor":50,"turns":8}],"seed_played":"-5182929550942069437","potions_obtained":[{"floor":8.0,"key":"LiquidBronze"},{"floor":11,"key":"Dexterity Potion"},{"floor":15,"key":"Ancient Potion"},{"floor":16,"key":"SkillPotion"},{"floor":20,"key":"Slimebound:ThreeZeroPotion"},{"floor":26,"key":"CultistPotion"},{"floor":28,"key":"Fire Potion"},{"floor":33,"key":"Fire Potion"},{"floor":36,"key":"Fire Potion"},{"floor":37,"key":"LiquidMemories"},{"floor":48,"key":"Strength Potion"}],"is_trial":false,"path_per_floor":["R","M","?","?","?","R","T","E","$","?","E","M","$","M","M","B",null,"R","M","M","M","M","?","T","M","?","R","E","M","?","$","M","B",null,"R","M","M","M","?","?","T","$","M","M","$","R","?","?","M","B",null],"character_chosen":"SLIMEBOUND","items_purchased":["Slimebound:MegaLick","Slimebound:SpikyOuterGoop","MerchantsRug","DuplicationPotion"],"campfire_rested":0,"item_purchase_floors":[9,31,45,45],"current_hp_per_floor":[65,65,70,70,70,70,70,70,70,70,67,69,59,61,55,27,70,70,70,73,61,75,75,75,64,64,74,46,48,48,53,64,38,95,95,80,87,90,100,100,100,92,86,92,92,92,92,91,99,76],"gold":211,"neow_bonus":"THREE_ENEMY_KILL","is_daily":false,"chose_seed":false,"campfire_upgraded":5,"win_rate":0.0,"timestamp":1611474074,"path_taken":["R","M","?","?","?","R","T","E","$","?","E","M","?","M","M","BOSS","R","M","M","?","M","?","T","M","?","R","E","M","?","$","M","BOSS","R","M","M","M","?","?","T","$","M","M","$","R","?","?","M","BOSS"],"items_purchased_type":["Card","Card","Relic","Potion"],"build_version":"2020-12-22","purchased_purges":4,"victory":true,"max_hp_per_floor":[65,65,70,70,70,70,70,70,70,70,70,70,70,70,70,70,70,70,70,73,76,79,79,79,79,79,89,89,89,89,89,95,95,95,95,98,98,104,114,114,114,114,114,114,114,114,114,120,126,126],"card_choices":[{"not_picked":["Slimebound:FinishingTackle","Slimebound:LeechEnergy"],"picked":"Slimebound:GoopTackle","floor":2.0},{"not_picked":["Slimebound:LeechEnergy","Slimebound:GoopTackle"],"picked":"Slimebound:Chomp","floor":8.0},{"not_picked":["Slimebound:SlimeTap","Slimebound:SlimeSpikes"],"picked":"Slimebound:LivingWall","floor":9.0},{"not_picked":["Slimebound:SplitLeeching","Slimebound:SplitBruiser","Slimebound:PressTheAttack"],"picked":"SKIP","floor":11},{"not_picked":["Slimebound:Equalize","Slimebound:LivingWall"],"picked":"Slimebound:Prepare","floor":12},{"not_picked":["Slimebound:ForwardTackle","Slimebound:ItLooksTasty"],"picked":"Slimebound:FirmFortitude","floor":13},{"not_picked":["Slimebound:SplitMire","Slimebound:SlimeSpikes"],"picked":"Slimebound:Repurpose","floor":14},{"not_picked":["Slimebound:ComboTackle","Slimebound:SamplingLick"],"picked":"Slimebound:Equalize","floor":15},{"not_picked":["Slimebound:DuplicatedForm","Slimebound:OozeBath"],"picked":"Slimebound:MassFeed","floor":16},{"not_picked":["Slimebound:SplitAcid","Slimebound:ItLooksTasty"],"picked":"Slimebound:Replication","floor":19},{"not_picked":["Slimebound:RejuvenatingLick","Slimebound:LeadByExample","Slimebound:Replication"],"picked":"SKIP","floor":20},{"not_picked":["Slimebound:SlimeBarrage","Slimebound:Schlurp","Slimebound:LeechEnergy"],"picked":"SKIP","floor":21},{"not_picked":["Slimebound:LeadByExample","Slimebound:SamplingLick","Slimebound:LivingWall"],"picked":"SKIP","floor":22},{"not_picked":["Slimebound:GrowthPunch","Slimebound:ItLooksTasty"],"picked":"Slimebound:GoopTackle","floor":25},{"not_picked":["Slimebound:ComboTackle","Slimebound:DouseInSlime"],"picked":"Slimebound:FormOfPuddle","floor":28},{"not_picked":["Slimebound:SplitMire","Slimebound:SplitAcid"],"picked":"Slimebound:Grow","floor":29},{"not_picked":["Slimebound:LivingWall","Slimebound:SplitMire"],"picked":"Slimebound:HauntingLick","floor":31},{"not_picked":["Slimebound:SamplingLick","Slimebound:RollThrough"],"picked":"Slimebound:DisruptingSlam+1","floor":32},{"not_picked":["Slimebound:SplitLeeching+1","Slimebound:LeechEnergy"],"picked":"Slimebound:GoopSpray+1","floor":36},{"not_picked":["Slimebound:FinishingTackle","Slimebound:AcidTongue","Slimebound:LivingWall+1"],"picked":"SKIP","floor":37},{"not_picked":["Slimebound:Schlurp","Slimebound:GoopTackle"],"picked":"Slimebound:DouseInSlime","floor":38},{"not_picked":["Slimebound:LeechingTouch+1","Slimebound:FinishingTackle+1","Slimebound:LeechEnergy"],"picked":"SKIP","floor":42},{"not_picked":["Slimebound:SlimeSpikes+1","Slimebound:SplitAcid+1"],"picked":"Slimebound:ComboTackle+1","floor":43},{"not_picked":["Slimebound:MegaLick+1","Slimebound:SplitAcid+1","Slimebound:ComboTackle"],"picked":"SKIP","floor":44},{"not_picked":["Slimebound:SplitBruiser+1","Slimebound:PressTheAttack","Slimebound:Dissolve+1"],"picked":"SKIP","floor":49}],"player_experience":228435,"relics_obtained":[{"floor":7.0,"key":"Bag of Preparation"},{"floor":8.0,"key":"Bag of Marbles"},{"floor":11,"key":"hubris:CrystalStatue"},{"floor":28,"key":"Lantern"},{"floor":39,"key":"Pear"},{"floor":41,"key":"Orichalcum"},{"floor":48,"key":"Lizard Tail"}],"event_choices":[{"damage_healed":0.0,"max_hp_gain":5.0,"max_hp_loss":0.0,"gold_gain":0.0,"event_name":"Big Fish","player_choice":"Donut","floor":3.0,"gold_loss":0.0,"damage_taken":0.0},{"cards_removed":["Slimebound:Strike_Slimebound"],"damage_healed":0.0,"max_hp_gain":0.0,"max_hp_loss":0.0,"gold_gain":0.0,"event_name":"The Cleric","player_choice":"Card Removal","floor":5.0,"gold_loss":0.0,"damage_taken":0.0},{"damage_healed":0,"gold_gain":0,"player_choice":"Stole Relic","damage_taken":0,"relics_obtained":["Juzu Bracelet"],"max_hp_gain":0,"max_hp_loss":0,"event_name":"Addict","floor":23,"gold_loss":0,"cards_obtained":["Pride"]},{"damage_healed":0,"gold_gain":0,"player_choice":"Got Potions","damage_taken":0,"max_hp_gain":0,"max_hp_loss":0,"event_name":"Lab","floor":47,"gold_loss":0}],"is_beta":false,"boss_relics":[{"not_picked":["Busted Crown","hubris:ScarierMask"],"picked":"hubris:GrandSneckoEye"},{"not_picked":["Fusion Hammer","hubris:BlackHole"],"picked":"hubris:Stopwatch"}],"items_purged_floors":[9,31,42,45],"is_endless":false,"potions_floor_spawned":[8,11,15,16,20,21,22,28,33,36,37,48],"ascension_level":0}}