{"host":"w5vfr18i2ft1pzo2","time":1611520700,"event":{"mods":["AchievementEnabler","Act Like it!","Aspiration","BaseMod","Better Debug","Better Third Choice","BetterRewards","Colored Map","Colored Powertips","Conspire","Curses Come First","DNKmod","Defuse TimeMaze Blight","Dota2Spire","Elementarium","Energized Spire","Evolution","Force Act Four","Fox Events","Friendly Minions","Gensokyo","GifTheSpireLib","Gold Saver","Halation","Hallownest","Hubris","Hyrulean Relics","Infinite Spire","Jedi Mod","Marisa????????","Minty Spire (QoL Compilation)","MostiFishMod","Poor People Problems","Prisma Mod","Reimu??????","Relic Filter Mod","Reliquary","Remilia??????","Replay The Spire","RumiaBox-????????","SacredBarkPlus","Shop Mod","Small Relic Pack","Spicy Shops","Spikes Relics","Spire Arcade","StS++","StSLib","Stuff the Spire","SuperFastMode","Synergy Search","The Animator","The Blue Laboratory","The Servant 0.9.4","Trackpad","Treasure Hunter","Uncapped","Wandering Minibosses","Yakumo Yukari mod","noobMod","vexMod","??????REMEMod"],"gold_per_floor":[1677,1691,520,530,541,541,574,574,644,673,685,685,685,685,685,780,780,790,790,28,28,28,28,39,39,64,64,93,93,111,138,138,255,255,292,327,31,31,66,118,118,171,180,212,242,251,251,279,279,280,280,280,280,280,326,326],"floor_reached":57,"language":"ENG","playtime":1559,"items_purged":["Defend_RM","Strike_RM"],"score":1716,"play_id":"e494aa23-c52c-4710-93e2-636f0775d607","local_time":"20210125043820","is_ascension_mode":true,"campfire_choices":[{"floor":6.0,"key":"RECALL"},{"data":"ScarletCoffin","floor":8.0,"key":"SMITH"},{"data":"DemonKingCradle","floor":13.0,"key":"SMITH"},{"floor":15.0,"key":"DIG"},{"data":"BloodRain","floor":23.0,"key":"SMITH"},{"data":"hubris:Fate","floor":27.0,"key":"SMITH"},{"data":"ForecastOfChange","floor":29.0,"key":"SMITH"},{"floor":32.0,"key":"DIG"},{"data":"HeartBreak","floor":41.0,"key":"SMITH"},{"data":"ScarletMeister","floor":47.0,"key":"SMITH"},{"data":"TH:CursedSword","floor":49.0,"key":"SMITH"},{"data":"RedMoon","floor":52.0,"key":"SMITH"}],"circlet_count":0,"master_deck":["Strike_RM","Strike_RM","Defend_RM","RedMoon+1","ScarletShoot","GlobalNightmare","REME_ShadowForm","ScarletDevil","TwelveNightmare","ScarletCoffin+1","jedi:forcepush","TransientEternity","EternalNight","TH:DeckOfManyThings","DemonKingCradle+1","TH:CursedSword+1","Stigmanizer","TH:BikiniMail","BloodRain+1","ScarletDevil+1","REME_MagicPocketWatch","hubris:Fate+1","Stigmanizer+1","KillingBlow","TH:CursedSword","TH:EnergyPotion","ForecastOfChange+1","ScarletDevil","GlobalNightmare+1","TH:CursedSword","Ultimatum+1","TH:DeckOfManyThings","ScarletMeister+1","FitfulNightmare","VampireFantasy+1","MastersStateliness+1","ScarletDream","EternalNight","HeartBreak+1","Stigmanizer","TH:DeckOfManyThings","VampireFantasy","TH:CopperCoins","Stigmanizer","TH:BikiniMail","Stigmanizer+1","MastersStateliness+1","RedNightlessCastle+1","CharismaGuard","TH:TreasureMap","ScarletDream","CharismaGuard+1","TH:DeckOfManyThings","CurseOfVladTepes"],"relics":["animator:LivingPicture","EVO:Axolotl","DaveBox","ice","REME_ComplimentaryCards","SynthV:TestCard","DianDianMeat","ChiLing","Chi","Ling","Lee\u0027s Waffle","trackpad:Mousetrap","GodSword6","infinitespire:PuzzleCube","Dota2Spire:CrimsonGuard","hubris:Icosahedron","infinitespire:Cubic Diamond","Quantum Egg","APieceOfRedMist","halation:EternalFortune","Prayer Wheel","aspiration:Nostalgia","Ring of the Snake","halation:Diary","Centennial Puzzle","reliquary:ExpiredCoupon","Dream Catcher","jedi:heavyjacket","CeramicFish","Empty Cage","ClockworkSouvenir","MostiFishMod:AdaptiveDefenses","Happy Flower","wanderingMiniBosses:OtherGremlinHorn","GodSword5","reliquary:Boomerang","StuffTheSpire:PointBlank","trackpad:ByrdCharm","SynthV:C4"],"acts_visited":["Exordium","TheCity","TheBeyond","TheEnding"],"potions_floor_usage":[],"damage_taken":[{"damage":0.0,"enemies":"Cultist","floor":1.0,"turns":3.0},{"damage":0.0,"enemies":"Small Slimes","floor":2.0,"turns":3.0},{"damage":1.0,"enemies":"conspire:RoseBush","floor":4.0,"turns":1.0},{"damage":0.0,"enemies":"2 Fungi Beasts","floor":5.0,"turns":4.0},{"damage":3.0,"enemies":"3 Sentries","floor":7.0,"turns":2.0},{"damage":3.0,"enemies":"Replay:BlueRogue","floor":10.0,"turns":3.0},{"damage":1.0,"enemies":"3 Louse","floor":11.0,"turns":1.0},{"damage":44.0,"enemies":"Hexaghost","floor":16.0,"turns":4.0},{"damage":1.0,"enemies":"Chosen","floor":18.0,"turns":2.0},{"damage":0.0,"enemies":"Shell Parasite","floor":24.0,"turns":2.0},{"damage":36.0,"enemies":"Nightmare","floor":28.0,"turns":4.0},{"damage":2.0,"enemies":"Sentry and Sphere","floor":30.0,"turns":1.0},{"damage":16.0,"enemies":"Slavers","floor":31.0,"turns":2.0},{"damage":2.0,"enemies":"conspire:MysteriousRune","floor":33.0,"turns":4.0},{"damage":2.0,"enemies":"Orb Walker","floor":35.0,"turns":3.0},{"damage":2.0,"enemies":"3 Darklings","floor":36.0,"turns":2.0},{"damage":0.0,"enemies":"Sphere and 2 Shapes","floor":39.0,"turns":2.0},{"damage":6.0,"enemies":"Nemesis","floor":40.0,"turns":3.0},{"damage":0.0,"enemies":"R_Hoarder","floor":42.0,"turns":2.0},{"damage":6.0,"enemies":"Transient","floor":44.0,"turns":3.0},{"damage":0.0,"enemies":"Writhing Mass","floor":45.0,"turns":1.0},{"damage":18.0,"enemies":"3 Darklings","floor":48.0,"turns":2.0},{"damage":61.0,"enemies":"infinitespire:MassOfShapes","floor":50.0,"turns":1.0},{"damage":26,"enemies":"Shield and Spear","floor":55,"turns":2},{"damage":124,"enemies":"The Heart","floor":56,"turns":2}],"seed_played":"2411877402854490857","potions_obtained":[{"floor":4.0,"key":"blueLaboratory:BubblePotion"},{"floor":10.0,"key":"StSpp:SecondWindPotion"},{"floor":11.0,"key":"ZuzhouPotion:ReiMu"},{"floor":16.0,"key":"Explosive Potion"},{"floor":42.0,"key":"AttackPotion"}],"is_trial":false,"path_per_floor":["M","M","$","M","M","R","E","R","T","E","M","?","R","?","R_BF","B",null,"M","?","$","?","?","R","M","$","T","R","NM","R","M","E","R_BF","B",null,"M","M","$","?","M","E","R","E","T","M","M","T","R","M","R","B",null,"R","??","$","E","B",null],"character_chosen":"REMILIA","items_purchased":["TwelveNightmare","ScarletCoffin","jedi:forcepush","ChiLing","Lee\u0027s Waffle","trackpad:Mousetrap","GodSword6","Prayer Wheel","aspiration:Nostalgia","halation:Diary","REME_MagicPocketWatch","ClockworkSouvenir","MostiFishMod:AdaptiveDefenses"],"campfire_rested":0,"item_purchase_floors":[3,3,3,3,3,3,3,20,20,20,20,37,37],"current_hp_per_floor":[75,78,97,102,109,109,123,123,133,148,147,147,147,147,147,132,173,187,190,205,205,170,170,207,207,226,226,238,238,281,324,324,388,466,552,613,613,613,680,754,754,829,868,949,1034,1078,1078,1169,1169,1158,1169,1169,1169,1169,1262,1145],"gold":326,"neow_bonus":"REMOVE_CARD","is_daily":false,"chose_seed":false,"campfire_upgraded":9,"win_rate":0.0,"timestamp":1611520700,"path_taken":["M","?","$","M","M","R","E","R","T","E","M","?","R","?","R_BF","BOSS","M","?","$","?","?","R","M","?","T","R","NM","R","?","E","R_BF","BOSS","M","?","$","?","M","E","R","E","T","M","?","?","R","M","R","BOSS","R","??","$","E","BOSS"],"items_purchased_type":["Card","Card","Card","Relic","Relic","Relic","Relic","Relic","Relic","Relic","Card","Relic","Relic"],"build_version":"2020-12-22","purchased_purges":2,"victory":true,"max_hp_per_floor":[75,78,97,103,110,110,127,127,137,148,148,148,148,148,148,173,173,187,190,205,205,221,221,256,256,275,275,319,319,364,413,413,466,466,553,616,616,616,683,754,754,829,868,949,1034,1078,1078,1169,1169,1169,1169,1169,1169,1169,1264,1264],"card_choices":[{"not_picked":["FavorOfDestiny","MastersStateliness"],"picked":"GlobalNightmare","floor":1.0},{"not_picked":["BloodHunter","MastersStateliness","FavorOfDestiny","MillenniumVampire"],"picked":"ScarletDevil","floor":2.0},{"not_picked":["UltimateOffering","UnstableMagic","NightDance","TransientEternity","BombardNight"],"picked":"SKIP","floor":4.0},{"not_picked":["UltimateOffering","UnstableMagic","NightDance","BombardNight"],"picked":"TransientEternity","floor":4.0},{"not_picked":["LeisurelyOfLord","DiffusionOfMisfortune","NightLord","Maim"],"picked":"EternalNight","floor":5.0},{"not_picked":["TH:ElvenBoots","TH:TreasureMap","TH:EnergyPotion"],"picked":"TH:DeckOfManyThings","floor":7.0},{"not_picked":["MastersStateliness","BlasphemousPunishment","ReincarnationDial","DevilSight"],"picked":"DemonKingCradle","floor":7.0},{"not_picked":["TH:CopperCoins","TH:TreasureMap","TH:Mimic"],"picked":"TH:CursedSword","floor":9.0},{"not_picked":["ScarletImprint","SuperhumanBloodyKnife","BombardNight","UltimateOffering"],"picked":"Stigmanizer","floor":10.0},{"not_picked":["TH:CursedSword","TH:ArmorSpikes","TH:DeckOfManyThings","TH:BikiniMail"],"picked":"SKIP","floor":10.0},{"not_picked":["MiserableFate","FavorOfDestiny","UnstableMagic","VampirishNight","DiffusionOfMisfortune"],"picked":"SKIP","floor":11.0},{"not_picked":["TH:Mimic","TH:CopperCoins","TH:ElvenBoots"],"picked":"TH:BikiniMail","floor":16.0},{"not_picked":["EquivalentExchange","QueenOfMidnight","HellCatastrophe","BatForm"],"picked":"BloodRain","floor":16.0},{"not_picked":["BombardNight","UnderTheZenith","BloodHunter","RedRainbow"],"picked":"ScarletDevil+1","floor":18.0},{"not_picked":["ReplayTheSpireMod:Echoes of Time","ReplayTheSpireMod:??????????????????????"],"picked":"hubris:Fate","floor":22.0},{"not_picked":["EternalNight","BloodyTrap+1","ScarletDevil","VampireKiss+1"],"picked":"Stigmanizer+1","floor":24.0},{"not_picked":["HunterOfTheNight","BombardNight+1","FavorOfDestiny","UnderTheZenith"],"picked":"KillingBlow","floor":24.0},{"not_picked":["TH:ElvenBoots","TH:CopperCoins","TH:Mimic"],"picked":"TH:CursedSword","floor":26.0},{"not_picked":["TH:CopperCoins","TH:ArmorSpikes","TH:TreasureMap"],"picked":"TH:EnergyPotion","floor":28.0},{"not_picked":["NightDance","EndlessAdversity","Stigmanizer","BloodHunter+1"],"picked":"ForecastOfChange","floor":28.0},{"not_picked":["DiffusionOfMisfortune+1","FavorOfDestiny","ForbiddenFruit","EmergencyRegeneration"],"picked":"ScarletDevil","floor":30.0},{"not_picked":["Stigmanizer","StarOfDavid","MillenniumVampire+1","CharismaGuard"],"picked":"GlobalNightmare+1","floor":30.0},{"not_picked":["TH:Mimic","TH:ElvenBoots","TH:EnergyPotion"],"picked":"TH:CursedSword","floor":31.0},{"not_picked":["BloodHunter","ReincarnationDial+1","TwelveNightmare","StarOfDavid"],"picked":"Ultimatum+1","floor":31.0},{"not_picked":["TH:ArmorSpikes","TH:BikiniMail","TH:ElvenBoots"],"picked":"TH:DeckOfManyThings","floor":33.0},{"not_picked":["DemonKingCradle","ScarletCoffin","CurseOfVladTepes","BloodySeventeenLaser"],"picked":"ScarletMeister","floor":33.0},{"not_picked":["StarOfDavid+1","DiffusionOfMisfortune","NightDance","RedRainbow+1"],"picked":"FitfulNightmare","floor":35.0},{"not_picked":["ScarletImprint","FavorOfDestiny","DiffusionOfMisfortune+1","UnderTheZenith+1"],"picked":"VampireFantasy+1","floor":35.0},{"not_picked":["NightDance","VampireFantasy+1","DiffusionOfMisfortune+1","MiserableFate"],"picked":"MastersStateliness+1","floor":35.0},{"not_picked":["BloodHunter+1","DiffusionOfMisfortune+1","LeisurelyOfLord+1","ScarletGensokyo"],"picked":"ScarletDream","floor":36.0},{"not_picked":["CharismaGuard","VampireKiss","ScarletNetherworld","Stigmanizer"],"picked":"EternalNight","floor":36.0},{"not_picked":["BombardNight","VampireKiss","BlasphemousPunishment","AfternoonTea"],"picked":"HeartBreak","floor":39.0},{"not_picked":["BloodHunter+1","FitfulNightmare","BlasphemousPunishment+1","VampireSweep+1"],"picked":"Stigmanizer","floor":39.0},{"not_picked":["TH:CursedSword","TH:ElvenBoots","TH:BikiniMail"],"picked":"TH:DeckOfManyThings","floor":40.0},{"not_picked":["NightDance+1","StarOfDavid+1","BloodyTrap","RedRainbow+1","VampireFantasy"],"picked":"SKIP","floor":40.0},{"not_picked":["NightDance+1","StarOfDavid+1","BloodyTrap","RedRainbow+1"],"picked":"VampireFantasy","floor":40.0},{"not_picked":["TH:ElvenBoots","TH:ArmorSpikes","TH:Mimic"],"picked":"TH:CopperCoins","floor":42.0},{"not_picked":["MastersStateliness","ScarletImprint","TwelveNightmare+1","StarOfDavid+1"],"picked":"Stigmanizer","floor":42.0},{"not_picked":["TH:CopperCoins","TH:ArmorSpikes","TH:ElvenBoots"],"picked":"TH:BikiniMail","floor":43.0},{"not_picked":["RedRainbow","FavorOfDestiny+1","ChainGang","CharismaGuard+1"],"picked":"Stigmanizer+1","floor":44.0},{"not_picked":["CharismaGuard","MillenniumVampire+1","ForbiddenFruit","ScarletDevil"],"picked":"MastersStateliness+1","floor":44.0},{"not_picked":["NightDance","DiffusionOfMisfortune","UnstableMagic","FavorOfDestiny+1"],"picked":"RedNightlessCastle+1","floor":45.0},{"not_picked":["DevilSight+1","Stigmanizer+1","RedRainbow","DiffusionOfMisfortune+1"],"picked":"CharismaGuard","floor":45.0},{"not_picked":["TH:CursedSword","TH:Mimic","TH:CopperCoins"],"picked":"TH:TreasureMap","floor":46.0},{"not_picked":["SuperhumanBloodyKnife","UnderTheZenith","FavorOfDestiny","ScarletImprint"],"picked":"ScarletDream","floor":48.0},{"not_picked":["NightDance+1","BloodHunter+1","UnderTheZenith+1","Stigmanizer+1"],"picked":"CharismaGuard+1","floor":48.0},{"not_picked":["TH:ArmorSpikes","TH:Mimic","TH:TreasureMap"],"picked":"TH:DeckOfManyThings","floor":55},{"not_picked":["UnderTheZenith+1","ScarletDevilSign","UnstableMagic+1","BombardNight"],"picked":"CurseOfVladTepes","floor":55}],"player_experience":482754,"relics_obtained":[{"floor":1.0,"key":"SynthV:TestCard"},{"floor":7.0,"key":"infinitespire:PuzzleCube"},{"floor":10.0,"key":"Dota2Spire:CrimsonGuard"},{"floor":15.0,"key":"Quantum Egg"},{"floor":26.0,"key":"Centennial Puzzle"},{"floor":28.0,"key":"halation:EternalFortune"},{"floor":28.0,"key":"reliquary:ExpiredCoupon"},{"floor":31.0,"key":"Dream Catcher"},{"floor":31.0,"key":"jedi:heavyjacket"},{"floor":32.0,"key":"CeramicFish"},{"floor":39.0,"key":"wanderingMiniBosses:OtherGremlinHorn"},{"floor":40.0,"key":"GodSword5"},{"floor":42.0,"key":"reliquary:Boomerang"},{"floor":43.0,"key":"StuffTheSpire:PointBlank"},{"floor":46.0,"key":"trackpad:ByrdCharm"},{"floor":55,"key":"SynthV:C4"}],"event_choices":[{"damage_healed":0.0,"max_hp_gain":0.0,"max_hp_loss":0.0,"gold_gain":0.0,"event_name":"Ghosts","player_choice":"Ignored","floor":21.0,"gold_loss":0.0,"damage_taken":0.0},{"damage_healed":0.0,"max_hp_gain":0.0,"max_hp_loss":0.0,"gold_gain":0.0,"event_name":"WeMeetAgain","player_choice":"Gave Potion","floor":38.0,"gold_loss":0.0,"damage_taken":0.0,"relics_obtained":["Happy Flower"]}],"is_beta":false,"boss_relics":[{"not_picked":["energizedSpire:EnergizedDie","conspire:SlowCooker"],"picked":"APieceOfRedMist"},{"not_picked":["hubris:GrandSneckoEye","hubris:VirtuousBlindfold"],"picked":"Empty Cage"}],"items_purged_floors":[3,20],"is_endless":false,"potions_floor_spawned":[4,10,16,28,31,35,42,45,55],"ascension_level":1}}