{"host":"vyjryxuuuxkt43k4","time":1611495977,"event":{"mods":["AchievementEnabler","BaseMod","Colored Map","DeckTracker","Keyboard Shortcuts","Minty Spire (QoL Compilation)","Permanent Neow","Quick Restart","Rare Cards Sparkle","StSLib","SuperFastMode","everything is the same but u backflip on backflip"],"gold_per_floor":[117,129,148,163,173,173,198,217,217,217,217,217],"floor_reached":11,"language":"KOR","playtime":352,"items_purged":[],"score":154,"play_id":"d5b0f3e4-d472-4056-8f7d-58b5e8606865","local_time":"20210124224617","is_ascension_mode":true,"campfire_choices":[{"data":"Searing Blow","floor":6.0,"key":"SMITH"},{"data":"Searing Blow+1","floor":10,"key":"SMITH"}],"circlet_count":0,"master_deck":["AscendersBane","Strike_R","Strike_R","Strike_R","Defend_R","Defend_R","Defend_R","Defend_R","Bash","Double Tap","Clothesline","Sword Boomerang","Searing Blow+2","Seeing Red","Pommel Strike","Dual Wield","Exhume","Disarm"],"relics":["Burning Blood","Art of War","White Beast Statue"],"acts_visited":["Exordium"],"potions_floor_usage":[7,11],"damage_taken":[{"damage":0.0,"enemies":"Cultist","floor":1.0,"turns":3.0},{"damage":15.0,"enemies":"Small Slimes","floor":2.0,"turns":4.0},{"damage":7.0,"enemies":"Jaw Worm","floor":3.0,"turns":2.0},{"damage":13.0,"enemies":"Blue Slaver","floor":4.0,"turns":4.0},{"damage":13.0,"enemies":"2 Fungi Beasts","floor":5.0,"turns":3.0},{"damage":35,"enemies":"Lagavulin","floor":7,"turns":5},{"damage":1,"enemies":"Large Slime","floor":8,"turns":4},{"damage":20,"enemies":"3 Sentries","floor":11,"turns":2}],"seed_played":"8578498451775357173","potions_obtained":[{"floor":5.0,"key":"Swift Potion"},{"floor":8,"key":"BlessingOfTheForge"}],"is_trial":false,"path_per_floor":["M","M","M","M","M","R","E","M","T","R","E"],"character_chosen":"IRONCLAD","items_purchased":[],"campfire_rested":0,"item_purchase_floors":[],"current_hp_per_floor":[68,59,58,51,44,44,15,20,20,20,0,0],"gold":217,"neow_bonus":"TRANSFORM_TWO_CARDS","is_daily":false,"chose_seed":false,"campfire_upgraded":2,"win_rate":0.0,"timestamp":1611495977,"path_taken":["M","M","M","M","M","R","E","M","T","R","E"],"items_purchased_type":[],"build_version":"2020-12-22","purchased_purges":0,"victory":false,"max_hp_per_floor":[68,68,68,68,68,68,68,68,68,68,68,68],"card_choices":[{"not_picked":["Anger","Wild Strike"],"picked":"Sword Boomerang","floor":1.0},{"not_picked":["Cleave","Pommel Strike"],"picked":"Searing Blow","floor":2.0},{"not_picked":["Cleave","Wild Strike"],"picked":"Seeing Red","floor":3.0},{"not_picked":["Twin Strike","Anger"],"picked":"Pommel Strike","floor":4.0},{"not_picked":["Sword Boomerang","Spot Weakness"],"picked":"Dual Wield","floor":5.0},{"not_picked":["Cleave","Searing Blow"],"picked":"Exhume","floor":7},{"not_picked":["Thunderclap","True Grit"],"picked":"Disarm","floor":8}],"player_experience":291481,"relics_obtained":[{"floor":7,"key":"Art of War"},{"floor":9,"key":"White Beast Statue"}],"event_choices":[],"is_beta":false,"boss_relics":[],"items_purged_floors":[],"is_endless":false,"potions_floor_spawned":[5,8],"killed_by":"3 Sentries","ascension_level":20}}