{"host":"l2dnabsh5e0fsksb","time":1611478559,"event":{"mods":["2.2 Compatiblity","BaseMod","Downfall","Minty Spire (QoL Compilation)","Quick Restart","StSLib"],"gold_per_floor":[99,99,99,99,146,421,421,203,213,223,279,308,8,37,57,157,157,157,170,170,270,281,25,78,107,125,125,139,139,174,164,177,279,279,579,589,607,607,607,286,286,298,298,298,317,317,333,345,365,365,365,365],"floor_reached":50,"language":"ENG","playtime":1635,"items_purged":["Regret"],"score":770,"play_id":"0742097f-0b45-4732-9675-a42fc90875b9","local_time":"20210124192559","is_ascension_mode":true,"campfire_choices":[{"floor":1.0,"key":"RECALL"},{"floor":13.0,"key":"REST"},{"data":"bronze:InfiniteLoop","floor":18.0,"key":"SMITH"},{"floor":27.0,"key":"REST"},{"data":"bronze:Verify","floor":35.0,"key":"SMITH"},{"floor":43.0,"key":"REST"},{"floor":46.0,"key":"REST"}],"circlet_count":0,"master_deck":["bronze:Strike","bronze:Strike","bronze:Strike","bronze:Strike","bronze:Defend","bronze:Defend","bronze:Defend+1","bronze:Defend","bronze:Replicate","bronze:DelayedSlice","bronze:ChosenStrike","bronze:Iterate","bronze:Constructor","bronze:Iterate","bronze:BitShift","bronze:Separator","bronze:InfiniteLoop+1","bronze:WhirlingStrike","bronze:Flail+1","bronze:FollowUp","bronze:GetLatest+1","bronze:Return+1","bronze:FineTuning+1","bronze:Terminator","bronze:Verify+1","bronze:ChildClass+1","bronze:DelayedSlice","expansioncontent:Chronoboost+1","expansioncontent:LastStand","expansioncontent:PrepareCrush","bronze:BronzeArmor+1","bronze:InfiniteBeams+1","bronze:ClassDefault","bronze:Safeguard","bronze:Repulsor"],"relics":["bronze:PlatinumCore","downfall:HeartsMalice","Vajra","Medical Kit","Bag of Preparation","Akabeko","downfall:HeartBlessingBlue","downfall:HeartBlessingRed","downfall:HeartBlessingGreen","War Paint","Sozu","downfall:GremlinWheel","Shuriken","Bronze Scales","Centennial Puzzle","The Courier","bronze:BronzeIdol","Matryoshka","bronze:SilverBullet","hexamod:CandleOfCauterizing","Pen Nib","bronze:DecasWashers"],"acts_visited":["Exordium","TheCity","TheBeyond"],"potions_floor_usage":[50],"damage_taken":[{"damage":0.0,"enemies":"Jaw Worm","floor":2.0,"turns":1.0},{"damage":0.0,"enemies":"Cultist","floor":4.0,"turns":1.0},{"damage":0.0,"enemies":"downfall:FleeingMerchant","floor":8.0,"turns":1.0},{"damage":4.0,"enemies":"2 Louse","floor":9.0,"turns":2.0},{"damage":7.0,"enemies":"Exordium Thugs","floor":10.0,"turns":4.0},{"damage":32.0,"enemies":"Lagavulin Event","floor":11.0,"turns":5.0},{"damage":3.0,"enemies":"3 Sentries","floor":12.0,"turns":4.0},{"damage":14.0,"enemies":"Lagavulin","floor":14.0,"turns":3.0},{"damage":0.0,"enemies":"Large Slime","floor":15.0,"turns":2.0},{"damage":8.0,"enemies":"IC_STATUS_ARCHETYPE","floor":16.0,"turns":3.0},{"damage":0.0,"enemies":"Shell Parasite","floor":19.0,"turns":2.0},{"damage":0.0,"enemies":"Shell Parasite","floor":21.0,"turns":2.0},{"damage":0.0,"enemies":"Chosen","floor":22.0,"turns":2.0},{"damage":10.0,"enemies":"downfall:FleeingMerchant","floor":23.0,"turns":4.0},{"damage":2.0,"enemies":"Book of Stabbing","floor":25.0,"turns":3.0},{"damage":0.0,"enemies":"Centurion and Healer","floor":26.0,"turns":2.0},{"damage":0.0,"enemies":"3 Cultists","floor":28.0,"turns":2.0},{"damage":0.0,"enemies":"Gremlin Leader","floor":30.0,"turns":3.0},{"damage":0.0,"enemies":"downfall:FleeingMerchant","floor":31.0,"turns":4.0},{"damage":2.0,"enemies":"Shelled Parasite and Fungi","floor":32.0,"turns":2.0},{"damage":62.0,"enemies":"DF_ARCHETYPE_CLAW","floor":33.0,"turns":6.0},{"damage":0.0,"enemies":"Orb Walker","floor":36.0,"turns":2.0},{"damage":13.0,"enemies":"3 Darklings","floor":37.0,"turns":4.0},{"damage":9.0,"enemies":"Spire Growth","floor":42.0,"turns":3.0},{"damage":11.0,"enemies":"Writhing Mass","floor":45.0,"turns":3.0},{"damage":5.0,"enemies":"4 Shapes","floor":47.0,"turns":3.0},{"damage":18,"enemies":"Spire Growth","floor":48,"turns":2},{"damage":0,"enemies":"Maw","floor":49,"turns":4},{"damage":52,"enemies":"SI_POISON_ARCHETYPE","floor":50,"turns":5}],"seed_played":"-2351671968041018127","potions_obtained":[{"floor":9.0,"key":"bronze:BuildAFunctionPotion"},{"floor":11.0,"key":"sneckomod:MuddlingPotion"},{"floor":12.0,"key":"GamblersBrew"},{"floor":15.0,"key":"Block Potion"},{"floor":16.0,"key":"DuplicationPotion"}],"is_trial":false,"path_per_floor":["R","M","?","M","T","?","T","$","M","M","?","E","R","E","M","B",null,"R","M","?","?","M","$","T","E","M","R","M","?","E","$","M","B",null,"R","M","M","?","?","$","T","M","R","?","M","R","M","M","M","B"],"character_chosen":"THE_AUTOMATON","items_purchased":["Medical Kit","Shuriken","bronze:BronzeIdol","Matryoshka","bronze:SilverBullet","hexamod:CandleOfCauterizing"],"campfire_rested":4,"item_purchase_floors":[8,23,31,31,40,40],"current_hp_per_floor":[63,63,63,63,63,63,63,63,59,52,20,17,51,37,37,29,67,67,67,52,52,52,42,42,40,40,65,65,65,65,65,63,1,64,64,64,51,51,41,41,41,32,57,57,46,71,66,48,48,0,0,0],"gold":365,"neow_bonus":"THREE_ENEMY_KILL","is_daily":false,"chose_seed":false,"campfire_upgraded":2,"win_rate":0.0,"timestamp":1611478559,"path_taken":["R","M","?","?","?","?","T","$","?","M","?","E","R","E","M","BOSS","R","M","?","?","?","$","T","E","M","R","M","?","E","?","M","BOSS","R","M","M","?","?","?","T","M","R","?","M","R","M","?","M","BOSS"],"items_purchased_type":["Relic","Relic","Relic","Relic","Relic","Relic"],"build_version":"2020-12-22","purchased_purges":1,"victory":false,"max_hp_per_floor":[70,70,70,70,70,70,70,70,70,70,70,70,80,80,80,80,80,80,80,85,85,85,85,85,85,85,85,85,85,85,85,85,85,85,85,85,85,85,85,85,85,85,85,85,85,85,85,85,85,85,85,85],"card_choices":[{"not_picked":["bronze:BitShift","bronze:Overheat"],"picked":"bronze:DelayedSlice","floor":2.0},{"not_picked":["bronze:Shield","bronze:BitShift"],"picked":"bronze:ChosenStrike","floor":4.0},{"not_picked":["bronze:Overload","bronze:Repair"],"picked":"bronze:Iterate","floor":8.0},{"not_picked":["bronze:CutThrough","bronze:ThunderWave"],"picked":"bronze:Constructor","floor":9.0},{"not_picked":["bronze:DelayedGuard","bronze:Frontload","bronze:Shield"],"picked":"SKIP","floor":10.0},{"not_picked":["bronze:BuggyMess","bronze:CutThrough"],"picked":"bronze:Iterate","floor":11.0},{"not_picked":["bronze:Safeguard","bronze:Frontload"],"picked":"bronze:BitShift","floor":12.0},{"not_picked":["bronze:TinkerersToolbox","bronze:Safeguard"],"picked":"bronze:Frontload","floor":14.0},{"not_picked":["bronze:OilSpill","bronze:Repulsor"],"picked":"bronze:Separator","floor":15.0},{"not_picked":["bronze:Assembly","bronze:ThunderWave"],"picked":"bronze:InfiniteLoop","floor":16.0},{"not_picked":["bronze:BuggyMess","bronze:Constructor"],"picked":"bronze:WhirlingStrike","floor":19.0},{"not_picked":["bronze:Shell+1","bronze:DelayedSlice"],"picked":"bronze:Flail+1","floor":22.0},{"not_picked":["bronze:Turbo","bronze:Flail"],"picked":"bronze:FollowUp","floor":23.0},{"not_picked":["bronze:Separator","bronze:Shield","bronze:Backtrace"],"picked":"SKIP","floor":25.0},{"not_picked":["bronze:BitShift","bronze:CloningBeam+1","bronze:Invalidate"],"picked":"SKIP","floor":26.0},{"not_picked":["bronze:Frontload","bronze:OilSpill"],"picked":"bronze:GetLatest+1","floor":28.0},{"not_picked":["bronze:BugBarrage","bronze:Branch"],"picked":"bronze:Return+1","floor":30.0},{"not_picked":["bronze:ThunderWave","bronze:Invalidate"],"picked":"bronze:FineTuning+1","floor":31.0},{"not_picked":["bronze:Overheat+1","bronze:NullPointer"],"picked":"bronze:Terminator","floor":32.0},{"not_picked":["bronze:ThunderWave","bronze:Virus"],"picked":"bronze:Verify","floor":33.0},{"not_picked":["bronze:Deprecate","bronze:WhirlingStrike"],"picked":"bronze:ChildClass+1","floor":36.0},{"not_picked":["bronze:Shield+1","bronze:CutThrough"],"picked":"bronze:DelayedSlice","floor":37.0},{"not_picked":["expansioncontent:Hexaburn","expansioncontent:GuardianWhirl"],"picked":"expansioncontent:Chronoboost","floor":39.0},{"not_picked":["expansioncontent:PolyBeam","expansioncontent:YouAreMine"],"picked":"expansioncontent:LastStand","floor":39.0},{"not_picked":["expansioncontent:GuardianWhirl","expansioncontent:LastStand"],"picked":"expansioncontent:PrepareCrush","floor":39.0},{"not_picked":["bronze:FollowUp","bronze:Deprecate+1"],"picked":"bronze:BronzeArmor+1","floor":42.0},{"not_picked":["bronze:BitShift","bronze:Frontload"],"picked":"bronze:InfiniteBeams+1","floor":45.0},{"not_picked":["bronze:BuggyMess","bronze:FineTuning+1"],"picked":"bronze:ClassDefault","floor":47.0},{"not_picked":["bronze:BurnOut","bronze:Shell"],"picked":"bronze:Safeguard","floor":48},{"not_picked":["bronze:BitShift+1","bronze:BronzeArmor+1"],"picked":"bronze:Repulsor","floor":49}],"player_experience":1831140,"relics_obtained":[{"floor":5.0,"key":"Vajra"},{"floor":12.0,"key":"Akabeko"},{"floor":14.0,"key":"War Paint"},{"floor":21.0,"key":"downfall:GremlinWheel"},{"floor":24.0,"key":"Bronze Scales"},{"floor":25.0,"key":"Centennial Puzzle"},{"floor":30.0,"key":"The Courier"},{"floor":41.0,"key":"Pen Nib"},{"floor":41.0,"key":"bronze:DecasWashers"}],"event_choices":[{"damage_healed":0.0,"max_hp_gain":0.0,"max_hp_loss":0.0,"gold_gain":0.0,"event_name":"Ghosts","player_choice":"Ignored","floor":29.0,"gold_loss":0.0,"damage_taken":0.0},{"damage_healed":0.0,"max_hp_gain":0.0,"max_hp_loss":0.0,"gold_gain":300.0,"event_name":"Wheel of Change","player_choice":"Gold","floor":35.0,"gold_loss":0.0,"damage_taken":0.0},{"cards_removed":["bronze:Frontload"],"damage_healed":0.0,"max_hp_gain":0.0,"max_hp_loss":0.0,"gold_gain":0.0,"event_name":"Falling","player_choice":"Removed Skill","floor":38.0,"gold_loss":0.0,"damage_taken":0.0}],"is_beta":false,"boss_relics":[{"not_picked":["Cursed Key","Philosopher\u0027s Stone"],"picked":"Sozu"},{"not_picked":["Calling Bell","Tiny House"],"picked":"bronze:PlatinumCore"}],"items_purged_floors":[8],"is_endless":false,"potions_floor_spawned":[9,11,12,15,16,22,25,26,32,33,37,48,49],"killed_by":"SI_POISON_ARCHETYPE","ascension_level":6}}