{"host":"k2mw1od0xoi9pcfj","time":1611492119,"event":{"mods":["BaseMod","Hermit","Highlight Path","Minty Spire (QoL Compilation)","Permanent Neow","Relic Stats","StSLib"],"gold_per_floor":[116,133,133,133,133,133,165,177,177,190,190,190,206,234,234,329,329,349,349,361,361,168,197,197,197,242,242,11,23,23,23],"floor_reached":30,"language":"ENG","playtime":1636,"items_purged":["Pain"],"score":269,"play_id":"a84d17bc-8428-4f63-8849-5abab0d03430","local_time":"20210124064159","is_ascension_mode":true,"campfire_choices":[{"data":"Armaments","floor":6,"key":"SMITH"},{"floor":11,"key":"RECALL"},{"data":"Forethought","floor":15,"key":"SMITH"},{"data":"True Grit","floor":27,"key":"SMITH"}],"circlet_count":0,"master_deck":["Strike_R","Strike_R","Strike_R","Strike_R+1","Strike_R","Defend_R","Defend_R","Defend_R","Defend_R","Bash","Forethought+1","Armaments+1","Iron Wave+1","Burning Pact","Writhe","True Grit+1","True Grit","Coolheaded+1"],"relics":["Burning Blood","Shuriken","Regal Pillow","Red Skull","Strawberry","Cursed Key","Anchor","Nilry\u0027s Codex","Lee\u0027s Waffle","Vajra","Centennial Puzzle","PrismaticShard"],"acts_visited":["Exordium","TheCity"],"potions_floor_usage":[7,14,16],"damage_taken":[{"damage":0,"enemies":"Cultist","floor":1,"turns":4},{"damage":1,"enemies":"Jaw Worm","floor":2,"turns":4},{"damage":31,"enemies":"Lagavulin","floor":7,"turns":8},{"damage":0,"enemies":"2 Louse","floor":8,"turns":3},{"damage":0,"enemies":"Red Slaver","floor":10,"turns":5},{"damage":3,"enemies":"Looter","floor":13,"turns":3},{"damage":6,"enemies":"Gremlin Nob","floor":14,"turns":3},{"damage":35,"enemies":"The Guardian","floor":16,"turns":12},{"damage":22,"enemies":"Spheric Guardian","floor":18,"turns":6},{"damage":8,"enemies":"2 Thieves","floor":20,"turns":5},{"damage":32,"enemies":"Book of Stabbing","floor":23,"turns":8},{"damage":16,"enemies":"Snecko","floor":29,"turns":5},{"damage":61,"enemies":"Gremlin Leader","floor":30,"turns":7}],"seed_played":"-8279028930590434154","potions_obtained":[{"floor":1,"key":"Fire Potion"},{"floor":2,"key":"PowerPotion"},{"floor":8,"key":"ColorlessPotion"},{"floor":10,"key":"AttackPotion"},{"floor":16,"key":"LiquidBronze"},{"floor":18,"key":"SmokeBomb"},{"floor":20,"key":"HeartOfIron"}],"is_trial":false,"path_per_floor":["M","M","?","?","?","R","E","M","T","M","R","?","M","E","R","B",null,"M","?","M","?","$","E","?","?","T","R","$","M","E"],"character_chosen":"IRONCLAD","items_purchased":["Lee\u0027s Waffle","True Grit","PrismaticShard"],"campfire_rested":0,"item_purchase_floors":[22,22,28],"current_hp_per_floor":[80,80,80,68,68,68,43,49,49,55,55,39,42,49,49,20,87,71,71,69,53,94,68,68,68,68,68,68,58,0,0],"gold":23,"neow_bonus":"RANDOM_COLORLESS","is_daily":false,"chose_seed":false,"campfire_upgraded":3,"win_rate":0.0,"timestamp":1611492119,"path_taken":["M","M","?","?","?","R","E","?","T","M","R","?","M","E","R","BOSS","M","?","M","?","$","E","?","?","T","R","$","?","E"],"items_purchased_type":["Relic","Card","Relic"],"build_version":"2020-12-22","purchased_purges":1,"victory":false,"max_hp_per_floor":[80,80,80,80,80,80,80,80,80,80,80,80,80,87,87,87,87,87,87,87,87,94,94,94,94,94,94,94,94,94,94],"relic_stats":{"Regal Pillow":0,"Lee\u0027s Waffle":41,"Centennial Puzzle":[6],"counters":[13,73],"Shuriken":[13],"Cursed Key":1,"obtain_stats":[{"Regal Pillow":5,"Anchor":19,"Lee\u0027s Waffle":22,"Centennial Puzzle":26,"Shuriken":4,"Nilry\u0027s Codex":21,"Strawberry":14,"Vajra":23,"Cursed Key":17,"PrismaticShard":28,"Burning Blood":0,"Red Skull":7},{"Regal Pillow":2,"Anchor":9,"Lee\u0027s Waffle":10,"Centennial Puzzle":11,"Shuriken":2,"Nilry\u0027s Codex":10,"Strawberry":7,"Vajra":11,"Cursed Key":8,"PrismaticShard":11,"Burning Blood":0,"Red Skull":3},{"Regal Pillow":8,"Anchor":48,"Lee\u0027s Waffle":53,"Centennial Puzzle":61,"Shuriken":8,"Nilry\u0027s Codex":53,"Strawberry":30,"Vajra":61,"Cursed Key":42,"PrismaticShard":61,"Burning Blood":0,"Red Skull":16}],"Burning Blood":61},"card_choices":[{"not_picked":["Deep Breath","Dramatic Entrance"],"picked":"Forethought","floor":0},{"not_picked":["Disarm","Sword Boomerang"],"picked":"Armaments","floor":1},{"not_picked":["Heavy Blade","Flex","Whirlwind"],"picked":"SKIP","floor":2},{"not_picked":["Pommel Strike","Double Tap","Warcry"],"picked":"SKIP","floor":7},{"not_picked":["Hemokinesis","Spot Weakness"],"picked":"Iron Wave","floor":8},{"not_picked":["Flex","Bloodletting","Searing Blow"],"picked":"SKIP","floor":10},{"not_picked":["Immolate","Twin Strike","Searing Blow"],"picked":"SKIP","floor":13},{"not_picked":["Warcry","Searing Blow","Dropkick"],"picked":"SKIP","floor":14},{"not_picked":["Headbutt","Clothesline"],"picked":"Burning Pact","floor":18},{"not_picked":["Headbutt","Body Slam","Thunderclap+1"],"picked":"SKIP","floor":20},{"not_picked":["Pommel Strike+1","Cleave","Reckless Charge"],"picked":"SKIP","floor":23},{"not_picked":["Study","Dark Embrace"],"picked":"Coolheaded+1","floor":29}],"player_experience":663144,"relics_obtained":[{"floor":7,"key":"Red Skull"},{"floor":14,"key":"Strawberry"},{"floor":21,"key":"Nilry\u0027s Codex"},{"floor":23,"key":"Vajra"},{"floor":26,"key":"Centennial Puzzle"}],"event_choices":[{"damage_healed":0,"gold_gain":0,"player_choice":"Leave","damage_taken":0,"max_hp_gain":0,"max_hp_loss":0,"event_name":"The Cleric","floor":3,"gold_loss":0},{"damage_healed":0,"gold_gain":0,"player_choice":"Success","damage_taken":12,"relics_obtained":["Shuriken"],"max_hp_gain":0,"max_hp_loss":0,"event_name":"Scrap Ooze","floor":4,"gold_loss":0},{"damage_healed":0,"gold_gain":0,"player_choice":"Gave Potion","damage_taken":0,"relics_obtained":["Regal Pillow"],"max_hp_gain":0,"max_hp_loss":0,"event_name":"WeMeetAgain","floor":5,"gold_loss":0},{"damage_healed":0,"gold_gain":0,"player_choice":"Entered Light","damage_taken":16,"max_hp_gain":0,"max_hp_loss":0,"event_name":"Shining Light","floor":12,"gold_loss":0,"cards_upgraded":["Strike_R","Iron Wave"]},{"damage_healed":0,"gold_gain":0,"player_choice":"Opened","damage_taken":0,"relics_obtained":["Anchor"],"max_hp_gain":0,"max_hp_loss":0,"event_name":"The Mausoleum","floor":19,"gold_loss":0,"cards_obtained":["Writhe"]},{"damage_healed":0,"gold_gain":0,"player_choice":"Obtained Book","damage_taken":16,"max_hp_gain":0,"max_hp_loss":0,"event_name":"Cursed Tome","floor":21,"gold_loss":0},{"damage_healed":0,"gold_gain":0,"player_choice":"Ignored","damage_taken":0,"max_hp_gain":0,"max_hp_loss":0,"event_name":"Ghosts","floor":24,"gold_loss":0},{"damage_healed":0,"gold_gain":0,"player_choice":"Copied","damage_taken":0,"max_hp_gain":0,"max_hp_loss":0,"event_name":"Duplicator","floor":25,"gold_loss":0,"cards_obtained":["True Grit"]}],"is_beta":false,"boss_relics":[{"not_picked":["Ectoplasm","Runic Pyramid"],"picked":"Cursed Key"}],"items_purged_floors":[28],"is_endless":false,"potions_floor_spawned":[1,2,8,10,16,18,20],"killed_by":"Gremlin Leader","ascension_level":1}}