{"host":"g907ck67u7c3hrs6","time":1611468753,"event":{"mods":["BaseMod","Colored Map","DeckTracker","Highlight Path","Keyboard Shortcuts","Minty Spire (QoL Compilation)","Permanent Neow","Say the Spire","SuperFastMode"],"gold_per_floor":[114,289,239,254,32,32,62,62,137,137,167,182,212,227,227,327,327,342,357,372,372,387,387,417,432,432,462,204,204,204,219,219,319,319,334,349,364,364,379,409,409,139,139,169,215,230,260,275,275,275],"floor_reached":51,"language":"KOR","playtime":1670,"items_purged":["PiercingWail","Writhe"],"score":947,"play_id":"0c20a6c6-7dbc-4c13-9c36-910e68bd5a58","local_time":"20210124151233","daily_mods":["Draft","Colorless Cards","Terminal"],"is_ascension_mode":false,"campfire_choices":[{"data":"Mind Blast","floor":6,"key":"SMITH"},{"data":"Mind Blast","floor":8,"key":"SMITH"},{"data":"Dagger Spray","floor":10,"key":"SMITH"},{"data":"Accuracy","floor":15,"key":"SMITH"},{"data":"Cloak And Dagger","floor":23,"key":"SMITH"},{"data":"Storm of Steel","floor":29,"key":"SMITH"},{"data":"Bullet Time","floor":32,"key":"SMITH"},{"data":"Apotheosis","floor":41,"key":"SMITH"},{"data":"Adrenaline","floor":49,"key":"SMITH"}],"circlet_count":0,"master_deck":["Acrobatics","Cloak And Dagger","Impatience","Finesse","Acrobatics","Dagger Spray+1","Cloak And Dagger","Mind Blast+1","Backflip","Cloak And Dagger+1","Acrobatics","Mind Blast+1","Cloak And Dagger","Dark Shackles","Bandage Up","Accuracy+1","Bandage Up","Dark Shackles","Panacea","Deep Breath","Secret Technique","Secret Technique","Escape Plan+1","Quick Slash+1","Deadly Poison+1","Sucker Punch+1","Bullet Time+1","PiercingWail","Storm of Steel+1","Footwork","Finesse","Catalyst+1","Adrenaline+1","Dramatic Entrance+1","Deep Breath+1","Apotheosis+1","Deflect+1","Blade Dance","Accuracy","Tactician+1","Expertise","Master of Strategy"],"relics":["Ring of the Snake","Membership Card","Bottled Flame","Mercury Hourglass","Oddly Smooth Stone","Bag of Marbles","Philosopher\u0027s Stone","Boot","Darkstone Periapt","Blue Candle","Nunchaku","Pear","WristBlade","Bag of Preparation","Vajra","TwistedFunnel","Happy Flower","Pantograph","Whetstone","Torii","Anchor"],"acts_visited":["Exordium","TheCity","TheBeyond"],"potions_floor_usage":[50,50],"damage_taken":[{"damage":0.0,"enemies":"Small Slimes","floor":1.0,"turns":4.0},{"damage":0.0,"enemies":"2 Louse","floor":4.0,"turns":3.0},{"damage":12,"enemies":"Lagavulin","floor":7,"turns":10},{"damage":4,"enemies":"3 Sentries","floor":11,"turns":4},{"damage":0,"enemies":"Jaw Worm","floor":12,"turns":2},{"damage":18,"enemies":"Gremlin Nob","floor":13,"turns":5},{"damage":0,"enemies":"Lots of Slimes","floor":14,"turns":1},{"damage":16,"enemies":"The Guardian","floor":16,"turns":10},{"damage":0,"enemies":"3 Byrds","floor":18,"turns":3},{"damage":0,"enemies":"Spheric Guardian","floor":19,"turns":3},{"damage":0,"enemies":"Centurion and Healer","floor":20,"turns":3},{"damage":0,"enemies":"Snake Plant","floor":22,"turns":2},{"damage":2,"enemies":"Book of Stabbing","floor":24,"turns":4},{"damage":0,"enemies":"3 Cultists","floor":25,"turns":2},{"damage":1,"enemies":"Gremlin Leader","floor":27,"turns":5},{"damage":0,"enemies":"Snecko","floor":31,"turns":2},{"damage":45,"enemies":"Collector","floor":33,"turns":7},{"damage":0,"enemies":"3 Shapes","floor":35,"turns":2},{"damage":0,"enemies":"3 Darklings","floor":36,"turns":1},{"damage":0,"enemies":"Writhing Mass","floor":37,"turns":2},{"damage":0,"enemies":"4 Shapes","floor":39,"turns":4},{"damage":24,"enemies":"Reptomancer","floor":40,"turns":3},{"damage":0,"enemies":"Giant Head","floor":44,"turns":4},{"damage":0,"enemies":"2 Orb Walkers","floor":45,"turns":1},{"damage":0,"enemies":"Transient","floor":46,"turns":5},{"damage":0,"enemies":"Nemesis","floor":47,"turns":1},{"damage":0,"enemies":"Writhing Mass","floor":48,"turns":1},{"damage":11,"enemies":"Awakened One","floor":50,"turns":5}],"seed_played":"-992185634128019100","potions_obtained":[{"floor":4.0,"key":"GamblersBrew"},{"floor":7,"key":"LiquidMemories"},{"floor":16,"key":"Swift Potion"},{"floor":33,"key":"AttackPotion"},{"floor":44,"key":"CunningPotion"}],"is_trial":false,"path_per_floor":["M","?","?","M","$","R","E","R","T","R","E","M","E","M","R","B",null,"M","M","M","?","M","R","E","M","T","E","$","R","?","M","R","B",null,"M","M","M","?","M","E","R","$","T","E","?","M","E","M","R","B",null],"character_chosen":"THE_SILENT","items_purchased":["Membership Card","Accuracy","Pear","Footwork","Finesse","Accuracy","Vajra","TwistedFunnel","Happy Flower","Strength Potion"],"campfire_rested":0,"item_purchase_floors":[5,5,28,28,28,42,42,42,42,42],"current_hp_per_floor":[68,67,66,65,64,63,52,52,52,52,56,57,43,43,43,35,52,51,50,49,48,47,46,45,44,43,42,51,50,49,48,47,10,45,44,43,42,41,40,16,16,16,16,22,22,32,32,31,30,25],"gold":275,"neow_bonus":"","is_daily":true,"chose_seed":false,"campfire_upgraded":9,"win_rate":0.0,"timestamp":1611468753,"path_taken":["M","?","?","M","?","R","E","R","T","R","E","M","E","?","R","BOSS","M","?","M","?","M","R","E","M","T","E","$","R","?","M","R","BOSS","M","M","?","?","M","E","R","$","T","E","?","M","E","M","R","BOSS"],"items_purchased_type":["Relic","Card","Relic","Card","Card","Card","Relic","Relic","Relic","Potion"],"build_version":"2020-12-22","purchased_purges":2,"victory":true,"max_hp_per_floor":[68,67,66,65,64,63,62,61,60,59,58,57,56,55,54,53,52,51,50,49,48,47,46,45,44,43,42,51,50,49,48,47,46,45,44,43,42,41,40,39,38,37,36,35,34,33,32,31,30,29],"card_choices":[{"not_picked":["Backflip","Slice"],"picked":"Acrobatics","floor":0.0},{"not_picked":["Quick Slash","Prepared"],"picked":"Cloak And Dagger","floor":0.0},{"not_picked":["Enlightenment","Underhanded Strike"],"picked":"PanicButton","floor":0.0},{"not_picked":["Flying Knee","Trip"],"picked":"Impatience","floor":0.0},{"not_picked":["Endless Agony","Catalyst"],"picked":"Finesse","floor":0.0},{"not_picked":["Finisher","PiercingWail"],"picked":"Acrobatics","floor":0.0},{"not_picked":["PiercingWail","Bane"],"picked":"Dagger Spray","floor":0.0},{"not_picked":["Prepared","Deadly Poison"],"picked":"PiercingWail","floor":0.0},{"not_picked":["Quick Slash","Expertise"],"picked":"Cloak And Dagger","floor":0.0},{"not_picked":["Cloak And Dagger","Quick Slash"],"picked":"Mind Blast","floor":0.0},{"not_picked":["Deadly Poison","Poisoned Stab"],"picked":"Backflip","floor":0.0},{"not_picked":["Dodge and Roll","Flying Knee"],"picked":"Cloak And Dagger","floor":0.0},{"not_picked":["Dodge and Roll","Underhanded Strike"],"picked":"Acrobatics","floor":0.0},{"not_picked":["Predator","Escape Plan"],"picked":"Mind Blast","floor":0.0},{"not_picked":["Caltrops","Flying Knee"],"picked":"Cloak And Dagger","floor":0.0},{"not_picked":["Bane","Poisoned Stab"],"picked":"Dark Shackles","floor":1.0},{"not_picked":["Sucker Punch","Outmaneuver"],"picked":"Bandage Up","floor":4.0},{"not_picked":["Crippling Poison","Sucker Punch"],"picked":"Bandage Up","floor":7},{"not_picked":["Acrobatics","Deadly Poison"],"picked":"Dark Shackles","floor":11},{"not_picked":["Prepared","Madness"],"picked":"Panacea","floor":12},{"not_picked":["Catalyst","Outmaneuver"],"picked":"Deep Breath","floor":13},{"not_picked":["Poisoned Stab","Crippling Poison"],"picked":"Secret Technique","floor":14},{"not_picked":["Grand Finale","Unload"],"picked":"Secret Technique","floor":16},{"not_picked":["Bouncing Flask","Deflect"],"picked":"Escape Plan+1","floor":18},{"not_picked":["Sucker Punch","Distraction"],"picked":"Quick Slash+1","floor":19},{"not_picked":["Deflect","Skewer"],"picked":"Deadly Poison+1","floor":20},{"not_picked":["Poisoned Stab+1","Dagger Spray"],"picked":"Sucker Punch+1","floor":22},{"not_picked":["Eviscerate+1","Expertise"],"picked":"Bullet Time","floor":24},{"not_picked":["Setup","Slice"],"picked":"PiercingWail","floor":25},{"not_picked":["Crippling Poison","Blind"],"picked":"Storm of Steel","floor":27},{"not_picked":["Prepared+1","Cloak And Dagger"],"picked":"Catalyst+1","floor":31},{"not_picked":["The Bomb","Sadistic Nature"],"picked":"Adrenaline","floor":33},{"not_picked":["Caltrops","Underhanded Strike"],"picked":"Dramatic Entrance","floor":35},{"not_picked":["Poisoned Stab","Caltrops"],"picked":"Deep Breath+1","floor":36},{"not_picked":["Poisoned Stab","Dagger Throw","Heel Hook"],"picked":"SKIP","floor":37},{"not_picked":["Mind Blast","Panache"],"picked":"Apotheosis","floor":38},{"not_picked":["Underhanded Strike","Flying Knee"],"picked":"Deflect+1","floor":39},{"not_picked":["All Out Attack+1","Calculated Gamble"],"picked":"Blade Dance","floor":40},{"not_picked":["Deadly Poison+1","Doppelganger"],"picked":"Tactician+1","floor":44},{"not_picked":["Slice+1","Underhanded Strike"],"picked":"Expertise","floor":46},{"not_picked":["Dagger Spray+1","Swift Strike+1"],"picked":"Master of Strategy","floor":47},{"not_picked":["Mind Blast","Madness","Underhanded Strike+1"],"picked":"SKIP","floor":48}],"player_experience":227012,"relics_obtained":[{"floor":7,"key":"Bottled Flame"},{"floor":9,"key":"Mercury Hourglass"},{"floor":11,"key":"Oddly Smooth Stone"},{"floor":13,"key":"Bag of Marbles"},{"floor":24,"key":"Darkstone Periapt"},{"floor":26,"key":"Blue Candle"},{"floor":27,"key":"Nunchaku"},{"floor":40,"key":"Bag of Preparation"},{"floor":43,"key":"Pantograph"},{"floor":44,"key":"Whetstone"},{"floor":45,"key":"Torii"},{"floor":47,"key":"Anchor"}],"event_choices":[{"damage_healed":0.0,"max_hp_gain":0.0,"max_hp_loss":0.0,"gold_gain":175.0,"event_name":"Liars Game","player_choice":"AGREE","floor":2.0,"gold_loss":0.0,"damage_taken":0.0,"cards_obtained":["Doubt"]},{"cards_removed":["Doubt"],"damage_healed":0.0,"max_hp_gain":0.0,"max_hp_loss":0.0,"gold_gain":0.0,"event_name":"The Cleric","player_choice":"Card Removal","floor":3.0,"gold_loss":50.0,"damage_taken":0.0},{"damage_healed":0,"gold_gain":0,"player_choice":"Opened","damage_taken":0,"relics_obtained":["Boot"],"max_hp_gain":0,"max_hp_loss":0,"event_name":"The Mausoleum","floor":21,"gold_loss":0,"cards_obtained":["Writhe"]},{"cards_removed":["PanicButton"],"damage_healed":0,"gold_gain":0,"player_choice":"Purged","damage_taken":0,"max_hp_gain":0,"max_hp_loss":0,"event_name":"Purifier","floor":30,"gold_loss":0},{"damage_healed":0,"gold_gain":0,"player_choice":"Memory 1","damage_taken":0,"max_hp_gain":0,"max_hp_loss":0,"event_name":"SensoryStone","floor":38,"gold_loss":0},{"damage_healed":0,"gold_gain":0,"player_choice":"Fight","damage_taken":0,"max_hp_gain":0,"max_hp_loss":0,"event_name":"Mysterious Sphere","floor":45,"gold_loss":0}],"is_beta":false,"boss_relics":[{"not_picked":["Ring of the Serpent","Tiny House"],"picked":"Philosopher\u0027s Stone"},{"not_picked":["Cursed Key","Busted Crown"],"picked":"WristBlade"}],"items_purged_floors":[5,28],"is_endless":false,"potions_floor_spawned":[4,7,16,18,20,27,33,39,44,45,48],"ascension_level":0}}