{"host":"hlz9nytggqnehs39","time":1611514999,"event":{"mods":["BaseMod","Highlight Path","Minty Spire (QoL Compilation)","Relic Sorter","Relic Stats"],"gold_per_floor":[216,227,239,225,63,63,73,100,151,151,184,203,235,253,253,332,332,342,48,48,318,336,365,365,394,457,130,146,97,111,136,136,136,136],"floor_reached":33,"language":"ENG","playtime":2552,"items_purged":["Strike_G","Strike_G"],"score":507,"play_id":"57f1a7df-306b-436b-90b6-0f8f62e56615","local_time":"20210124200319","is_ascension_mode":true,"campfire_choices":[{"floor":10,"key":"REST"},{"data":"Apotheosis","floor":15,"key":"SMITH"},{"data":"Malaise","floor":24,"key":"SMITH"},{"data":"Envenom","floor":32,"key":"SMITH"}],"circlet_count":0,"master_deck":["AscendersBane","Strike_G","Strike_G","Strike_G","Defend_G","Defend_G","Defend_G","Defend_G","Defend_G","Survivor","Neutralize","Blade Dance","PiercingWail","Blade Dance","Masterful Stab","Apotheosis+1","Crippling Poison","Dodge and Roll","Finisher","Malaise+1","Backflip","Wraith Form v2","Terror+1","Endless Agony","Clumsy","Envenom+1","Backflip","Backflip","Deadly Poison","Doubt"],"relics":["Ring of the Snake","Blood Vial","Happy Flower","Meat on the Bone","Dream Catcher","Cursed Key","Frozen Eye","Singing Bowl","MawBank","Snake Skull"],"acts_visited":["Exordium","TheCity"],"potions_floor_usage":[8,12,13,25,25,28,33,33],"damage_taken":[{"damage":1,"enemies":"2 Louse","floor":1,"turns":3},{"damage":5,"enemies":"Cultist","floor":2,"turns":4},{"damage":2,"enemies":"Jaw Worm","floor":3,"turns":4},{"damage":6,"enemies":"Exordium Thugs","floor":4,"turns":4},{"damage":2,"enemies":"Red Slaver","floor":7,"turns":3},{"damage":9,"enemies":"Gremlin Nob","floor":8,"turns":3},{"damage":24,"enemies":"3 Sentries","floor":11,"turns":14},{"damage":6,"enemies":"Gremlin Gang","floor":12,"turns":2},{"damage":15,"enemies":"Lagavulin","floor":13,"turns":6},{"damage":14,"enemies":"Exordium Thugs","floor":14,"turns":4},{"damage":1,"enemies":"The Guardian","floor":16,"turns":16},{"damage":8,"enemies":"Shell Parasite","floor":18,"turns":8},{"damage":0,"enemies":"Chosen","floor":22,"turns":3},{"damage":13,"enemies":"Book of Stabbing","floor":23,"turns":7},{"damage":22,"enemies":"Slavers","floor":25,"turns":8},{"damage":1,"enemies":"Centurion and Healer","floor":28,"turns":4},{"damage":0,"enemies":"3 Cultists","floor":30,"turns":5},{"damage":49,"enemies":"Collector","floor":33,"turns":7}],"seed_played":"-5852767804613991773","potions_obtained":[{"floor":2,"key":"GamblersBrew"},{"floor":4,"key":"Strength Potion"},{"floor":11,"key":"Poison Potion"},{"floor":16,"key":"Poison Potion"},{"floor":18,"key":"Fire Potion"},{"floor":25,"key":"Poison Potion"},{"floor":30,"key":"LiquidMemories"}],"is_trial":false,"path_per_floor":["M","M","M","M","$","?","M","E","T","R","E","M","E","M","R","B",null,"M","$","?","?","M","E","R","E","T","$","M","$","M","T","R","B"],"character_chosen":"THE_SILENT","items_purchased":["Apotheosis","Wraith Form v2","Frozen Eye","Envenom","Backflip","Weak Potion","Deadly Poison"],"campfire_rested":1,"item_purchase_floors":[5,19,19,27,27,27,29],"current_hp_per_floor":[62,57,55,49,49,49,47,38,38,59,35,41,38,36,36,47,64,56,56,56,29,41,40,40,32,32,32,43,43,45,45,45,0,0],"gold":136,"neow_bonus":"HUNDRED_GOLD","is_daily":false,"chose_seed":false,"campfire_upgraded":3,"win_rate":0.0,"timestamp":1611514999,"path_taken":["M","M","M","M","$","?","M","E","T","R","E","?","E","M","R","BOSS","M","$","?","?","?","E","R","E","T","?","?","$","M","?","R","BOSS"],"items_purchased_type":["Card","Card","Relic","Card","Card","Potion","Card"],"build_version":"2020-12-22","purchased_purges":2,"victory":false,"max_hp_per_floor":[70,70,70,70,70,70,70,70,70,70,70,70,70,70,70,70,70,70,70,70,70,70,70,70,72,72,72,72,72,74,74,74,74,74],"relic_stats":{"Blood Vial":2,"Dream Catcher":0,"Happy Flower":[28],"Singing Bowl":4,"counters":[18,105],"Snake Skull":[56],"Cursed Key":2,"MawBank":24,"obtain_stats":[{"Blood Vial":31,"Frozen Eye":19,"Dream Catcher":13,"Happy Flower":9,"Singing Bowl":23,"Snake Skull":26,"Cursed Key":17,"MawBank":25,"Ring of the Snake":0,"Meat on the Bone":11},{"Blood Vial":17,"Frozen Eye":12,"Dream Catcher":9,"Happy Flower":6,"Singing Bowl":14,"Snake Skull":15,"Cursed Key":11,"MawBank":15,"Ring of the Snake":0,"Meat on the Bone":7},{"Blood Vial":98,"Frozen Eye":71,"Dream Catcher":43,"Happy Flower":21,"Singing Bowl":81,"Snake Skull":89,"Cursed Key":63,"MawBank":89,"Ring of the Snake":0,"Meat on the Bone":35}],"Ring of the Snake":[36],"Meat on the Bone":96},"card_choices":[{"not_picked":["Backflip","Catalyst"],"picked":"Blade Dance","floor":1},{"not_picked":["All Out Attack","Dagger Throw"],"picked":"PiercingWail","floor":2},{"not_picked":["All Out Attack","Dodge and Roll"],"picked":"Blade Dance","floor":3},{"not_picked":["Outmaneuver","Prepared"],"picked":"Masterful Stab","floor":4},{"not_picked":["Bane","Deadly Poison"],"picked":"Crippling Poison","floor":7},{"not_picked":["Prepared","Tactician"],"picked":"Dodge and Roll","floor":8},{"not_picked":["Prepared","Storm of Steel","All Out Attack"],"picked":"SKIP","floor":11},{"not_picked":["Acrobatics","Dodge and Roll"],"picked":"Finisher","floor":12},{"not_picked":["Expertise","Prepared","Choke"],"picked":"SKIP","floor":13},{"not_picked":["Quick Slash","PiercingWail","Predator"],"picked":"SKIP","floor":14},{"not_picked":["Phantasmal Killer","A Thousand Cuts"],"picked":"Malaise","floor":16},{"not_picked":["Dodge and Roll","Acrobatics"],"picked":"Backflip","floor":18},{"not_picked":["Heel Hook","Bane"],"picked":"Terror+1","floor":22},{"not_picked":["Distraction","Poisoned Stab"],"picked":"Endless Agony","floor":23},{"not_picked":["Poisoned Stab+1","Prepared","Reflex"],"picked":"Singing Bowl","floor":25},{"not_picked":["All Out Attack","Quick Slash"],"picked":"Backflip","floor":28},{"not_picked":["Deadly Poison","Expertise","Prepared"],"picked":"Singing Bowl","floor":30}],"player_experience":383728,"relics_obtained":[{"floor":9,"key":"Happy Flower"},{"floor":11,"key":"Meat on the Bone"},{"floor":13,"key":"Dream Catcher"},{"floor":23,"key":"Singing Bowl"},{"floor":25,"key":"MawBank"},{"floor":26,"key":"Snake Skull"},{"floor":31,"key":"Blood Vial"}],"event_choices":[{"damage_healed":0,"gold_gain":0,"player_choice":"Bought 0 Potions","damage_taken":0,"max_hp_gain":0,"max_hp_loss":0,"event_name":"The Woman in Blue","floor":6,"gold_loss":0},{"damage_healed":0,"gold_gain":270,"player_choice":"GOLD GOLD GOLD ","damage_taken":27,"max_hp_gain":0,"max_hp_loss":0,"event_name":"Knowing Skull","floor":21,"potions_obtained":[],"gold_loss":0,"cards_obtained":[]}],"is_beta":false,"boss_relics":[{"not_picked":["Busted Crown","SlaversCollar"],"picked":"Cursed Key"}],"items_purged_floors":[19,27],"is_endless":false,"potions_floor_spawned":[2,4,7,11,16,18,25,30],"killed_by":"Collector","ascension_level":13}}