{"host":"359hz4210ybch7ku","time":1611517105,"event":{"mods":["BaseMod","Block Reminder","Colored Map","Colored Powertips","Highlight Path","Minty Spire (QoL Compilation)","Slay the Relics Exporter","StSLib"],"gold_per_floor":[112,112,130,130,130,130,171,19,19,34,34,52,52,122,122,122,122],"floor_reached":16,"language":"ENG","playtime":647,"items_purged":["Regret"],"score":118,"play_id":"0a8be4ab-290c-428d-9cbb-012c4f89a083","local_time":"20210124113825","is_ascension_mode":true,"campfire_choices":[{"data":"Sever Soul","floor":6,"key":"SMITH"},{"data":"Entrench","floor":11,"key":"SMITH"},{"data":"Pommel Strike","floor":15,"key":"SMITH"}],"circlet_count":0,"master_deck":["Strike_R","Strike_R","Strike_R","Strike_R","Strike_R","Defend_R","Defend_R","Defend_R","Defend_R","Bash","Sever Soul+1","Entrench+1","Evolve","Sentinel","Pommel Strike+1"],"relics":["Burning Blood","Unceasing Top","Golden Idol","Champion Belt","Calipers","Happy Flower","Letter Opener"],"acts_visited":["Exordium"],"potions_floor_usage":[7,10,14,16],"damage_taken":[{"damage":16,"enemies":"Jaw Worm","floor":1,"turns":5},{"damage":7,"enemies":"Cultist","floor":3,"turns":4},{"damage":64,"enemies":"Lagavulin","floor":7,"turns":7},{"damage":3,"enemies":"Small Slimes","floor":10,"turns":3},{"damage":18,"enemies":"Gremlin Gang","floor":12,"turns":6},{"damage":15,"enemies":"3 Sentries","floor":14,"turns":9},{"damage":20,"enemies":"Slime Boss","floor":16,"turns":5}],"seed_played":"127137278994261936","potions_obtained":[{"floor":2,"key":"Regen Potion"},{"floor":2,"key":"Regen Potion"},{"floor":2,"key":"Strength Potion"},{"floor":10,"key":"ColorlessPotion"},{"floor":12,"key":"DuplicationPotion"}],"is_trial":false,"path_per_floor":["M","?","M","?","?","R","E","$","T","M","R","M","$","?","R","B"],"character_chosen":"IRONCLAD","items_purchased":["Entrench"],"campfire_rested":0,"item_purchase_floors":[8],"current_hp_per_floor":[70,70,69,69,69,69,25,25,25,33,33,21,21,12,12,0,0],"gold":122,"neow_bonus":"ONE_RARE_RELIC","is_daily":false,"chose_seed":false,"campfire_upgraded":3,"win_rate":0.0,"timestamp":1611517105,"path_taken":["M","?","?","?","?","R","E","$","T","M","R","?","$","?","R","BOSS"],"items_purchased_type":["Card"],"build_version":"2020-12-22","purchased_purges":1,"victory":false,"max_hp_per_floor":[80,80,80,74,74,74,74,74,74,74,74,74,74,74,74,74,74],"card_choices":[{"not_picked":["Perfected Strike","Havoc"],"picked":"Warcry","floor":1},{"not_picked":["Iron Wave","Clothesline"],"picked":"Sever Soul","floor":3},{"not_picked":["Power Through","Cleave","Perfected Strike"],"picked":"SKIP","floor":7},{"not_picked":["Thunderclap","Cleave"],"picked":"Evolve","floor":10},{"not_picked":["Second Wind","Cleave"],"picked":"Sentinel","floor":12},{"not_picked":["Dropkick","Immolate"],"picked":"Pommel Strike","floor":14}],"player_experience":284045,"relics_obtained":[{"floor":7,"key":"Calipers"},{"floor":9,"key":"Happy Flower"}],"event_choices":[{"damage_healed":0,"gold_gain":0,"player_choice":"Got Potions","damage_taken":0,"max_hp_gain":0,"max_hp_loss":0,"event_name":"Lab","floor":2,"gold_loss":0},{"damage_healed":0,"gold_gain":0,"player_choice":"Lose Max HP","damage_taken":0,"relics_obtained":["Golden Idol"],"max_hp_gain":0,"max_hp_loss":6,"event_name":"Golden Idol","floor":4,"gold_loss":0},{"cards_removed":["Warcry"],"damage_healed":0,"gold_gain":0,"player_choice":"Gave Card","damage_taken":0,"relics_obtained":["Champion Belt"],"max_hp_gain":0,"max_hp_loss":0,"event_name":"WeMeetAgain","floor":5,"gold_loss":0},{"damage_healed":0,"gold_gain":0,"player_choice":"Searched \u00272\u0027 times","damage_taken":0,"relics_obtained":["Letter Opener"],"max_hp_gain":0,"max_hp_loss":0,"event_name":"Dead Adventurer","floor":14,"gold_loss":0}],"is_beta":false,"boss_relics":[],"items_purged_floors":[8],"is_endless":false,"potions_floor_spawned":[10,12],"killed_by":"Slime Boss","ascension_level":4}}