{"host":"ppir7fmwqxhicm8z","time":1611481337,"event":{"mods":["Act Like it!","BaseMod","Colored Map","Gensokyo","Minty Spire (QoL Compilation)","Quick Restart","StSLib","The Gatherer"],"gold_per_floor":[113,126,139,214,227,227,227,227,227,237,237,12,22,53,53,154,154,173,188,35,52,52,52,78,90,172,172,172,172,183,210,210,308,308,326,326,64,81,81,111,111,11,11,11,25,59,78,97,97,97],"floor_reached":51,"language":"ZHS","playtime":4195,"items_purged":["Gatherer:Strike_Gatherer","Gatherer:Strike_Gatherer"],"score":922,"play_id":"3b978f1f-978a-4ed0-bec0-a64fa1f5039f","local_time":"20210124174217","is_ascension_mode":false,"metric_token":533,"campfire_choices":[{"data":"Gatherer:FlowerWhip","floor":6,"key":"SMITH"},{"data":"Gatherer:FlowerWhip+1","floor":8,"key":"SMITH"},{"data":"Gatherer:FlowerWhip+2","floor":15,"key":"SMITH"},{"data":"Gatherer:Transmute","floor":23,"key":"SMITH"},{"data":"Gatherer:FlowerBeam","floor":28,"key":"SMITH"},{"data":"Gatherer:FlowerBeam+1","floor":32,"key":"SMITH"},{"data":"Gatherer:FlowerBeam+2","floor":44,"key":"SMITH"},{"data":"Gatherer:Convert","floor":49,"key":"SMITH"}],"circlet_count":0,"master_deck":["Gatherer:Strike_Gatherer","Gatherer:Strike_Gatherer","Gatherer:Defend_Gatherer","Gatherer:Defend_Gatherer","Gatherer:Centralize","Gatherer:FlowerWhip+3","Gatherer:Enchant+1","Gatherer:Solidify","Gatherer:PotentialSlash","Gatherer:FlowerBeam+3","Gatherer:Transmute+1","Gatherer:StoneFence","Gatherer:VenomBarrier+1","Gatherer:CollectorsShot+1","Gatherer:TreeGrowth+1","Gatherer:Duality+1","Gatherer:Convert+1","Gatherer:FlowerWhip+3","Gatherer:BigPouch+1","Gatherer:FlowerFalling+1","Gatherer:Bulldoze+1","Gatherer:GatherMaterial+1","Dramatic Entrance+1","Gatherer:Polymorphism+1"],"relics":["Gatherer:AlchemyBag","WingedGreaves","Eternal Feather","Tiny Chest","FossilizedHelix","Astrolabe","Vajra","HornCleat","Gatherer:FlyingFruit","Singing Bowl","Molten Egg 2","Gatherer:ExplorersPath","Question Card","Oddly Smooth Stone","Bottled Lightning","War Paint","Smiling Mask"],"acts_visited":["Exordium","TheCity","TheBeyond"],"potions_floor_usage":[33,46,50,50,50],"damage_taken":[{"damage":0.0,"enemies":"2 Louse","floor":1.0,"turns":3.0},{"damage":6.0,"enemies":"Jaw Worm","floor":2.0,"turns":2.0},{"damage":0.0,"enemies":"Cultist","floor":3.0,"turns":2.0},{"damage":18,"enemies":"Large Slime","floor":5,"turns":8},{"damage":3,"enemies":"Lots of Slimes","floor":10,"turns":3},{"damage":8,"enemies":"3 Louse","floor":13,"turns":3},{"damage":24,"enemies":"Lagavulin","floor":14,"turns":5},{"damage":0,"enemies":"Slime Boss","floor":16,"turns":8},{"damage":32,"enemies":"3 Byrds","floor":18,"turns":6},{"damage":9,"enemies":"Shell Parasite","floor":19,"turns":5},{"damage":30,"enemies":"Shelled Parasite and Fungi","floor":21,"turns":5},{"damage":27,"enemies":"Gremlin Leader","floor":24,"turns":5},{"damage":0,"enemies":"Snake Plant","floor":25,"turns":3},{"damage":0,"enemies":"Sentry and Sphere","floor":30,"turns":3},{"damage":9,"enemies":"Book of Stabbing","floor":31,"turns":7},{"damage":11,"enemies":"Champ","floor":33,"turns":13},{"damage":5,"enemies":"3 Shapes","floor":35,"turns":3},{"damage":0,"enemies":"3 Darklings","floor":38,"turns":3},{"damage":26,"enemies":"Nemesis","floor":40,"turns":9},{"damage":0,"enemies":"Sphere and 2 Shapes","floor":45,"turns":3},{"damage":0,"enemies":"Reptomancer","floor":46,"turns":3},{"damage":0,"enemies":"Spire Growth","floor":47,"turns":3},{"damage":0,"enemies":"4 Shapes","floor":48,"turns":4},{"damage":36,"enemies":"Awakened One","floor":50,"turns":18}],"seed_played":"6885693804686056118","potions_obtained":[{"floor":2.0,"key":"Fire Potion"},{"floor":3.0,"key":"FairyPotion"},{"floor":5,"key":"Ancient Potion"},{"floor":16,"key":"DuplicationPotion"},{"floor":24,"key":"LiquidBronze"},{"floor":31,"key":"AttackPotion"},{"floor":40,"key":"EssenceOfSteel"},{"floor":45,"key":"BloodPotion"},{"floor":47,"key":"SpeedPotion"}],"is_trial":false,"path_per_floor":["M","M","M","?","M","R","?","R","T","M","?","$","M","E","R","B",null,"M","M","$","M","?","R","E","M","T","T","R","?","M","E","R","B",null,"M","?","$","M","?","E","T","$","T","R","M","E","M","M","R","B",null],"character_chosen":"THE_GATHERER","items_purchased":["Tiny Chest","Vajra","Question Card"],"campfire_rested":0,"item_purchase_floors":[12,20,37],"current_hp_per_floor":[51,45,45,34,16,16,9,9,9,6,82,82,74,50,59,59,82,50,41,41,11,11,20,24,24,24,24,36,36,42,33,45,38,92,89,89,89,89,89,67,67,67,67,79,81,102,104,106,106,74],"gold":97,"neow_bonus":"ONE_RARE_RELIC","is_daily":false,"chose_seed":false,"campfire_upgraded":8,"win_rate":0.0,"timestamp":1611481337,"path_taken":["M","M","M","?","M","R","?","R","T","M","?","$","M","E","R","BOSS","M","?","$","M","?","R","E","?","T","?","R","?","M","E","R","BOSS","M","?","$","M","?","E","?","?","T","R","M","E","?","M","R","BOSS"],"items_purchased_type":["Relic","Relic","Relic"],"build_version":"2020-12-22","purchased_purges":2,"victory":true,"max_hp_per_floor":[72,72,72,72,72,72,72,72,72,72,82,82,82,82,82,82,82,82,82,82,82,82,82,82,82,82,82,82,82,88,88,88,92,92,94,94,94,94,94,98,98,98,98,98,100,102,104,106,106,110],"card_choices":[{"not_picked":["Gatherer:BambuSword","Gatherer:Duality"],"picked":"Gatherer:Enchant","floor":1.0},{"not_picked":["Gatherer:Snatch","Gatherer:SaveValuables"],"picked":"Gatherer:Solidify","floor":2.0},{"not_picked":["Gatherer:ScherryThrow","Gatherer:CarefulStrike","Gatherer:UpgradeBag"],"picked":"SKIP","floor":3.0},{"not_picked":["Gatherer:AcidicSpray","Gatherer:SaveValuables"],"picked":"Gatherer:PotentialSlash","floor":5},{"not_picked":["Gatherer:AlchemyTrial","Gatherer:Duplicator"],"picked":"Gatherer:HeartToFruit","floor":10},{"not_picked":["Gatherer:Liquidism","Gatherer:AromaProtection"],"picked":"Gatherer:FlowerBeam","floor":13},{"not_picked":["Gatherer:FragileHammer","Gatherer:AromaProtection"],"picked":"Gatherer:Transmute","floor":14},{"not_picked":["Gatherer:ColorfulGarden","Gatherer:FinishingStrike"],"picked":"Gatherer:StoneFence","floor":16},{"not_picked":["Gatherer:Uplift","Gatherer:FruitForce+1"],"picked":"Gatherer:Duality+1","floor":18},{"not_picked":["Gatherer:Misfortune","Gatherer:AcidicSpray+1"],"picked":"Gatherer:Convert","floor":19},{"not_picked":["Gatherer:AromaProtection","Gatherer:PotentialSlash+1","Gatherer:Uplift"],"picked":"SKIP","floor":21},{"not_picked":["Gatherer:GrowBook","Gatherer:Enchant"],"picked":"Gatherer:BigPouch","floor":24},{"not_picked":["Gatherer:Snatch","Gatherer:Frenzy+1","Gatherer:WoolGloves"],"picked":"SKIP","floor":25},{"not_picked":["Gatherer:HeartToFruit","Gatherer:TacticalStrike","Gatherer:BambuSword"],"picked":"Singing Bowl","floor":30},{"not_picked":["Gatherer:WoolGloves","Gatherer:SaveValuables"],"picked":"Gatherer:FlowerFalling+1","floor":31},{"not_picked":["Gatherer:HeartToFruit+1","Gatherer:ScrollOfPurity"],"picked":"Gatherer:Bulldoze+1","floor":33},{"not_picked":["Gatherer:GatherMaterial+1","Gatherer:Convert","Gatherer:WoolGloves"],"picked":"Singing Bowl","floor":35},{"not_picked":["Gatherer:FlowerFalling+1","Gatherer:UpgradeBag+1","Gatherer:WoolGloves+1"],"picked":"Gatherer:GatherMaterial+1","floor":38},{"not_picked":["Mayhem","Bandage Up","Panacea"],"picked":"Dramatic Entrance+1","floor":39},{"not_picked":["Gatherer:Solidify","Gatherer:FragileHammer+1","Gatherer:WitheringStrike+1"],"picked":"Gatherer:Polymorphism+1","floor":40},{"not_picked":["Gatherer:Enchant","Gatherer:Convert","Gatherer:Liquidism","Gatherer:CarefulStrike+1"],"picked":"Singing Bowl","floor":45},{"not_picked":["Gatherer:SaveValuables+1","Gatherer:CollectorsShot+1","Gatherer:UpgradeBag+1","Gatherer:Snatch+1"],"picked":"Singing Bowl","floor":46},{"not_picked":["Gatherer:Polymorphism+1","Gatherer:Misfortune+1","Gatherer:CarefulStrike+1","Gatherer:FragileHammer+1"],"picked":"Singing Bowl","floor":47},{"not_picked":["Gatherer:RottenStipe+1","Gatherer:AcidicSpray+1","Gatherer:FlowerShield","Gatherer:CollectorsShot+1"],"picked":"Singing Bowl","floor":48}],"player_experience":403807,"relics_obtained":[{"floor":9,"key":"Eternal Feather"},{"floor":14,"key":"FossilizedHelix"},{"floor":24,"key":"HornCleat"},{"floor":26,"key":"Gatherer:FlyingFruit"},{"floor":27,"key":"Singing Bowl"},{"floor":31,"key":"Molten Egg 2"},{"floor":40,"key":"Oddly Smooth Stone"},{"floor":41,"key":"Bottled Lightning"},{"floor":43,"key":"War Paint"},{"floor":46,"key":"Smiling Mask"}],"event_choices":[{"damage_healed":0.0,"max_hp_gain":0.0,"max_hp_loss":0.0,"gold_gain":75.0,"event_name":"World of Goop","player_choice":"Gather Gold","floor":4.0,"gold_loss":0.0,"damage_taken":11.0},{"cards_removed":["Gatherer:Defend_Gatherer"],"damage_healed":0,"gold_gain":0,"player_choice":"Card Removal","damage_taken":7,"max_hp_gain":0,"max_hp_loss":0,"event_name":"Golden Wing","floor":7,"gold_loss":0},{"cards_removed":["Gatherer:HeartToFruit"],"damage_healed":66,"gold_gain":0,"player_choice":"Offered Rare","damage_taken":0,"max_hp_gain":10,"max_hp_loss":0,"event_name":"Bonfire Elementals","floor":11,"gold_loss":0},{"damage_healed":0,"gold_gain":0,"player_choice":"Copied","damage_taken":0,"max_hp_gain":0,"max_hp_loss":0,"event_name":"Duplicator","floor":22,"gold_loss":0,"cards_obtained":["Gatherer:FlowerWhip"]},{"damage_healed":0,"gold_gain":0,"player_choice":"Ignored","damage_taken":0,"max_hp_gain":0,"max_hp_loss":0,"event_name":"Vampires","floor":29,"gold_loss":0},{"damage_healed":0,"gold_gain":0,"player_choice":"Ignored","damage_taken":0,"max_hp_gain":0,"max_hp_loss":0,"event_name":"Tomb of Lord Red Mask","floor":36,"gold_loss":0},{"damage_healed":0,"gold_gain":0,"player_choice":"Memory 1","damage_taken":0,"max_hp_gain":0,"max_hp_loss":0,"event_name":"SensoryStone","floor":39,"gold_loss":0}],"is_beta":false,"boss_relics":[{"not_picked":["Sozu","Runic Pyramid"],"picked":"Astrolabe"},{"not_picked":["Cursed Key","Velvet Choker"],"picked":"Gatherer:ExplorersPath"}],"items_purged_floors":[12,42],"is_endless":false,"potions_floor_spawned":[2,3,5,16,24,30,31,40,45,47],"ascension_level":0}}