{"host":"c95txy58ipbu969e","time":1611481805,"event":{"mods":["Act Like it!","BaseMod","Downfall","Minty Spire (QoL Compilation)","Quick Restart","StSLib"],"gold_per_floor":[99,112,126,142,142,142,142,142,154,189,22,7,34,34,46,150,150,150,170,186,200,200,235,235,266,283,283,301,314,224,258,269,364,364,164,182,202,447,460,460,515,415,415,428,455,475,494,234,250,250,250,280,34,34,34,34,34,34,34],"floor_reached":57,"language":"ENG","playtime":3873,"items_purged":["bronze:Strike","bronze:Strike","bronze:Strike"],"score":1133,"play_id":"54a4a892-0f9a-47d8-9d91-18362f9385c0","local_time":"20210124175005","is_ascension_mode":true,"campfire_choices":[{"data":"bronze:Goto","floor":1.0,"key":"SMITH"},{"data":"bronze:Replicate","floor":8.0,"key":"SMITH"},{"data":"bronze:AlphaBuild","floor":18.0,"key":"SMITH"},{"data":"bronze:Library","floor":35.0,"key":"SMITH"},{"floor":40.0,"key":"RECALL"},{"data":"bronze:Repulsor","floor":42.0,"key":"SMITH"},{"data":"bronze:Library","floor":54.0,"key":"SMITH"}],"circlet_count":0,"master_deck":["bronze:Defend","bronze:Defend","bronze:Defend","bronze:Defend","bronze:Replicate+1","bronze:Goto+1","bronze:WhirlingStrike","bronze:ChosenStrike","bronze:Deprecate","bronze:Format+1","bronze:AlphaBuild+1","bronze:FollowUp+1","bronze:Repulsor+1","bronze:ChosenStrike","bronze:Library+1","bronze:Repair","bronze:HardenedForm","CurseOfTheBell","bronze:Invalidate","bronze:Library+1"],"relics":["Coffee Dripper","downfall:BrokenWingStatue","Kunai","Incense Burner","InkBottle","sneckomod:SneckoTalon","Mercury Hourglass","Vajra","Gambling Chip","Calling Bell","Centennial Puzzle","StrikeDummy","Mango","downfall:HeartBlessingGreen","downfall:HeartBlessingBlue","Ancient Tea Set","downfall:HeartBlessingRed","Bird Faced Urn","Mummified Hand","hexamod:CandleOfCauterizing"],"acts_visited":["Exordium","TheCity","TheBeyond","TheEnding"],"potions_floor_usage":[56],"damage_taken":[{"damage":0.0,"enemies":"2 Louse","floor":2.0,"turns":4.0},{"damage":6.0,"enemies":"Jaw Worm","floor":3.0,"turns":2.0},{"damage":1.0,"enemies":"Cultist","floor":4.0,"turns":3.0},{"damage":11.0,"enemies":"Large Slime","floor":9.0,"turns":4.0},{"damage":18.0,"enemies":"3 Sentries","floor":10.0,"turns":7.0},{"damage":0.0,"enemies":"downfall:FleeingMerchant","floor":11.0,"turns":4.0},{"damage":0.0,"enemies":"downfall:FleeingMerchant","floor":12.0,"turns":4.0},{"damage":8.0,"enemies":"Lagavulin","floor":13.0,"turns":4.0},{"damage":8.0,"enemies":"Lots of Slimes","floor":15.0,"turns":2.0},{"damage":0.0,"enemies":"WA_ARCHETYPE_RETAIN","floor":16.0,"turns":7.0},{"damage":0.0,"enemies":"Spheric Guardian","floor":19.0,"turns":3.0},{"damage":6.0,"enemies":"Shell Parasite","floor":20.0,"turns":4.0},{"damage":5.0,"enemies":"Centurion and Healer","floor":21.0,"turns":6.0},{"damage":0.0,"enemies":"Book of Stabbing","floor":23.0,"turns":5.0},{"damage":11.0,"enemies":"Slavers","floor":25.0,"turns":5.0},{"damage":0.0,"enemies":"Snecko","floor":26.0,"turns":3.0},{"damage":11.0,"enemies":"Snake Plant","floor":28.0,"turns":3.0},{"damage":9.0,"enemies":"Shelled Parasite and Fungi","floor":29.0,"turns":3.0},{"damage":0.0,"enemies":"downfall:FleeingMerchant","floor":30.0,"turns":4.0},{"damage":13.0,"enemies":"Book of Stabbing","floor":31.0,"turns":3.0},{"damage":0.0,"enemies":"Sentry and Sphere","floor":32.0,"turns":2.0},{"damage":22.0,"enemies":"IC_MUSHROOM_ARCHETYPE","floor":33.0,"turns":7.0},{"damage":5.0,"enemies":"3 Shapes","floor":36.0,"turns":3.0},{"damage":11.0,"enemies":"3 Darklings","floor":37.0,"turns":5.0},{"damage":0.0,"enemies":"downfall:FleeingMerchant","floor":38.0,"turns":1.0},{"damage":0.0,"enemies":"Transient","floor":39.0,"turns":5.0},{"damage":0.0,"enemies":"Writhing Mass","floor":44.0,"turns":3.0},{"damage":3.0,"enemies":"Reptomancer","floor":45.0,"turns":4.0},{"damage":10.0,"enemies":"Jaw Worm Horde","floor":46.0,"turns":3.0},{"damage":0.0,"enemies":"Maw","floor":47.0,"turns":5.0},{"damage":0.0,"enemies":"4 Shapes","floor":49.0,"turns":4.0},{"damage":6.0,"enemies":"SI_POISON_ARCHETYPE","floor":50.0,"turns":6.0},{"damage":56.0,"enemies":"downfall:CharBossMerchant","floor":52.0,"turns":8.0},{"damage":0.0,"enemies":"downfall:NeowBoss","floor":55.0,"turns":10.0},{"damage":38,"enemies":"downfall:NeowBossFinal","floor":56,"turns":8},{"damage":0,"enemies":"downfall:NeowBossFinal","floor":57,"turns":1}],"seed_played":"-4918216782729294599","potions_obtained":[{"floor":2.0,"key":"Swift Potion"},{"floor":13.0,"key":"Fire Potion"},{"floor":15.0,"key":"Swift Potion"},{"floor":23.0,"key":"bronze:FreeFunctionsPotion"},{"floor":28.0,"key":"Explosive Potion"},{"floor":39.0,"key":"Fire Potion"},{"floor":47.0,"key":"Block Potion"}],"is_trial":false,"path_per_floor":["R","M","M","M","?","?","T","R","M","E","$","$","E","?","M","B",null,"R","M","M","M","?","E","T","E","M","?","M","M","$","E","M","B",null,"R","M","M","$","M","R","T","R","?","M","E","M","M","$","M","B",null,"E","$","R","B","B","B"],"character_chosen":"THE_AUTOMATON","items_purchased":["bronze:Format","bronze:Library","hexamod:CandleOfCauterizing"],"campfire_rested":0,"item_purchase_floors":[11,48,53],"current_hp_per_floor":[70,70,64,63,63,63,63,63,52,34,34,34,26,26,18,18,70,70,70,64,59,80,80,80,69,69,69,58,49,56,50,50,35,94,104,104,93,93,100,100,100,100,100,104,104,94,104,104,104,104,104,61,61,61,78,57,57,57,57],"gold":34,"neow_bonus":"BOSS_RELIC","is_daily":false,"chose_seed":false,"campfire_upgraded":6,"win_rate":0.0,"timestamp":1611481805,"path_taken":["R","M","M","M","?","?","T","R","M","E","?","$","E","?","M","BOSS","R","M","M","?","?","E","T","E","?","?","M","M","$","E","M","BOSS","R","M","M","$","?","R","T","R","?","M","E","M","M","$","M","BOSS","E","$","R","BOSS","BOSS","BOSS"],"items_purchased_type":["Card","Card","Relic"],"build_version":"2020-12-22","purchased_purges":3,"victory":false,"max_hp_per_floor":[70,70,70,70,70,70,70,70,70,70,70,70,70,70,70,70,70,70,70,70,70,80,80,80,80,80,80,80,80,80,80,80,80,94,104,104,104,104,104,104,104,104,104,104,104,104,104,104,104,104,104,104,104,104,104,104,104,104,104],"card_choices":[{"not_picked":["bronze:ItsAFeature","bronze:WildBeam"],"picked":"bronze:WhirlingStrike","floor":2.0},{"not_picked":["bronze:DelayedGuard","bronze:DelayedSlice","bronze:Fortify"],"picked":"SKIP","floor":3.0},{"not_picked":["bronze:BuggyMess","bronze:Overheat","bronze:Shield"],"picked":"SKIP","floor":4.0},{"not_picked":["bronze:WildBeam","bronze:Shield"],"picked":"bronze:ChosenStrike","floor":9.0},{"not_picked":["bronze:DelayedGuard","bronze:BugBarrage"],"picked":"bronze:Deprecate","floor":10.0},{"not_picked":["bronze:Shield","bronze:Overload","bronze:Deprecate"],"picked":"SKIP","floor":11.0},{"not_picked":["bronze:Format","bronze:WildBeam","bronze:ClassDefault"],"picked":"SKIP","floor":12.0},{"not_picked":["bronze:FineTuning","bronze:Overload","bronze:MaxOutput"],"picked":"SKIP","floor":13.0},{"not_picked":["bronze:Repulsor","bronze:WhirlingStrike","bronze:CutThrough"],"picked":"SKIP","floor":15.0},{"not_picked":["bronze:Format","bronze:Virus"],"picked":"bronze:AlphaBuild","floor":16.0},{"not_picked":["bronze:DelayedSlice","bronze:Frontload","bronze:MaxOutput"],"picked":"SKIP","floor":19.0},{"not_picked":["bronze:Shield","bronze:WildBeam"],"picked":"bronze:FollowUp+1","floor":20.0},{"not_picked":["bronze:Repulsor","bronze:Deprecate"],"picked":"bronze:Virus","floor":21.0},{"not_picked":["bronze:Separator","bronze:Frontload+1","bronze:Turbo"],"picked":"SKIP","floor":23.0},{"not_picked":["bronze:BugBarrage","bronze:Iterate+1","bronze:CloningBeam+1"],"picked":"SKIP","floor":25.0},{"not_picked":["bronze:FineTuning","bronze:OilSpill"],"picked":"bronze:Repulsor","floor":26.0},{"not_picked":["bronze:Shell","bronze:Frontload"],"picked":"bronze:Library","floor":28.0},{"not_picked":["bronze:NullPointer+1","bronze:Branch"],"picked":"bronze:Repair","floor":29.0},{"not_picked":["bronze:Overload","bronze:Deprecate","bronze:Backtrace"],"picked":"SKIP","floor":30.0},{"not_picked":["bronze:WhirlingStrike+1","bronze:Frontload"],"picked":"bronze:HardenedForm","floor":31.0},{"not_picked":["bronze:Separator+1","bronze:Iterate","bronze:Shield+1"],"picked":"SKIP","floor":32.0},{"not_picked":["bronze:DelayedSlice","bronze:BronzeArmor"],"picked":"bronze:Invalidate","floor":36.0},{"not_picked":["bronze:BuggyMess","bronze:Shield","bronze:Invalidate"],"picked":"SKIP","floor":37.0},{"not_picked":["bronze:ChildClass","bronze:Boost+1","bronze:ItsAFeature"],"picked":"SKIP","floor":38.0},{"not_picked":["bronze:Frontload","bronze:Iterate","bronze:Invalidate"],"picked":"SKIP","floor":39.0},{"not_picked":["bronze:ShipIt","bronze:ForceShield","bronze:Iterate"],"picked":"SKIP","floor":44.0},{"not_picked":["bronze:BuggyMess+1","bronze:BitShift+1","bronze:Repair"],"picked":"SKIP","floor":45.0},{"not_picked":["bronze:WhirlingStrike+1","bronze:Allocate","bronze:ForceShield+1"],"picked":"SKIP","floor":46.0},{"not_picked":["bronze:WhirlingStrike","bronze:Separator+1","bronze:ForceShield"],"picked":"SKIP","floor":47.0},{"not_picked":["bronze:Optimize+1","bronze:OilSpill+1","bronze:Separator"],"picked":"SKIP","floor":49.0},{"not_picked":["bronze:Invalidate","bronze:DarkDash+1","bronze:CleanCode"],"picked":"SKIP","floor":52.0}],"player_experience":509891,"relics_obtained":[{"floor":7.0,"key":"Kunai"},{"floor":10.0,"key":"Incense Burner"},{"floor":13.0,"key":"InkBottle"},{"floor":23.0,"key":"Mercury Hourglass"},{"floor":25.0,"key":"Vajra"},{"floor":31.0,"key":"Gambling Chip"},{"floor":34.0,"key":"Centennial Puzzle"},{"floor":34.0,"key":"StrikeDummy"},{"floor":34.0,"key":"Mango"},{"floor":41.0,"key":"Ancient Tea Set"},{"floor":45.0,"key":"Bird Faced Urn"},{"floor":52.0,"key":"Mummified Hand"}],"event_choices":[{"cards_removed":["bronze:Strike"],"damage_healed":0.0,"max_hp_gain":0.0,"max_hp_loss":0.0,"gold_gain":0.0,"event_name":"The Cleric","player_choice":"Card Removal","floor":6.0,"gold_loss":0.0,"damage_taken":0.0},{"cards_removed":["bronze:Virus"],"damage_healed":11.0,"max_hp_gain":10.0,"max_hp_loss":0.0,"gold_gain":0.0,"event_name":"Bonfire Elementals","player_choice":"Offered Rare","floor":22.0,"gold_loss":0.0,"damage_taken":0.0}],"is_beta":false,"boss_relics":[{"not_picked":["expansioncontent:StudyCardRelic","Pandora\u0027s Box"],"picked":"sneckomod:SneckoTalon"},{"not_picked":["Runic Pyramid","Empty Cage"],"picked":"Calling Bell"}],"items_purged_floors":[30,38,48],"is_endless":false,"potions_floor_spawned":[2,13,15,16,23,25,26,28,32,33,39,45,46,47,49],"killed_by":"downfall:NeowBossFinal","ascension_level":1}}