{"host":"yaxsefyig1et0yi2","time":1611513859,"event":{"mods":["Aspiration","BaseMod","BetterRewards","Colored Powertips","Conspire","Displayed Cursed Tome","Downfall","Halation","Hubris","Infinite Spire","JesterMod","Minty Spire (QoL Compilation)","Quick Restart","RatMod","Replay The Spire","Reworked Bosses","Spikes Relics","StSLib","The Jungle"],"gold_per_floor":[0,65,65,132,132,117,117,470,566,577,644,225,243,308,320,421,421,421,440,440,440,28,28,103,121,33,44,44,44,44],"floor_reached":28,"language":"ENG","playtime":1561,"items_purged":["bronze:Fortify"],"score":395,"play_id":"baf1edf4-09f7-464f-8089-702039d59af5","local_time":"20210124134419","is_ascension_mode":false,"campfire_choices":[{"data":"HandOfGreed","floor":1.0,"key":"SMITH"},{"data":"bronze:Optimize","floor":18.0,"key":"SMITH"}],"circlet_count":0,"master_deck":["conspire:GhostlyStrike","conspire:GhostlyStrike","conspire:GhostlyStrike","conspire:GhostlyStrike","conspire:GhostlyDefend","conspire:GhostlyDefend","conspire:GhostlyDefend","conspire:GhostlyDefend","bronze:Replicate","bronze:Goto","HandOfGreed+1","bronze:Frontload","bronze:DelayedSlice","bronze:DelayedSlice","bronze:Iterate","bronze:ThunderWave","bronze:WhirlingStrike","bronze:Shield","bronze:Iterate","bronze:Optimize+1","bronze:Shield+1","bronze:Assembly+1","bronze:Verify","bronze:Virus","bronze:Branch","bronze:Branch","bronze:ForLoop+1","bronze:ForLoop+1","bronze:FineTuning+1","bronze:FineTuning+1","bronze:ClassDefault","bronze:Allocate+1","bronze:Allocate+1","bronze:Allocate+1","bronze:Allocate+1","bronze:Allocate+1","bronze:Allocate+1","bronze:Allocate+1","bronze:Allocate+1","bronze:Allocate+1","bronze:Allocate+1","bronze:Allocate+1","bronze:Allocate+1","bronze:Allocate+1","bronze:Allocate+1","bronze:Allocate+1","bronze:Allocate+1","bronze:Allocate+1","bronze:Allocate+1","bronze:Allocate+1","bronze:Allocate+1","bronze:Allocate+1","bronze:Allocate+1","bronze:Allocate+1","bronze:Allocate+1","bronze:Allocate+1","bronze:Allocate+1","bronze:Allocate+1"],"relics":["bronze:BronzeCore","hubris:Towel","Replay:Ringing Soul","Old Coin","Toxic Egg 2","SlaversCollar","aspiration:RitualStick","infinitespire:BottledMercury","halation:NonexistentMirror","aspiration:StickyExplosives_weak"],"acts_visited":["Exordium","TheCity"],"potions_floor_usage":[],"damage_taken":[{"damage":0.0,"enemies":"Small Slimes","floor":2.0,"turns":4.0},{"damage":0.0,"enemies":"2 Louse","floor":4.0,"turns":3.0},{"damage":0.0,"enemies":"downfall:FleeingMerchant","floor":6.0,"turns":4.0},{"damage":23.0,"enemies":"Gremlin Nob","floor":8.0,"turns":5.0},{"damage":6.0,"enemies":"Jaw Worm","floor":10.0,"turns":3.0},{"damage":9.0,"enemies":"Exordium Wildlife","floor":11.0,"turns":4.0},{"damage":3.0,"enemies":"downfall:FleeingMerchant","floor":12.0,"turns":4.0},{"damage":7.0,"enemies":"Blue Slaver","floor":13.0,"turns":2.0},{"damage":10.0,"enemies":"Large Slime","floor":14.0,"turns":6.0},{"damage":0.0,"enemies":"3 Louse","floor":15.0,"turns":2.0},{"damage":28.0,"enemies":"DF_ARCHETYPE_STREAMLINE","floor":16.0,"turns":9.0},{"damage":0.0,"enemies":"Chosen","floor":19.0,"turns":4.0},{"damage":20.0,"enemies":"downfall:FleeingMerchant","floor":22.0,"turns":4.0},{"damage":42.0,"enemies":"Snake Plant","floor":25.0,"turns":4.0},{"damage":13.0,"enemies":"downfall:FleeingMerchant","floor":26.0,"turns":4.0},{"damage":3.0,"enemies":"Snecko","floor":27.0,"turns":5.0},{"damage":0,"enemies":"Centurion and Healer","floor":28,"turns":1}],"seed_played":"-7279405032940942306","potions_obtained":[{"floor":2.0,"key":"Block Potion"},{"floor":14.0,"key":"Weak Potion"},{"floor":16.0,"key":"sneckomod:MuddlingPotion"},{"floor":19.0,"key":"Strength Potion"},{"floor":25.0,"key":"FearPotion"},{"floor":27.0,"key":"SkillPotion"}],"is_trial":false,"path_per_floor":["R","M","?","M","?","$","T","E","?","M","M","$","M","M","M","B",null,"R","M","?","?","$","?","T","M","$","M","M"],"character_chosen":"THE_AUTOMATON","items_purchased":["bronze:Optimize","Toxic Egg 2","infinitespire:BottledMercury","halation:NonexistentMirror","bronze:ClassDefault"],"campfire_rested":0,"item_purchase_floors":[12,12,22,22,26],"current_hp_per_floor":[70,70,70,70,70,70,70,47,50,47,41,41,37,30,33,8,94,94,97,78,78,61,61,61,22,12,12,12,12,12],"gold":44,"neow_bonus":"RANDOM_COLORLESS_2","is_daily":false,"chose_seed":false,"campfire_upgraded":2,"win_rate":0.0,"timestamp":1611513859,"path_taken":["R","M","?","M","?","$","T","E","?","M","M","?","?","M","M","BOSS","R","M","?","?","$","?","T","M","$","M","M"],"items_purchased_type":["Card","Relic","Relic","Relic","Card"],"build_version":"2020-12-22","purchased_purges":1,"victory":false,"max_hp_per_floor":[70,70,70,70,70,70,70,70,73,76,79,82,85,88,91,94,94,94,97,97,97,100,100,100,103,106,109,109,109,109],"card_choices":[{"not_picked":["ReplayTheSpireMod:Brewmster","Chrysalis"],"picked":"HandOfGreed","floor":0.0},{"not_picked":["bronze:Invalidate","bronze:WildBeam"],"picked":"bronze:Frontload","floor":2.0},{"not_picked":["bronze:Allocate","bronze:CutThrough"],"picked":"bronze:DelayedSlice","floor":4.0},{"not_picked":["bronze:DigitalCarnage","bronze:CleanCode"],"picked":"bronze:DelayedSlice","floor":6.0},{"not_picked":["bronze:BronzeArmor","bronze:Safeguard","bronze:GetLatest"],"picked":"SKIP","floor":8.0},{"not_picked":["bronze:Frontload","bronze:OilSpill"],"picked":"bronze:Iterate","floor":9.0},{"not_picked":["bronze:OilSpill","bronze:BitShift"],"picked":"bronze:ThunderWave","floor":9.0},{"not_picked":["bronze:DarkDash","bronze:Shield"],"picked":"bronze:WhirlingStrike","floor":9.0},{"not_picked":["bronze:DigitalCarnage","bronze:Break"],"picked":"bronze:Shield","floor":10.0},{"not_picked":["bronze:BugBarrage","bronze:DelayedSlice"],"picked":"bronze:Fortify","floor":11.0},{"not_picked":["bronze:Invalidate","bronze:Turbo"],"picked":"bronze:Iterate","floor":12.0},{"not_picked":["bronze:Shell+1","bronze:Overheat"],"picked":"bronze:Shield+1","floor":13.0},{"not_picked":["bronze:Turbo+1","bronze:NullPointer"],"picked":"bronze:Assembly+1","floor":14.0},{"not_picked":["bronze:CutThrough","bronze:ClassDefault"],"picked":"bronze:Verify","floor":15.0},{"not_picked":["bronze:CleanCode","bronze:BurnOut"],"picked":"bronze:Virus","floor":16.0},{"not_picked":["bronze:Invalidate+1","bronze:WildBeam+1"],"picked":"bronze:Branch","floor":19.0},{"not_picked":["bronze:WildBeam","bronze:CloningBeam"],"picked":"bronze:Branch","floor":22.0},{"not_picked":["bronze:Deprecate+1","bronze:ItsAFeature"],"picked":"bronze:ForLoop+1","floor":25.0},{"not_picked":["bronze:Turbo+1","bronze:DelayedSlice"],"picked":"bronze:FineTuning+1","floor":26.0},{"not_picked":["bronze:BugBarrage","bronze:DelayedSlice"],"picked":"bronze:Allocate+1","floor":27.0}],"player_experience":257856,"relics_obtained":[{"floor":7.0,"key":"Replay:Ringing Soul"},{"floor":8.0,"key":"Old Coin"},{"floor":24.0,"key":"aspiration:StickyExplosives_weak"}],"event_choices":[{"damage_healed":0.0,"max_hp_gain":0.0,"max_hp_loss":0.0,"gold_gain":0.0,"event_name":"conspire:LoneGhost","player_choice":"Agree","floor":5.0,"gold_loss":0.0,"damage_taken":0.0}],"is_beta":false,"boss_relics":[{"not_picked":["bronze:MakeshiftBattery","Tiny House"],"picked":"SlaversCollar"}],"items_purged_floors":[12],"is_endless":false,"potions_floor_spawned":[2,13,14,16,19,25,27],"killed_by":"Centurion and Healer","ascension_level":0}}