{"host":"nu52txkaz0lj0p7m","time":1611483751,"event":{"mods":["2.2 Compatiblity","AchievementEnabler","Arknights The Spire","BaseMod","Beaked The Cultist","BetterRewards","Colored Map","Colored Powertips","Conjunction","Custom Start","Duelist Mod","Evolution","GifTheSpireLib","GungeonMod","Infinite Spire","Lobotomy","LobotomyExtend","Minty Spire (QoL Compilation)","Permanent Neow","Relic Filter","SIMod","Shade Mod","Small Relic Pack","StSLib","SuperFastMode","The Fake Hero"],"gold_per_floor":[115,115,133,153,165,193,213,213,240,250,250,25,41,52,52,150,150,150],"floor_reached":17,"language":"ENG","playtime":1291,"items_purged":["Pain"],"score":177,"play_id":"2ec2a192-3694-4870-959f-534878729ba8","local_time":"20210124182231","is_ascension_mode":true,"campfire_choices":[{"floor":8,"key":"REST"},{"data":"Magictrain","floor":11,"key":"SMITH"},{"floor":15,"key":"REST"}],"circlet_count":0,"master_deck":["Strike_AJ","Strike_TS","Strike_RR","Strike_RD","Defend_TS","Defend_PP","Defend_FS","Defend_AJ","ConcertedEfforts","HarmonyShield","Blind","BehindTheScene","Boundary","Celebrities","AllByMyself","AppleFeast","Magictrain+1","ThunderCloud"],"relics":["The_element_of_harmony","EVO:Axolotl","LetterFromLob","WarpedTongs","Lantern","Art of War","Juzu Bracelet","DemoMod:GlassGuonStoneRelic","Cursed Key"],"acts_visited":["Exordium","TheCity"],"potions_floor_usage":[6,16,16,16],"damage_taken":[{"damage":6,"enemies":"Jaw Worm","floor":1,"turns":5},{"damage":3,"enemies":"Cultist","floor":3,"turns":5},{"damage":1,"enemies":"Small Slimes","floor":4,"turns":3},{"damage":6,"enemies":"Red Slaver","floor":5,"turns":8},{"damage":57,"enemies":"Gremlin Nob","floor":6,"turns":7},{"damage":7,"enemies":"3 Louse","floor":7,"turns":7},{"damage":4,"enemies":"Blue Slaver","floor":10,"turns":6},{"damage":0,"enemies":"Lots of Slimes","floor":13,"turns":4},{"damage":0,"enemies":"3 Louse","floor":14,"turns":5},{"damage":35,"enemies":"Hexaghost","floor":16,"turns":20}],"seed_played":"8779744745317115200","potions_obtained":[{"floor":3,"key":"DistilledChaos"},{"floor":4,"key":"Ancient Potion"},{"floor":6,"key":"GamblersBrew"},{"floor":10,"key":"PowerPotion"}],"is_trial":false,"path_per_floor":["M","?","M","M","M","E","M","R","T","M","R","$","M","M","R","B",null],"character_chosen":"TWI_CLASS","items_purchased":["Juzu Bracelet"],"campfire_rested":2,"item_purchase_floors":[12],"current_hp_per_floor":[76,76,73,72,66,9,2,26,26,22,22,22,22,22,46,11,82,82],"gold":150,"neow_bonus":"RANDOM_COLORLESS","is_daily":false,"chose_seed":false,"campfire_upgraded":1,"win_rate":0.0,"timestamp":1611483751,"path_taken":["M","?","M","M","M","E","M","R","T","M","R","$","M","M","R","BOSS"],"items_purchased_type":["Relic"],"build_version":"2020-12-22","purchased_purges":1,"victory":false,"max_hp_per_floor":[82,82,82,82,82,82,82,82,82,82,82,82,82,82,82,82,82,82],"card_choices":[{"not_picked":["Trip","Finesse"],"picked":"Blind","floor":0},{"not_picked":["Batlization"],"picked":"BehindTheScene","floor":1},{"not_picked":["Mischief","BigDeal"],"picked":"SKIP","floor":1},{"not_picked":["Dear_Princess"],"picked":"Boundary","floor":3},{"not_picked":["Yay","ServeMeal"],"picked":"SKIP","floor":3},{"not_picked":["RashStunts","BatchProduction"],"picked":"SKIP","floor":4},{"not_picked":["Louder","BatchProduction"],"picked":"SKIP","floor":4},{"not_picked":["AllByMyself"],"picked":"Celebrities","floor":5},{"not_picked":["RashStunts","KillingWithKindness"],"picked":"SKIP","floor":5},{"not_picked":["KillingWithKindness"],"picked":"AllByMyself","floor":6},{"not_picked":["TwentyPercentcooler"],"picked":"AppleFeast","floor":6},{"not_picked":["Honesty"],"picked":"Magictrain","floor":7},{"not_picked":["Magic_Beam","PartyCana"],"picked":"SKIP","floor":7},{"not_picked":["Magic"],"picked":"ThunderCloud","floor":10},{"not_picked":["Anxiousness","FollowTherRainbow"],"picked":"SKIP","floor":10},{"not_picked":["RushToSky","Smile"],"picked":"SKIP","floor":13},{"not_picked":["ThunderCloud","Magic_Beam"],"picked":"SKIP","floor":13},{"not_picked":["ServeMeal","FarmExpert"],"picked":"SKIP","floor":14},{"not_picked":["HideCarefully","Louder"],"picked":"SKIP","floor":14}],"player_experience":320920,"relics_obtained":[{"floor":1,"key":"LetterFromLob"},{"floor":6,"key":"Lantern"},{"floor":9,"key":"Art of War"}],"event_choices":[{"damage_healed":0,"gold_gain":0,"player_choice":"Rummage","damage_taken":0,"relics_obtained":["WarpedTongs"],"max_hp_gain":0,"max_hp_loss":0,"event_name":"Accursed Blacksmith","floor":2,"gold_loss":0,"cards_obtained":["Pain"]}],"is_beta":false,"boss_relics":[{"not_picked":["relicPack:KazumaCape","Snecko Eye"],"picked":"Cursed Key"}],"items_purged_floors":[12],"is_endless":false,"potions_floor_spawned":[3,4,6,10,13],"ascension_level":2}}