{"host":"z9811rt50ti81n54","time":1611502173,"event":{"mods":["BaseMod","Better Match","Better Skull","Better Third Choice","Minty Spire (QoL Compilation)","Permanent Neow","StSLib","SuperFastMode"],"gold_per_floor":[112,387,403,418,436,436,446,446,446,457,457,476,489,7,7,111,111,128,91,1,1,27,27,42,58,58,58,58,73,73,88,88,191,191,204,220,234,234,247,247,264,264,310,327,327,346,346,360,360,360],"floor_reached":51,"language":"ENG","playtime":1598,"items_purged":["Regret"],"score":697,"play_id":"67340ae2-f1d3-46b4-b1d7-67ff7cb55916","local_time":"20210125002933","is_ascension_mode":false,"campfire_choices":[{"data":"Shockwave","floor":6.0,"key":"SMITH"},{"data":"Hemokinesis","floor":8.0,"key":"SMITH"},{"data":"Rupture","floor":15.0,"key":"SMITH"},{"data":"Corruption","floor":23.0,"key":"SMITH"},{"data":"Rampage","floor":30.0,"key":"SMITH"},{"data":"Evolve","floor":32.0,"key":"SMITH"},{"data":"Whirlwind","floor":40.0,"key":"SMITH"},{"floor":45.0,"key":"REST"},{"floor":47,"key":"REST"},{"data":"Metallicize","floor":49,"key":"SMITH"}],"circlet_count":0,"master_deck":["Strike_R","Strike_R","Defend_R","Defend_R","Defend_R","Defend_R","Bash","Flame Barrier","Sword Boomerang","Hemokinesis+1","Shockwave+1","Metallicize+1","Rupture+1","Whirlwind+1","Feed","Disarm","Bloodletting+1","Corruption+1","True Grit+1","Flame Barrier+1","Rampage+1","Necronomicurse","Evolve+1","Shockwave+1","Reaper","Burning Pact","Ghostly Armor+1","Reaper","Disarm","Whirlwind+1","Dual Wield+1","Reaper"],"relics":["Burning Blood","NeowsBlessing","Meat on the Bone","Strawberry","Toolbox","Empty Cage","War Paint","Bottled Lightning","Necronomicon","Sozu","Dream Catcher"],"acts_visited":["Exordium","TheCity","TheBeyond"],"potions_floor_usage":[],"damage_taken":[{"damage":0.0,"enemies":"Jaw Worm","floor":1.0,"turns":1.0},{"damage":0.0,"enemies":"Cultist","floor":3.0,"turns":1.0},{"damage":0.0,"enemies":"Small Slimes","floor":4.0,"turns":1.0},{"damage":8.0,"enemies":"3 Louse","floor":5.0,"turns":3.0},{"damage":9.0,"enemies":"Red Slaver","floor":7.0,"turns":3.0},{"damage":23.0,"enemies":"Gremlin Gang","floor":10.0,"turns":5.0},{"damage":21.0,"enemies":"Looter","floor":12.0,"turns":3.0},{"damage":16.0,"enemies":"Red Slaver","floor":13.0,"turns":3.0},{"damage":19.0,"enemies":"Slime Boss","floor":16.0,"turns":5.0},{"damage":20.0,"enemies":"Shell Parasite","floor":18.0,"turns":5.0},{"damage":11.0,"enemies":"3 Byrds","floor":24.0,"turns":3.0},{"damage":19.0,"enemies":"Centurion and Healer","floor":25.0,"turns":8.0},{"damage":16.0,"enemies":"Chosen and Byrds","floor":29.0,"turns":7.0},{"damage":14.0,"enemies":"Snake Plant","floor":31.0,"turns":3.0},{"damage":59.0,"enemies":"Champ","floor":33.0,"turns":12.0},{"damage":15.0,"enemies":"Orb Walker","floor":35.0,"turns":4.0},{"damage":37.0,"enemies":"3 Shapes","floor":36.0,"turns":8.0},{"damage":24.0,"enemies":"Sphere and 2 Shapes","floor":37.0,"turns":6.0},{"damage":27.0,"enemies":"Jaw Worm Horde","floor":39.0,"turns":4.0},{"damage":49.0,"enemies":"Transient","floor":41.0,"turns":5.0},{"damage":28.0,"enemies":"Maw","floor":44.0,"turns":10.0},{"damage":57.0,"enemies":"Spire Growth","floor":46.0,"turns":8.0},{"damage":2,"enemies":"Writhing Mass","floor":48,"turns":7},{"damage":79,"enemies":"Time Eater","floor":50,"turns":13}],"seed_played":"4726794847113268524","potions_obtained":[{"floor":7.0,"key":"Ancient Potion"},{"floor":12.0,"key":"FearPotion"},{"floor":16.0,"key":"ColorlessPotion"},{"floor":24.0,"key":"Swift Potion"},{"floor":28.0,"key":"SpeedPotion"},{"floor":33.0,"key":"Fruit Juice"}],"is_trial":false,"path_per_floor":["M","?","M","M","M","R","M","R","T","M","?","M","M","$","R","B",null,"M","$","?","$","T","R","M","M","T","?","?","M","R","M","R","B",null,"M","M","M","?","M","R","M","?","T","M","R","M","R","M","R","B",null],"character_chosen":"IRONCLAD","items_purchased":["Strawberry","Disarm","Bloodletting","Toolbox","Flame Barrier"],"campfire_rested":2,"item_purchase_floors":[14,14,14,14,19],"current_hp_per_floor":[80,80,80,80,78,78,75,75,75,58,63,60,50,57,57,59,95,84,84,84,84,84,84,79,70,70,54,54,56,56,60,60,24,107,101,85,79,79,76,76,69,69,69,78,112,102,119,119,119,86],"gold":360,"neow_bonus":"THREE_ENEMY_KILL","is_daily":false,"chose_seed":false,"campfire_upgraded":8,"win_rate":0.0,"timestamp":1611502173,"path_taken":["M","?","M","M","M","R","?","R","T","M","?","M","M","$","R","BOSS","M","$","?","$","?","R","M","M","T","?","?","M","R","?","R","BOSS","M","?","M","?","?","R","?","?","T","M","R","M","R","M","R","BOSS"],"items_purchased_type":["Relic","Card","Card","Relic","Card"],"build_version":"2020-12-22","purchased_purges":1,"victory":true,"max_hp_per_floor":[80,80,80,80,80,80,80,80,80,80,85,85,85,92,92,95,95,98,98,98,98,98,98,98,102,102,102,102,102,102,102,102,107,107,110,113,116,116,116,116,116,116,116,116,116,119,119,119,119,119],"card_choices":[{"not_picked":["Flex","Heavy Blade"],"picked":"Flame Barrier","floor":1.0},{"not_picked":["True Grit","Warcry"],"picked":"Sword Boomerang","floor":3.0},{"not_picked":["Warcry","Blood for Blood"],"picked":"Hemokinesis","floor":4.0},{"not_picked":["Thunderclap","Havoc"],"picked":"Shockwave","floor":5.0},{"not_picked":["Pommel Strike","Clothesline"],"picked":"Metallicize","floor":7.0},{"not_picked":["Cleave","Clothesline"],"picked":"Rupture","floor":10.0},{"not_picked":["Blood for Blood","Headbutt"],"picked":"Whirlwind","floor":12.0},{"not_picked":["Warcry","Searing Blow"],"picked":"Feed","floor":13.0},{"not_picked":["Demon Form","Immolate"],"picked":"Corruption","floor":16.0},{"not_picked":["Seeing Red","Twin Strike"],"picked":"True Grit","floor":18.0},{"not_picked":["Blood for Blood","Anger","Hemokinesis"],"picked":"SKIP","floor":24.0},{"not_picked":["Flex","Body Slam+1","Rampage"],"picked":"SKIP","floor":25.0},{"not_picked":["Flex","Body Slam+1"],"picked":"Rampage","floor":25.0},{"not_picked":["Armaments","Sword Boomerang+1"],"picked":"Evolve","floor":29.0},{"not_picked":["Thunderclap+1","Inflame+1"],"picked":"Shockwave+1","floor":31.0},{"not_picked":["Double Tap","Demon Form"],"picked":"Reaper","floor":33.0},{"not_picked":["Wild Strike","True Grit"],"picked":"Burning Pact","floor":35.0},{"not_picked":["Clash","Anger+1","Cleave"],"picked":"SKIP","floor":36.0},{"not_picked":["Pummel+1","Uppercut"],"picked":"Ghostly Armor+1","floor":37.0},{"not_picked":["Inflame","Bludgeon"],"picked":"Disarm","floor":39.0},{"not_picked":["True Grit","Iron Wave+1","Body Slam"],"picked":"SKIP","floor":41.0},{"not_picked":["Anger","Clothesline","Perfected Strike"],"picked":"SKIP","floor":44.0},{"not_picked":["Clothesline+1","Seeing Red"],"picked":"Whirlwind+1","floor":46.0},{"not_picked":["True Grit+1","Wild Strike"],"picked":"Dual Wield+1","floor":47},{"not_picked":["Cleave","Heavy Blade+1"],"picked":"Reaper","floor":48}],"player_experience":409431,"relics_obtained":[{"floor":9.0,"key":"Meat on the Bone"},{"floor":22.0,"key":"War Paint"},{"floor":26.0,"key":"Bottled Lightning"},{"floor":27.0,"key":"Necronomicon"},{"floor":43.0,"key":"Dream Catcher"}],"event_choices":[{"damage_healed":0.0,"max_hp_gain":0.0,"max_hp_loss":0.0,"gold_gain":275.0,"event_name":"Golden Shrine","player_choice":"Desecrate","floor":2.0,"gold_loss":0.0,"damage_taken":0.0,"cards_obtained":["Regret"]},{"damage_healed":0.0,"max_hp_gain":5.0,"max_hp_loss":0.0,"gold_gain":0.0,"event_name":"Big Fish","player_choice":"Donut","floor":11.0,"gold_loss":0.0,"damage_taken":0.0},{"cards_removed":["Strike_R"],"damage_healed":0.0,"max_hp_gain":0.0,"max_hp_loss":0.0,"gold_gain":0.0,"event_name":"Designer","player_choice":"Upgrade and Remove","floor":20.0,"gold_loss":90.0,"damage_taken":0.0,"cards_upgraded":["Bloodletting"]},{"damage_healed":0.0,"max_hp_gain":0.0,"max_hp_loss":0.0,"gold_gain":0.0,"event_name":"Cursed Tome","player_choice":"Obtained Book","floor":27.0,"gold_loss":0.0,"damage_taken":16.0},{"damage_healed":0.0,"max_hp_gain":0.0,"max_hp_loss":0.0,"gold_gain":0.0,"event_name":"Lab","player_choice":"Got Potions","floor":28.0,"gold_loss":0.0,"damage_taken":0.0},{"damage_healed":0.0,"max_hp_gain":0.0,"max_hp_loss":0.0,"gold_gain":0.0,"event_name":"Duplicator","player_choice":"Copied","floor":38.0,"gold_loss":0.0,"damage_taken":0.0,"cards_obtained":["Reaper"]},{"damage_healed":0.0,"max_hp_gain":0.0,"max_hp_loss":0.0,"gold_gain":0.0,"event_name":"Tomb of Lord Red Mask","player_choice":"Ignored","floor":42.0,"gold_loss":0.0,"damage_taken":0.0}],"is_beta":false,"boss_relics":[{"not_picked":["Astrolabe","Fusion Hammer"],"picked":"Empty Cage"},{"not_picked":["Mark of Pain","Calling Bell"],"picked":"Sozu"}],"items_purged_floors":[14],"is_endless":false,"potions_floor_spawned":[7,12,16,24,29,31,33,36,37,41,46],"ascension_level":0}}