{"host":"gtv41eena9h15rk5","time":1611467392,"event":{"mods":["BaseMod","Colored Powertips","Downfall","Marisa£®ÏF”Í°°ƒß¿Ì…≥£©","Minty Spire (QoL Compilation)","Replay The Spire","Shop Mod","StSLib","The Bug Knight","The Construct","The Cursed","The Runesmith","The Servant 0.9.4","[IsaacMod]“‘»ˆº‚À˛"],"gold_per_floor":[109,122,136,86,30,30,62,62,62,80,155,155,174,187,187,286,286,301,146,146,146,162,188,23,23,23,23,59,76,76,100,100,110,110,110,110],"floor_reached":33,"language":"ZHS","playtime":1402,"items_purged":["CommonCold","downfall:Bewildered"],"score":370,"play_id":"2da9fbcf-c7c4-46aa-ade4-bd6668487c60","local_time":"20210124134952","is_ascension_mode":true,"campfire_choices":[{"data":"Carnage","floor":6,"key":"SMITH"},{"data":"Exhume","floor":8,"key":"SMITH"},{"floor":12,"key":"RECALL"},{"data":"Flame Barrier","floor":15,"key":"SMITH"},{"data":"ReplayTheSpireMod:Muscle Training","floor":25,"key":"SMITH"},{"data":"Inflame","floor":30,"key":"SMITH"},{"floor":32,"key":"REST"}],"circlet_count":0,"master_deck":["Strike_R","Strike_R","Strike_R","Strike_R","Strike_R","Defend_R","Defend_R","Defend_R","Defend_R","Flex","Carnage+1","Exhume+1","Flame Barrier+1","ReplayTheSpireMod:Muscle Training+1","Warcry+1","Warcry+1","True Grit+1","Inflame+1"],"relics":["Burning Blood","HushsDoor","TheBean","NeowsBlessing","ReplayTheSpireMod:CursedCoin","MerchantsRug","Durian","HollowMod:StagPassRelic","bronze:MakeshiftBattery","Chemical X","sneckomod:BabySnecko","EdensBlessing","Replay:Bandana","Mummified Hand","SharpPlug"],"acts_visited":[],"potions_floor_usage":[10,33],"damage_taken":[{"damage":0,"enemies":"Cultist","floor":1,"turns":1},{"damage":0,"enemies":"Small Slimes","floor":2,"turns":1},{"damage":0,"enemies":"2 Louse","floor":3,"turns":1},{"damage":0,"enemies":"3 Sentries","floor":7,"turns":1},{"damage":0,"enemies":"Lots of Slimes","floor":10,"turns":1},{"damage":4,"enemies":"Exordium Wildlife","floor":13,"turns":3},{"damage":0,"enemies":"Blue Slaver","floor":14,"turns":3},{"damage":81,"enemies":"Hexaghost","floor":16,"turns":13},{"damage":13,"enemies":"3 Byrds","floor":18,"turns":4},{"damage":13,"enemies":"Shell Parasite","floor":22,"turns":4},{"damage":36,"enemies":"Replay:Snechameleon","floor":23,"turns":8},{"damage":36,"enemies":"Slavers","floor":28,"turns":6},{"damage":6,"enemies":"Snake Plant","floor":31,"turns":3},{"damage":78,"enemies":"Champ","floor":33,"turns":9},{"damage":79,"enemies":"Champ","floor":33,"turns":9}],"seed_played":"6085308342398614807","potions_obtained":[{"floor":2,"key":"Explosive Potion"},{"floor":3,"key":"Languid Potion"},{"floor":10,"key":"Energy Potion"},{"floor":14,"key":"Guardian:BlockOnCardUsePotion"},{"floor":16,"key":"AttackPotion"},{"floor":21,"key":"bronze:BurnAndBuffPotion"},{"floor":21,"key":"Doom Potion"},{"floor":28,"key":"BloodPotion"},{"floor":31,"key":"ColorlessPotion"}],"is_trial":false,"path_per_floor":["M","M","M","?","$","R","E","R","T","M","?","R","M","M","R","B",null,"M","$","?","?","M","E","$","R","T","?","E","$","R","M","R","B"],"character_chosen":"IRONCLAD","items_purchased":["ReplayTheSpireMod:CursedCoin","MerchantsRug","Chemical X","Warcry","Replay:Bandana"],"campfire_rested":1,"item_purchase_floors":[5,5,19,19,24],"current_hp_per_floor":[80,80,80,80,80,80,85,85,85,85,74,74,76,82,82,7,85,78,78,78,78,71,41,41,41,41,69,39,39,39,39,64,0,0,0,0],"gold":110,"neow_bonus":"THREE_ENEMY_KILL","is_daily":false,"chose_seed":false,"campfire_upgraded":5,"win_rate":0.0,"timestamp":1611467392,"path_taken":["M","M","?","?","$","R","E","R","T","?","?","R","M","M","R","BOSS","M","$","?","?","M","E","$","R","T","?","E","?","R","?","R","BOSS"],"items_purchased_type":["Relic","Relic","Relic","Card","Relic"],"build_version":"2020-12-22","purchased_purges":2,"victory":false,"max_hp_per_floor":[80,80,80,80,80,80,85,85,85,85,85,85,85,85,85,85,85,85,85,85,85,85,85,85,85,85,85,85,85,85,85,85,85,85,85,85],"card_choices":[{"not_picked":[],"picked":"Bomb","floor":0},{"not_picked":["Iron Wave","Rampage"],"picked":"Flex","floor":1},{"not_picked":["Replay:Undeath\u0027s Touch","Intimidate"],"picked":"Carnage","floor":2},{"not_picked":["ReplayReversal","Searing Blow","Dropkick"],"picked":"SKIP","floor":3},{"not_picked":["Headbutt","Flex"],"picked":"Exhume","floor":7},{"not_picked":["Intimidate","Hemokinesis"],"picked":"Bomb","floor":10},{"not_picked":["Hemokinesis","True Grit"],"picked":"Flame Barrier","floor":13},{"not_picked":["Entrench","Rage","Heavy Blade"],"picked":"SKIP","floor":14},{"not_picked":["True Grit","Warcry"],"picked":"ReplayTheSpireMod:Muscle Training","floor":18},{"not_picked":["Power Through","Clothesline"],"picked":"True Grit+1","floor":22},{"not_picked":["Replay:Undeath\u0027s Touch+1","Twin Strike","Flex"],"picked":"SKIP","floor":23},{"not_picked":["Flex","Eclipse"],"picked":"Inflame","floor":28},{"not_picked":["Clash+1","Infernal Blade","Thunderclap"],"picked":"SKIP","floor":31}],"player_experience":211465,"relics_obtained":[{"floor":7,"key":"Durian"},{"floor":9,"key":"HollowMod:StagPassRelic"},{"floor":23,"key":"EdensBlessing"},{"floor":26,"key":"Mummified Hand"},{"floor":28,"key":"SharpPlug"}],"event_choices":[{"cards_removed":["Bash"],"damage_healed":0,"gold_gain":0,"player_choice":"Card Removal","damage_taken":0,"max_hp_gain":0,"max_hp_loss":0,"event_name":"The Cleric","floor":4,"gold_loss":50},{"damage_healed":0,"gold_gain":75,"player_choice":"Gather Gold","damage_taken":11,"max_hp_gain":0,"max_hp_loss":0,"event_name":"World of Goop","floor":11,"gold_loss":0},{"damage_healed":0,"gold_gain":0,"player_choice":"Got Potions","damage_taken":0,"max_hp_gain":0,"max_hp_loss":0,"event_name":"Lab","floor":21,"gold_loss":0},{"damage_healed":28,"gold_gain":0,"player_choice":"Heal","damage_taken":0,"max_hp_gain":0,"max_hp_loss":0,"event_name":"The Library","floor":27,"gold_loss":0}],"is_beta":false,"boss_relics":[{"not_picked":["Sozu","Coffee Dripper"],"picked":"bronze:MakeshiftBattery"},{"not_picked":[]}],"items_purged_floors":[5,24],"is_endless":false,"potions_floor_spawned":[2,3,10,14,16,28,31],"killed_by":"Champ","ascension_level":4}}