{"host":"lip44byzewa3adv8","time":1611515859,"event":{"mods":["BaseMod","Curses Come First","Minty Spire (QoL Compilation)","Relic Sorter","Relic Stats","StSLib","Synergy Search"],"gold_per_floor":[109,120,120,138,153,153,153],"floor_reached":6,"language":"ENG","playtime":230,"items_purged":[],"score":42,"play_id":"8818e93e-1ce3-4ac4-a03d-d81f29bffec4","local_time":"20210124141739","is_ascension_mode":true,"campfire_choices":[],"circlet_count":0,"master_deck":["Strike_P","Strike_P","Strike_P","Defend_P","Defend_P","Defend_P","Defend_P+1","Eruption","Vigilance","Consecrate","Crescendo","WaveOfTheHand","LessonLearned","JustLucky"],"relics":["Fusion Hammer"],"acts_visited":["Exordium"],"potions_floor_usage":[6],"damage_taken":[{"damage":0.0,"enemies":"Cultist","floor":1.0,"turns":2.0},{"damage":0.0,"enemies":"2 Louse","floor":2.0,"turns":2.0},{"damage":4.0,"enemies":"Jaw Worm","floor":4.0,"turns":4.0},{"damage":5.0,"enemies":"2 Fungi Beasts","floor":5.0,"turns":3.0},{"damage":36,"enemies":"Gremlin Nob","floor":6,"turns":4}],"seed_played":"5828401285204188697","potions_obtained":[{"floor":1.0,"key":"StancePotion"},{"floor":5.0,"key":"Block Potion"}],"is_trial":false,"path_per_floor":["M","M","?","M","M","E"],"character_chosen":"WATCHER","items_purchased":[],"campfire_rested":0,"item_purchase_floors":[],"current_hp_per_floor":[72,72,72,68,63,27,27],"gold":153,"neow_bonus":"BOSS_RELIC","is_daily":false,"chose_seed":false,"campfire_upgraded":0,"win_rate":0.0,"timestamp":1611515859,"path_taken":["M","M","?","M","M","E"],"items_purchased_type":[],"build_version":"2020-12-22","purchased_purges":0,"victory":false,"max_hp_per_floor":[72,72,72,72,72,72,72],"relic_stats":{"counters":[5,15],"obtain_stats":[{"Fusion Hammer":0,"PureWater":0},{"Fusion Hammer":0,"PureWater":0},{"Fusion Hammer":0,"PureWater":0}]},"card_choices":[{"not_picked":["Study","Prostrate"],"picked":"Consecrate","floor":1.0},{"not_picked":["PathToVictory","Halt"],"picked":"Crescendo","floor":2.0},{"not_picked":["Conclude","PathToVictory"],"picked":"LessonLearned","floor":4.0},{"not_picked":["Fasting2","Worship"],"picked":"JustLucky","floor":5.0}],"player_experience":757252,"relics_obtained":[],"event_choices":[{"damage_healed":0.0,"max_hp_gain":0.0,"max_hp_loss":0.0,"gold_gain":0.0,"cards_transformed":["Strike_P"],"event_name":"Living Wall","player_choice":"Change","floor":3.0,"gold_loss":0.0,"damage_taken":0.0,"cards_obtained":["WaveOfTheHand"]}],"is_beta":false,"boss_relics":[],"items_purged_floors":[],"is_endless":false,"potions_floor_spawned":[1,5],"killed_by":"Gremlin Nob","ascension_level":2}}