{"host":"6r9t33axn0fzb9aq","time":1611511881,"event":{"mods":["Aspiration","BaseMod","Better Match","Better Note","CatGirl Mod","Clockwork Mod","Colored Map","Colored Powertips","Conspire","Custom Start","Energized Spire","Halation","Hubris","Infinite Spire","Marisa????????","Minty Spire (QoL Compilation)","Onozuka Komachi Mod","Poor People Problems","Remilia??????","Replay The Spire","Reworked Bosses","Shade Mod","Spicy Shops","Spire Arcade","StSLib","The Blue Laboratory","The Death Knight","The Hierophant","The Necromancer","The Servant 0.9.4","TheHero","Trackpad","Wandering Minibosses"],"gold_per_floor":[115,133,151,171,96,96,96,96,166,191,205,244,88,88,88,214,214,228,149,168,93,106,142,161,161,161,11,11,11,11,36,36,155,155],"floor_reached":33,"language":"ENG","playtime":2930,"items_purged":["Injury"],"score":442,"play_id":"0cd6da76-34a3-4c2e-b7e9-939113644d57","local_time":"20210124181121","is_ascension_mode":false,"campfire_choices":[{"data":"TreasureHunter","floor":6.0,"key":"SMITH"},{"data":"MasterSpark","floor":8.0,"key":"SMITH"},{"floor":15.0,"key":"REST"},{"floor":28,"key":"REST"},{"floor":30,"key":"REST"},{"floor":32,"key":"REST"}],"circlet_count":0,"master_deck":["Strike_MRS","Strike_MRS","Strike_MRS","Defend_MRS","Defend_MRS","Defend_MRS","Defend_MRS","MasterSpark+1","UpSweep","NonDirectionalLaser","NonDirectionalLaser","TreasureHunter+1","DragonMeteor","BlazingStar+1","UltimateShortwave+1","MillisecondPulsars+1","DoubleSpark","DeepEcoloBomb","MilkyWay","OrrerysSun","TreasureHunter","AsteroidBelt","ChargeUpSpray","PowerUp","BinaryStars+1","GrandCross+1","GasGiant+1","AsteroidBelt+1","EarthLightRay","GalacticHalo","infinitespire:UltimateForm","WitchLeyline","CasketOfStar"],"relics":["MiniHakkero","NeowsBlessing","Golden Idol","HornCleat","Garlic","RampagingMagicTools","aspiration:StickyExplosives_weak","DeathKnight:SindragosasSkull","Replay:Bronze Core","Pen Nib","Blue Doll","halation:Trompette"],"acts_visited":["Exordium","TheCity"],"potions_floor_usage":[23,23,24,24],"damage_taken":[{"damage":0.0,"enemies":"Cultist","floor":1.0,"turns":1.0},{"damage":0.0,"enemies":"Small Slimes","floor":2.0,"turns":1.0},{"damage":0.0,"enemies":"Jaw Worm","floor":3.0,"turns":1.0},{"damage":5.0,"enemies":"Looter","floor":4.0,"turns":3.0},{"damage":1.0,"enemies":"2 Fungi Beasts","floor":10.0,"turns":3.0},{"damage":8.0,"enemies":"Red Slaver","floor":11.0,"turns":3.0},{"damage":10.0,"enemies":"3 Sentries","floor":12.0,"turns":7.0},{"damage":23.0,"enemies":"Hexaghost","floor":16.0,"turns":7.0},{"damage":0.0,"enemies":"Chosen","floor":18.0,"turns":3.0},{"damage":20.0,"enemies":"Spheric Guardian","floor":20.0,"turns":5.0},{"damage":6,"enemies":"Snake Plant","floor":22,"turns":2},{"damage":41,"enemies":"conspire:SneckoGhost","floor":23,"turns":8},{"damage":4,"enemies":"Shelled Parasite and Fungi","floor":24,"turns":2},{"damage":1,"enemies":"Centurion and Healer","floor":31,"turns":4},{"damage":0,"enemies":"bossMod:newChamp","floor":33,"turns":7}],"seed_played":"-1816278374493508684","potions_obtained":[{"floor":1.0,"key":"LifebloodPotion"},{"floor":2.0,"key":"Ancient Potion"},{"floor":10.0,"key":"blueLaboratory:Moonshine"},{"floor":11.0,"key":"Fire Potion"},{"floor":12.0,"key":"Dexterity Potion"},{"floor":20.0,"key":"Energy Potion"},{"floor":23,"key":"EntropicBrew"},{"floor":24,"key":"blueLaboratory:BottledHope"}],"is_trial":false,"path_per_floor":["M","M","M","M","?","R","?","R","T","M","M","E","$","?","R","B",null,"M","$","M","?","M","E","M","AVR","T","$","R","?","R","M","R","B"],"character_chosen":"MARISA","items_purchased":["OrrerysSun","ChargeUpSpray","Blue Doll"],"campfire_rested":4,"item_purchase_floors":[13,19,27],"current_hp_per_floor":[75,75,75,70,70,70,70,70,70,69,61,51,51,51,73,50,75,75,75,55,55,49,8,4,4,4,4,26,26,48,51,73,75,75],"gold":155,"neow_bonus":"THREE_ENEMY_KILL","is_daily":false,"chose_seed":false,"campfire_upgraded":2,"win_rate":0.0,"timestamp":1611511881,"path_taken":["M","M","M","M","?","R","?","R","T","M","M","E","?","?","R","BOSS","M","$","M","?","M","E","M","AVR","T","$","R","?","R","?","R","BOSS"],"items_purchased_type":["Card","Card","Relic"],"build_version":"2020-12-22","purchased_purges":1,"victory":false,"max_hp_per_floor":[75,75,75,75,75,75,75,75,75,75,75,75,75,75,75,75,75,75,75,75,75,75,75,75,75,75,75,75,75,75,75,75,75,75],"card_choices":[{"not_picked":["WitchOfGreed","SporeBomb"],"picked":"NonDirectionalLaser","floor":1.0},{"not_picked":["UnstableBomb","BlazeAway"],"picked":"NonDirectionalLaser","floor":2.0},{"not_picked":["6A","PropBag"],"picked":"TreasureHunter","floor":3.0},{"not_picked":["SprinkleStarSeal","EventHorizon"],"picked":"DragonMeteor","floor":4.0},{"not_picked":["StarDustReverie+1","AbsoluteMagnitude+1"],"picked":"BlazingStar+1","floor":5.0},{"not_picked":["SatelliteIllusion+1","StarDustReverie+1"],"picked":"UltimateShortwave+1","floor":5.0},{"not_picked":["ManaRampage+1","BlazingStar+1"],"picked":"MillisecondPulsars+1","floor":5.0},{"not_picked":["DragonMeteor","Acceleration"],"picked":"DoubleSpark","floor":10.0},{"not_picked":["DC","SporeBomb"],"picked":"DeepEcoloBomb","floor":11.0},{"not_picked":["GrandCross","Singularity"],"picked":"MilkyWay","floor":12.0},{"not_picked":["FinalSpark","ManaRampage"],"picked":"TreasureHunter","floor":16.0},{"not_picked":["SporeBomb","BlazeAway"],"picked":"AsteroidBelt","floor":18.0},{"not_picked":["SporeBomb","GravityBeat"],"picked":"PowerUp","floor":20.0},{"not_picked":["FinalSpark+1","MillisecondPulsars+1"],"picked":"BinaryStars+1","floor":21},{"not_picked":["DC+1","GravityBeat+1"],"picked":"GrandCross+1","floor":21},{"not_picked":["OneTimeOff+1","DarkMatter+1"],"picked":"GasGiant+1","floor":21},{"not_picked":["GalacticHalo","Occultation"],"picked":"AsteroidBelt+1","floor":22},{"not_picked":["Orbital+1","Acceleration+1"],"picked":"EarthLightRay","floor":23},{"not_picked":["UnstableBomb+1","MysteriousBeam"],"picked":"GalacticHalo","floor":24},{"not_picked":["Occultation","SatelliteIllusion"],"picked":"WitchLeyline","floor":31},{"not_picked":["JA","CollectingQuirk"],"picked":"CasketOfStar","floor":33}],"player_experience":376178,"relics_obtained":[{"floor":9.0,"key":"HornCleat"},{"floor":12.0,"key":"Garlic"},{"floor":23,"key":"aspiration:StickyExplosives_weak"},{"floor":26,"key":"Pen Nib"},{"floor":33,"key":"halation:Trompette"}],"event_choices":[{"damage_healed":0.0,"max_hp_gain":0.0,"max_hp_loss":0.0,"gold_gain":0.0,"event_name":"betterMatch:BetterMatch","player_choice":"3","floor":5.0,"gold_loss":0.0,"damage_taken":0.0,"cards_obtained":["betterMatch:RareCard"]},{"damage_healed":0.0,"max_hp_gain":0.0,"max_hp_loss":0.0,"gold_gain":0.0,"event_name":"Golden Idol","player_choice":"Take Wound","floor":7.0,"gold_loss":0.0,"damage_taken":0.0,"relics_obtained":["Golden Idol"],"cards_obtained":["Injury"]},{"cards_removed":["Strike_MRS"],"damage_healed":0.0,"max_hp_gain":0.0,"max_hp_loss":0.0,"gold_gain":0.0,"event_name":"Wheel of Change","player_choice":"Card Removal","floor":14.0,"gold_loss":0.0,"damage_taken":0.0},{"damage_healed":0,"gold_gain":0,"player_choice":"2","damage_taken":0,"max_hp_gain":0,"max_hp_loss":0,"event_name":"betterMatch:BetterMatch","floor":21,"gold_loss":0,"cards_obtained":["betterMatch:RareCard","betterMatch:CommonCard","betterMatch:UncommonCard"]},{"cards_removed":["infinitespire:UltimateForm"],"damage_healed":0,"gold_gain":0,"player_choice":"Give","damage_taken":0,"max_hp_gain":0,"max_hp_loss":0,"event_name":"betterNote:BetterNote","floor":29,"gold_loss":0,"cards_obtained":["Defend_S"]}],"is_beta":false,"boss_relics":[{"not_picked":["halation:SmartPhone","Replay:Drink Me"],"picked":"RampagingMagicTools"}],"items_purged_floors":[13],"is_endless":false,"potions_floor_spawned":[1,2,10,11,12,20,23,24],"killed_by":"bossMod:newChamp","ascension_level":0}}