{"host":"ws1rigs6jhqnf67d","time":1611504411,"event":{"mods":["BaseMod","Friendly Minions","KinomotoSakuraMod(ƒæ÷Æ±æ”£)","Kiyohime£®«Âºß£©","Lobotomy","LobotomyExtend","Marisa£®ÏF”Í°°ƒß¿Ì…≥£©","Minty Spire (QoL Compilation)","Remilia£®¿Ÿ√◊¿Ú—«£©","StSLib","The Bug Knight","Youmu£®ªÍ∆«—˝√Œ£©","[IsaacMod]“‘»ˆº‚À˛"],"gold_per_floor":[111,125,142,145,165,191,39,68,94,122,87,118,118,133,133,197,197,197,112,127,127,140,170,181,181,181,196,222,241,259,290,290,374,374,393,410,428,445,445,478,478,495,495,521,533,545,79,98,98,98,98],"floor_reached":52,"language":"ZHS","playtime":1750,"items_purged":[],"score":1681,"play_id":"d246c7bc-7880-47ee-8e55-29d9b4eb0578","local_time":"20210125000651","is_ascension_mode":true,"campfire_choices":[{"data":"ClowCardTheTwin","floor":13,"key":"SMITH"},{"floor":15,"key":"REST"},{"data":"ClowCardTheFight","floor":25,"key":"SMITH"},{"data":"ClowCardTheMove","floor":32,"key":"SMITH"},{"data":"ClowCardTheLight","floor":41,"key":"SMITH"},{"floor":45,"key":"REST"},{"floor":49,"key":"REST"}],"circlet_count":0,"master_deck":["SakuraCardTheMove+","SakuraCardTheShield+","SakuraCardTheSword+","AscendersBane","ClowCardTheSword+1","ClowCardTheSword","ClowCardTheSword","ClowCardTheShield","ClowCardTheShield","ClowCardTheShield","SpellCardSeal+1","SpellCardRelease","ClowCardTheTwin+1","ClowCardTheFight+1","ClowCardTheLight+1","Bomb","ClowCardTheTwin"],"relics":["KSMOD_SealedBook","KSMOD_SealedWand","HushsDoor","NeowsBlessing","TuHaoJin","LetterFromLob","TheBean","KSMOD_SwordJade","Centennial Puzzle","Whetstone","Boot","Mercury Hourglass","Sozu","KSMOD_Yue","HornCleat","Omamori","HowToJump","Eternal Feather","CeramicFish","KSMOD_DarknessWand","Art of War","Shuriken","MawBank","Blood Vial","Bottled Flame"],"acts_visited":["Exordium","TheCity","TheBeyond"],"potions_floor_usage":[8,16,16,50],"damage_taken":[{"damage":0,"enemies":"2 Louse","floor":1,"turns":2},{"damage":0,"enemies":"Jaw Worm","floor":2,"turns":1},{"damage":4,"enemies":"Small Slimes","floor":3,"turns":4},{"damage":7,"enemies":"Exordium Thugs","floor":4,"turns":4},{"damage":0,"enemies":"Large Slime","floor":5,"turns":6},{"damage":13,"enemies":"3 Sentries","floor":6,"turns":4},{"damage":15,"enemies":"Lagavulin","floor":8,"turns":3},{"damage":10,"enemies":"3 Sentries","floor":10,"turns":5},{"damage":0,"enemies":"Gremlin Nob","floor":12,"turns":2},{"damage":11,"enemies":"Looter","floor":14,"turns":2},{"damage":0,"enemies":"Slime Boss","floor":16,"turns":5},{"damage":0,"enemies":"3 Byrds","floor":18,"turns":3},{"damage":2,"enemies":"2 Thieves","floor":20,"turns":3},{"damage":6,"enemies":"Snake Plant","floor":22,"turns":2},{"damage":1,"enemies":"Slavers","floor":23,"turns":2},{"damage":0,"enemies":"Snecko","floor":24,"turns":3},{"damage":0,"enemies":"Centurion and Healer","floor":27,"turns":3},{"damage":0,"enemies":"Book of Stabbing","floor":28,"turns":2},{"damage":15,"enemies":"Snake Plant","floor":29,"turns":2},{"damage":3,"enemies":"Cultist and Chosen","floor":30,"turns":3},{"damage":0,"enemies":"Slavers","floor":31,"turns":1},{"damage":0,"enemies":"Collector","floor":33,"turns":5},{"damage":7,"enemies":"3 Shapes","floor":35,"turns":4},{"damage":15,"enemies":"3 Darklings","floor":36,"turns":3},{"damage":0,"enemies":"4 Shapes","floor":37,"turns":2},{"damage":13,"enemies":"Spire Growth","floor":38,"turns":3},{"damage":5,"enemies":"Nemesis","floor":40,"turns":4},{"damage":21,"enemies":"Writhing Mass","floor":42,"turns":4},{"damage":30,"enemies":"Reptomancer","floor":44,"turns":4},{"damage":4,"enemies":"Sphere and 2 Shapes","floor":48,"turns":4},{"damage":23,"enemies":"Time Eater","floor":50,"turns":5}],"seed_played":"-5463385265238585721","potions_obtained":[{"floor":4,"key":"EssenceOfSteel"},{"floor":5,"key":"AttackPotion"},{"floor":8,"key":"Strength Potion"},{"floor":16,"key":"Fruit Juice"}],"is_trial":false,"path_per_floor":["M","M","M","M","M","E","$","E","T","E","?","E","R","M","R","B",null,"M","?","M","$","M","E","M","R","T","M","E","M","M","E","R","B",null,"M","M","M","M","?","E","R","M","T","E","R","?","$","M","R","B",null,null],"character_chosen":"KINOMOTOSAKURA","items_purchased":["KSMOD_SwordJade","Blood Vial","Bottled Flame","Bomb"],"campfire_rested":3,"item_purchase_floors":[7,47,47,47],"current_hp_per_floor":[63,63,59,52,52,39,39,24,24,14,31,31,31,20,41,46,68,68,68,66,66,60,59,59,59,59,59,59,44,41,41,50,50,69,62,47,47,34,53,48,57,36,36,6,37,37,37,35,66,45,45],"gold":98,"neow_bonus":"THREE_ENEMY_KILL","is_daily":false,"chose_seed":false,"campfire_upgraded":4,"win_rate":0.0,"timestamp":1611504411,"path_taken":["M","M","M","M","M","E","$","E","T","E","?","E","R","M","R","BOSS","M","?","M","?","M","E","M","R","T","M","E","M","M","E","R","BOSS","M","M","M","M","?","E","R","M","T","E","R","?","$","M","R","BOSS"],"items_purchased_type":["Relic","Relic","Relic","Card"],"build_version":"2020-12-22","purchased_purges":0,"victory":true,"max_hp_per_floor":[70,70,70,70,70,70,70,70,70,70,70,70,70,70,70,75,75,75,75,75,75,75,75,75,75,75,75,75,75,75,75,75,75,75,75,75,75,75,75,75,75,75,75,75,75,75,75,75,75,75,75],"card_choices":[{"not_picked":["ClowCardTheWatery","ClowCardTheLock","ClowCardTheSilent"],"picked":"SKIP","floor":1},{"not_picked":["ClowCardTheLittle","ClowCardTheShot","ClowCardTheLibra"],"picked":"SKIP","floor":2},{"not_picked":["ClowCardTheEarthy","ClowCardTheSilent"],"picked":"Bomb","floor":3},{"not_picked":["ClowCardTheFloat","ClowCardTheMaze","ClowCardTheLock"],"picked":"SKIP","floor":4},{"not_picked":["Bomb","ClowCardTheDream"],"picked":"ClowCardTheTwin","floor":5},{"not_picked":["ClowCardTheEarthy","ClowCardTheSilent","ClowCardTheSong"],"picked":"SKIP","floor":6},{"not_picked":["ClowCardTheWood","ClowCardTheEarthy","ClowCardTheVoice"],"picked":"SKIP","floor":8},{"not_picked":["ClowCardTheFlower","ClowCardTheIllusion"],"picked":"Bomb","floor":10},{"not_picked":["ClowCardTheTime","ClowCardTheDream"],"picked":"Bomb","floor":12},{"not_picked":["ClowCardTheLittle","ClowCardTheSleep","ClowCardTheSilent"],"picked":"SKIP","floor":14},{"not_picked":["ClowCardTheThunder","ClowCardTheDash"],"picked":"ClowCardTheFight","floor":16},{"not_picked":["ClowCardTheDream","ClowCardTheSweet","ClowCardTheWatery"],"picked":"SKIP","floor":18},{"not_picked":["ClowCardTheSong","ClowCardTheSand+1","ClowCardTheMist"],"picked":"SKIP","floor":20},{"not_picked":["ClowCardTheDream","ClowCardTheErase","ClowCardTheLock"],"picked":"SKIP","floor":22},{"not_picked":["ClowCardTheWave","ClowCardTheVoice+1","ClowCardTheCloud"],"picked":"SKIP","floor":23},{"not_picked":["ClowCardTheMirror","ClowCardTheJump","ClowCardTheChange"],"picked":"SKIP","floor":24},{"not_picked":["ClowCardTheMirror","ClowCardTheRain","ClowCardTheShot"],"picked":"SKIP","floor":27},{"not_picked":["ClowCardTheSand","ClowCardTheVoice"],"picked":"ClowCardTheCreate","floor":28},{"not_picked":["ClowCardTheShot","ClowCardTheMirror"],"picked":"ClowCardTheMove","floor":29},{"not_picked":["ClowCardTheWindy","ClowCardTheLock","ClowCardTheLittle"],"picked":"SKIP","floor":30},{"not_picked":["ClowCardTheSnow","ClowCardTheFloat","ClowCardTheLittle"],"picked":"SKIP","floor":31},{"not_picked":["ClowCardTheReturn","ClowCardTheDash"],"picked":"ClowCardTheLight","floor":33},{"not_picked":["ClowCardTheLibra","ClowCardTheShot","ClowCardTheBubbles"],"picked":"SKIP","floor":35},{"not_picked":["ClowCardTheLoop+1","ClowCardTheWatery","ClowCardTheEarthy+1"],"picked":"SKIP","floor":36},{"not_picked":["ClowCardTheMaze","ClowCardTheCloud","ClowCardTheRain"],"picked":"SKIP","floor":37},{"not_picked":["ClowCardTheLittle","ClowCardTheSand+1","ClowCardTheLock"],"picked":"SKIP","floor":38},{"not_picked":["ClowCardTheCloud+1","ClowCardTheFight","ClowCardTheBig"],"picked":"SKIP","floor":40},{"not_picked":["ClowCardTheCloud","ClowCardTheMirror","ClowCardTheWave+1"],"picked":"SKIP","floor":42},{"not_picked":["ClowCardTheShot+1","ClowCardTheDream+1","ClowCardTheCloud+1"],"picked":"SKIP","floor":44},{"not_picked":["ClowCardTheLock","ClowCardTheMist+1"],"picked":"ClowCardTheTwin","floor":48}],"player_experience":842666,"relics_obtained":[{"floor":1,"key":"LetterFromLob"},{"floor":6,"key":"TheBean"},{"floor":8,"key":"Centennial Puzzle"},{"floor":9,"key":"Whetstone"},{"floor":10,"key":"Boot"},{"floor":12,"key":"Mercury Hourglass"},{"floor":23,"key":"HornCleat"},{"floor":26,"key":"Omamori"},{"floor":28,"key":"HowToJump"},{"floor":31,"key":"Eternal Feather"},{"floor":33,"key":"CeramicFish"},{"floor":40,"key":"Art of War"},{"floor":43,"key":"Shuriken"},{"floor":44,"key":"MawBank"}],"event_choices":[{"damage_healed":17,"gold_gain":0,"player_choice":"Healed","damage_taken":0,"max_hp_gain":0,"max_hp_loss":0,"event_name":"The Cleric","floor":11,"gold_loss":35},{"damage_healed":0,"gold_gain":0,"player_choice":"Obtained Relic","damage_taken":0,"relics_obtained":["KSMOD_Yue"],"max_hp_gain":0,"max_hp_loss":0,"event_name":"Addict","floor":19,"gold_loss":85},{"damage_healed":19,"gold_gain":0,"player_choice":"Writhe","damage_taken":0,"max_hp_gain":0,"max_hp_loss":0,"event_name":"Winding Halls","floor":39,"gold_loss":0,"cards_obtained":["Writhe"]}],"is_beta":false,"boss_relics":[{"not_picked":["Astrolabe","Ectoplasm"],"picked":"Sozu"},{"not_picked":[]},{"not_picked":["Velvet Choker","SacredBark"],"picked":"KSMOD_DarknessWand"},{"not_picked":[]}],"items_purged_floors":[],"is_endless":false,"potions_floor_spawned":[4,5,8,10,16,20,24,27,30,38,40,44],"ascension_level":13}}