{"host":"6iv6hzocosv1haef","time":1611512823,"event":{"mods":["AchievementEnabler","AlwaysNeverKeys","BaseMod","Colored Map","Colored Powertips","Downfall","Friendly Minions","GifTheSpireLib","Highlight Path","Minty Spire (QoL Compilation)","Permanent Neow","Quick Restart","Relic Filter","Relic Sorter","StSLib"],"gold_per_floor":[99,112,123,123,33,33,104,116,135,164,64,64,98,114,132,231,231,231,249,249,265,265,277,277,297,307,307,207,233,233,118,129,224,224,224,240,258,358,375,407,430,456,96,196,214,233,233,233,244,244],"floor_reached":51,"language":"ENG","playtime":4753,"items_purged":["Slimebound:Strike_Slimebound","Slimebound:Defend_Slimebound","Slimebound:GrowthPunch"],"score":891,"play_id":"c566ecfe-0d54-4338-858c-6c3f15d71939","local_time":"20210124182703","is_ascension_mode":false,"campfire_choices":[{"data":"Slimebound:BestDefense","floor":1.0,"key":"SMITH"},{"data":"Slimebound:FlameTackle","floor":6.0,"key":"SMITH"},{"data":"Slimebound:Defend_Slimebound","floor":11.0,"key":"SMITH"},{"data":"Slimebound:CorrosiveSpit","floor":18.0,"key":"SMITH"},{"data":"Slimebound:SplitLeeching","floor":28.0,"key":"SMITH"},{"data":"Slimebound:Defend_Slimebound","floor":35.0,"key":"SMITH"},{"floor":47.0,"key":"REST"}],"circlet_count":0,"master_deck":["Slimebound:Tackle+1","Slimebound:Defend_Slimebound+1","Slimebound:Defend_Slimebound+1","Slimebound:Defend_Slimebound+1","Slimebound:Split+1","Slimebound:CorrosiveSpit+1","Slimebound:FlameTackle+1","Slimebound:SplitLeeching+1","Slimebound:FinishingTackle+1"],"relics":["Slimebound:AbsorbEndCombat","Slimebound:MaxSlimesRelic","Happy Flower","downfall:HeartBlessingGreen","Boot","Black Star","downfall:HeartBlessingBlue","Meat on the Bone","Pocketwatch","Vajra","Slimebound:TarBlob","The Courier","Ornamental Fan","Art of War","Toy Ornithopter","PreservedInsect","Slimebound:SelfDamagePreventRelic","Shuriken","Bronze Scales","Anchor","Potion Belt","Bag of Marbles"],"acts_visited":["Exordium","TheCity","TheBeyond"],"potions_floor_usage":[],"damage_taken":[{"damage":0.0,"enemies":"Cultist","floor":2.0,"turns":4.0},{"damage":3.0,"enemies":"Small Slimes","floor":3.0,"turns":5.0},{"damage":14.0,"enemies":"downfall:FleeingMerchant","floor":5.0,"turns":4.0},{"damage":0.0,"enemies":"2 Louse","floor":8.0,"turns":3.0},{"damage":0.0,"enemies":"Blue Slaver","floor":9.0,"turns":4.0},{"damage":19.0,"enemies":"3 Sentries","floor":10.0,"turns":12.0},{"damage":15.0,"enemies":"Gremlin Nob","floor":13.0,"turns":3.0},{"damage":0.0,"enemies":"Exordium Thugs","floor":14.0,"turns":5.0},{"damage":3.0,"enemies":"3 Louse","floor":15.0,"turns":4.0},{"damage":5.0,"enemies":"DF_ARCHETYPE_STREAMLINE","floor":16.0,"turns":10.0},{"damage":9.0,"enemies":"3 Byrds","floor":19.0,"turns":7.0},{"damage":7.0,"enemies":"Snecko","floor":21.0,"turns":7.0},{"damage":12.0,"enemies":"Centurion and Healer","floor":23.0,"turns":6.0},{"damage":8.0,"enemies":"Snake Plant","floor":25.0,"turns":4.0},{"damage":1.0,"enemies":"Cultist and Chosen","floor":26.0,"turns":7.0},{"damage":19.0,"enemies":"Slavers","floor":29.0,"turns":7.0},{"damage":3.0,"enemies":"downfall:FleeingMerchant","floor":31.0,"turns":4.0},{"damage":0.0,"enemies":"Centurion and Healer","floor":32.0,"turns":5.0},{"damage":26.0,"enemies":"WA_ARCHETYPE_CALM","floor":33.0,"turns":10.0},{"damage":0.0,"enemies":"Orb Walker","floor":36.0,"turns":3.0},{"damage":17.0,"enemies":"3 Darklings","floor":37.0,"turns":7.0},{"damage":16.0,"enemies":"Spire Growth","floor":39.0,"turns":4.0},{"damage":38.0,"enemies":"Nemesis","floor":40.0,"turns":7.0},{"damage":15.0,"enemies":"Giant Head","floor":42.0,"turns":6.0},{"damage":3.0,"enemies":"downfall:FleeingMerchant","floor":43.0,"turns":3.0},{"damage":0.0,"enemies":"downfall:LadyInBlue","floor":44.0,"turns":3.0},{"damage":2.0,"enemies":"Sphere and 2 Shapes","floor":45.0,"turns":4.0},{"damage":0.0,"enemies":"Transient","floor":46.0,"turns":5.0},{"damage":0.0,"enemies":"3 Darklings","floor":49.0,"turns":4.0},{"damage":29,"enemies":"IC_BLOCK_ARCHETYPE","floor":50,"turns":7}],"seed_played":"-6523329933516815360","potions_obtained":[{"floor":3.0,"key":"Fruit Juice"},{"floor":8.0,"key":"Weak Potion"},{"floor":9.0,"key":"Energy Potion"},{"floor":16.0,"key":"LiquidBronze"},{"floor":19.0,"key":"DuplicationPotion"},{"floor":42.0,"key":"Guardian:BlockOnCardUsePotion"},{"floor":44.0,"key":"Swift Potion"},{"floor":44.0,"key":"FairyPotion"},{"floor":44.0,"key":"ColorlessPotion"}],"is_trial":false,"path_per_floor":["R","M","M","?","$","R","T","M","M","E","R","?","E","M","M","B",null,"R","M","?","M","?","M","T","M","M","?","R","E","T","$","M","B",null,"R","M","M","?","M","E","T","E","$","?","M","M","R","T","M","B",null],"character_chosen":"SLIMEBOUND","items_purchased":["Slimebound:SelfDamagePreventRelic","Shuriken","Slimebound:GrowthPunch","Bronze Scales","Anchor"],"campfire_rested":1,"item_purchase_floors":[43,43,43,43,43],"current_hp_per_floor":[65,65,70,70,58,58,58,60,60,43,43,43,32,32,31,34,70,70,65,65,62,62,58,58,54,61,61,71,60,60,65,73,55,80,80,80,69,69,57,39,39,44,52,56,58,66,80,80,80,57],"gold":244,"neow_bonus":"TRANSFORM_CARD","is_daily":false,"chose_seed":false,"campfire_upgraded":6,"win_rate":0.0,"timestamp":1611512823,"path_taken":["R","M","M","?","$","R","T","M","M","E","R","?","E","M","M","BOSS","R","M","?","M","?","M","T","M","?","?","R","E","?","?","M","BOSS","R","M","M","?","M","E","T","E","?","?","M","?","R","?","M","BOSS"],"items_purchased_type":["Relic","Relic","Card","Relic","Relic"],"build_version":"2020-12-22","purchased_purges":3,"victory":true,"max_hp_per_floor":[65,65,70,70,70,70,70,70,70,70,70,70,70,70,70,70,70,70,70,70,70,70,70,70,70,70,70,80,80,80,80,80,80,80,80,80,80,80,80,80,80,80,80,80,80,80,80,80,80,80],"card_choices":[{"not_picked":["Slimebound:ItLooksTasty","Slimebound:LeechingTouch","Slimebound:ForwardTackle"],"picked":"SKIP","floor":2.0},{"not_picked":["Slimebound:SlimeSpikes","Slimebound:GoopTackle"],"picked":"Slimebound:FlameTackle","floor":3.0},{"not_picked":["Slimebound:ProtectTheBoss","Slimebound:SlimeSpikes","Slimebound:RollThrough"],"picked":"SKIP","floor":5.0},{"not_picked":["Slimebound:Schlurp","Slimebound:ViciousTackle","Slimebound:SplitMire"],"picked":"SKIP","floor":8.0},{"not_picked":["Slimebound:Equalize","Slimebound:Grow","Slimebound:LeechingTouch"],"picked":"SKIP","floor":9.0},{"not_picked":["Slimebound:SlimeBarrage","Slimebound:FinishingTackle","Slimebound:SpikyOuterGoop"],"picked":"SKIP","floor":10.0},{"not_picked":["Slimebound:FlameTackle","Slimebound:RollThrough","Slimebound:Dissolve"],"picked":"SKIP","floor":13.0},{"not_picked":["Slimebound:GoopSpray","Slimebound:Prepare","Slimebound:SlimeSpikes"],"picked":"SKIP","floor":14.0},{"not_picked":["Slimebound:SlimeBarrage","Slimebound:Teamwork"],"picked":"Slimebound:SplitLeeching","floor":15.0},{"not_picked":["Slimebound:DisruptingSlam+1","Slimebound:PressTheAttack+1","Slimebound:SlimeSpikes"],"picked":"SKIP","floor":19.0},{"not_picked":["Slimebound:FinishingTackle","Slimebound:PressTheAttack","Slimebound:DivideAndConquer+1"],"picked":"SKIP","floor":21.0},{"not_picked":["Slimebound:BestDefense","Slimebound:DisruptingSlam","Slimebound:LivingWall"],"picked":"SKIP","floor":23.0},{"not_picked":["Slimebound:SpikyOuterGoop","Slimebound:LeechingTouch","Slimebound:ComboTackle+1"],"picked":"SKIP","floor":25.0},{"not_picked":["Slimebound:DivideAndConquer","Slimebound:Replication+1","Slimebound:SlimeSpikes"],"picked":"SKIP","floor":26.0},{"not_picked":["Slimebound:ServeAndProtect","Slimebound:SplitMire+1","Slimebound:LeechingTouch"],"picked":"SKIP","floor":29.0},{"not_picked":["Slimebound:ServeAndProtect","Slimebound:SplitMire+1","Slimebound:LeechingTouch"],"picked":"SKIP","floor":29.0},{"not_picked":["Slimebound:Dissolve","Slimebound:LeadByExample","Slimebound:DuplicatedForm"],"picked":"SKIP","floor":31.0},{"not_picked":["Slimebound:LeechEnergy","Slimebound:TongueLash","Slimebound:ItLooksTasty"],"picked":"SKIP","floor":32.0},{"not_picked":["Slimebound:FinishingTackle","Slimebound:SplitSpecialist+1","Slimebound:LeechingTouch"],"picked":"SKIP","floor":36.0},{"not_picked":["Slimebound:FormOfPuddle+1","Slimebound:SplitSpecialist"],"picked":"Slimebound:FinishingTackle+1","floor":37.0},{"not_picked":["Slimebound:ItLooksTasty+1","Slimebound:SlimeSpikes+1","Slimebound:SamplingLick+1"],"picked":"SKIP","floor":39.0},{"not_picked":["Slimebound:FirmFortitude","Slimebound:SamplingLick","Slimebound:SlimeBrawl"],"picked":"SKIP","floor":40.0},{"not_picked":["Slimebound:SplitMire","Slimebound:MassFeed","Slimebound:LeadByExample"],"picked":"SKIP","floor":42.0},{"not_picked":["Slimebound:Prepare","Slimebound:MassRepurpose","Slimebound:Gluttony+1"],"picked":"SKIP","floor":43.0},{"not_picked":["Slimebound:RollThrough","Slimebound:LivingWall","Slimebound:LeechingTouch"],"picked":"SKIP","floor":45.0},{"not_picked":["Slimebound:AcidTongue","Slimebound:SamplingLick+1","Slimebound:SlimeBarrage"],"picked":"SKIP","floor":46.0},{"not_picked":["Slimebound:SplitMire","Slimebound:Prepare+1","Slimebound:RollThrough+1"],"picked":"SKIP","floor":49.0}],"player_experience":174131,"relics_obtained":[{"floor":7.0,"key":"Slimebound:MaxSlimesRelic"},{"floor":10.0,"key":"Happy Flower"},{"floor":13.0,"key":"Boot"},{"floor":29.0,"key":"Meat on the Bone"},{"floor":29.0,"key":"Pocketwatch"},{"floor":30.0,"key":"Vajra"},{"floor":40.0,"key":"The Courier"},{"floor":40.0,"key":"Ornamental Fan"},{"floor":41.0,"key":"Art of War"},{"floor":42.0,"key":"Toy Ornithopter"},{"floor":42.0,"key":"PreservedInsect"},{"floor":44.0,"key":"Potion Belt"},{"floor":48.0,"key":"Bag of Marbles"}],"event_choices":[],"is_beta":false,"boss_relics":[{"not_picked":["Tiny House","bronze:MakeshiftBattery"],"picked":"Black Star"},{"not_picked":["Coffee Dripper","Empty Cage"],"picked":"Slimebound:TarBlob"}],"items_purged_floors":[5,31,43],"is_endless":false,"potions_floor_spawned":[3,8,9,16,19,21,23,26,39,42,44,46],"ascension_level":0}}