{"host":"3zb3nk4wvq0dtbuh","time":1611500007,"event":{"mods":["AchievementEnabler","BaseMod","Lobotomy","Minty Spire (QoL Compilation)","Quick Restart","StSLib","SuperFastMode","The Blackbeard"],"gold_per_floor":[112,132,207,382,398,398,413,413,462,473,66,85,96,107,107,203,203,215,234,254,254,270,270,369,379,379,404,5,5,5],"floor_reached":29,"language":"ZHS","playtime":636,"items_purged":[],"score":221,"play_id":"05a70ec2-d1ee-4afa-abd4-408025a380f8","local_time":"20210124225327","is_ascension_mode":false,"campfire_choices":[{"data":"Zap","floor":6.0,"key":"SMITH"},{"data":"Beam Cell","floor":15.0,"key":"SMITH"},{"floor":23.0,"key":"REST"}],"circlet_count":0,"master_deck":["Strike_B","Strike_B","Strike_B","Strike_B","Defend_B","Defend_B","Defend_B","Defend_B","Zap+1","Dualcast+1","Injury","All For One","Leap","Doubt","Coolheaded","Coolheaded","Conserve Battery","Beam Cell+1","Gash","Scrape","Turbo+1","Gash","Steam","Go for the Eyes","Scrape"],"relics":["Cracked Core","Potion Belt","Lee\u0027s Waffle","Frozen Egg 2","SacredBark","Blue Candle","Lantern","Juzu Bracelet","Blood Vial"],"acts_visited":["Exordium","TheCity"],"potions_floor_usage":[29],"damage_taken":[{"damage":0.0,"enemies":"Cultist","floor":1.0,"turns":4.0},{"damage":1.0,"enemies":"2 Louse","floor":2.0,"turns":2.0},{"damage":8.0,"enemies":"Small Slimes","floor":5.0,"turns":3.0},{"damage":13.0,"enemies":"3 Louse","floor":7.0,"turns":3.0},{"damage":8.0,"enemies":"Gremlin Gang","floor":10.0,"turns":3.0},{"damage":0.0,"enemies":"Large Slime","floor":12.0,"turns":6.0},{"damage":0.0,"enemies":"Blue Slaver","floor":13.0,"turns":5.0},{"damage":1.0,"enemies":"2 Fungi Beasts","floor":14.0,"turns":3.0},{"damage":35.0,"enemies":"Slime Boss","floor":16.0,"turns":10.0},{"damage":17.0,"enemies":"Shell Parasite","floor":18.0,"turns":5.0},{"damage":17.0,"enemies":"Spheric Guardian","floor":19.0,"turns":4.0},{"damage":27.0,"enemies":"Snake Plant","floor":20.0,"turns":4.0},{"damage":14.0,"enemies":"Centurion and Healer","floor":22.0,"turns":6.0},{"damage":13.0,"enemies":"Shelled Parasite and Fungi","floor":25.0,"turns":6.0},{"damage":23,"enemies":"3 Cultists","floor":29,"turns":5}],"seed_played":"-4128526321458611383","potions_obtained":[{"floor":2.0,"key":"Energy Potion"},{"floor":7.0,"key":"SkillPotion"},{"floor":12.0,"key":"AttackPotion"},{"floor":13.0,"key":"LiquidBronze"},{"floor":14.0,"key":"Weak Potion"},{"floor":19.0,"key":"FocusPotion"},{"floor":25.0,"key":"DistilledChaos"}],"is_trial":false,"path_per_floor":["M","M","?","?","M","R","M","?","T","M","$","M","M","M","R","B",null,"M","M","M","?","M","R","?","M","T","T","$","M"],"character_chosen":"DEFECT","items_purchased":["Lee\u0027s Waffle","Frozen Egg 2","Juzu Bracelet","Blood Vial","Go for the Eyes","Scrape"],"campfire_rested":1,"item_purchase_floors":[11,11,28,28,28,28],"current_hp_per_floor":[75,74,63,63,55,55,42,42,42,34,82,82,82,81,81,46,82,65,48,21,21,7,31,31,18,18,18,18,0,0],"gold":5,"neow_bonus":"THREE_RARE_CARDS","is_daily":false,"chose_seed":false,"campfire_upgraded":2,"win_rate":0.0,"timestamp":1611500007,"path_taken":["M","M","?","?","M","R","M","?","T","M","$","M","M","M","R","BOSS","M","M","M","?","?","R","?","M","T","?","$","M"],"items_purchased_type":["Relic","Relic","Relic","Relic","Card","Card"],"build_version":"2020-12-22","purchased_purges":0,"victory":false,"max_hp_per_floor":[75,75,75,75,75,75,75,75,75,75,82,82,82,82,82,82,82,82,82,82,82,82,82,82,82,82,82,82,82,82],"card_choices":[{"not_picked":["Fission","Machine Learning"],"picked":"All For One","floor":0.0},{"not_picked":["Turbo","Chill","Tempest"],"picked":"SKIP","floor":1.0},{"not_picked":["Stack","Redo"],"picked":"Leap","floor":2.0},{"not_picked":["Blizzard","Defragment"],"picked":"Coolheaded","floor":5.0},{"not_picked":["Reinforced Body","Sunder"],"picked":"Coolheaded","floor":7.0},{"not_picked":["Compile Driver","BootSequence"],"picked":"Conserve Battery","floor":10.0},{"not_picked":["Cold Snap","Rip and Tear"],"picked":"Beam Cell","floor":12.0},{"not_picked":["Lockon","Aggregate"],"picked":"Gash","floor":13.0},{"not_picked":["Rebound","Sweeping Beam"],"picked":"Scrape","floor":14.0},{"not_picked":["Leap","Rebound"],"picked":"Turbo","floor":18.0},{"not_picked":["Beam Cell","Conserve Battery+1"],"picked":"Gash","floor":19.0},{"not_picked":["Beam Cell","Thunder Strike","Aggregate"],"picked":"SKIP","floor":20.0},{"not_picked":["Chill","Stack"],"picked":"Steam","floor":22.0},{"not_picked":["Turbo","Rebound","Coolheaded"],"picked":"SKIP","floor":25.0}],"player_experience":19418,"relics_obtained":[{"floor":9.0,"key":"Potion Belt"},{"floor":26.0,"key":"Blue Candle"},{"floor":27.0,"key":"Lantern"}],"event_choices":[{"damage_healed":0.0,"max_hp_gain":0.0,"max_hp_loss":0.0,"gold_gain":75.0,"event_name":"World of Goop","player_choice":"Gather Gold","floor":3.0,"gold_loss":0.0,"damage_taken":11.0},{"damage_healed":0.0,"max_hp_gain":0.0,"max_hp_loss":0.0,"gold_gain":175.0,"event_name":"Liars Game","player_choice":"AGREE","floor":4.0,"gold_loss":0.0,"damage_taken":0.0,"cards_obtained":["Doubt"]},{"damage_healed":0.0,"max_hp_gain":0.0,"max_hp_loss":0.0,"gold_gain":0.0,"event_name":"Living Wall","player_choice":"Grow","floor":8.0,"gold_loss":0.0,"damage_taken":0.0,"cards_upgraded":["Dualcast"]},{"damage_healed":0.0,"max_hp_gain":0.0,"max_hp_loss":0.0,"gold_gain":0.0,"event_name":"Upgrade Shrine","player_choice":"Upgraded","floor":21.0,"gold_loss":0.0,"damage_taken":0.0,"cards_upgraded":["Turbo"]},{"damage_healed":0.0,"max_hp_gain":0.0,"max_hp_loss":0.0,"gold_gain":99.0,"event_name":"Nest","player_choice":"Stole From Cult","floor":24.0,"gold_loss":0.0,"damage_taken":0.0}],"is_beta":false,"boss_relics":[{"not_picked":["Fusion Hammer","Runic Pyramid"],"picked":"SacredBark"}],"items_purged_floors":[],"is_endless":false,"potions_floor_spawned":[2,7,12,13,14,19,25],"killed_by":"3 Cultists","ascension_level":0}}