{"host":"y7b1p9nkx4idorr2","time":1611488864,"event":{"mods":["AchievementEnabler","Act Like it!","Aspiration","BaseMod","Better Altar","Better Match","Better Note","Better Sensory Stone","Better Skull","Better Third Choice","BetterRewards","Colored Map","Conspire","Downfall","GifTheSpireLib","Googly Eyes","Highlight Path","Hubris","Mimic Mod","Minty Spire (QoL Compilation)","Replay The Spire","Shop Mod","Spicy Shops","StSLib","Stuff the Spire","Unceasing Turn Reminder"],"gold_per_floor":[199,219,233,244,244,262,338,338,12,28,58,4,4,24,42,146,146,46,57,69,269,129,156,182,182,182,182],"floor_reached":25,"language":"ENG","playtime":1805,"items_purged":["downfall:Haunted"],"score":234,"play_id":"1ddc1ec5-89cb-474d-aa08-6faa43a2722a","local_time":"20210124054744","is_ascension_mode":true,"campfire_choices":[{"data":"Slimebound:Split","floor":1,"key":"SMITH"},{"floor":13,"key":"REST"},{"data":"Magnetism","floor":18,"key":"SMITH"}],"circlet_count":0,"master_deck":["Slimebound:Strike_Slimebound","Slimebound:Strike_Slimebound","Slimebound:Strike_Slimebound","Slimebound:Tackle","Slimebound:Defend_Slimebound","Slimebound:Defend_Slimebound","Slimebound:Defend_Slimebound","Slimebound:Defend_Slimebound","Slimebound:Split+1","Slimebound:CorrosiveSpit","Slimebound:Schlurp","Slimebound:AcidTongue","Slimebound:AcidTongue","Magnetism+1","Slimebound:HungryTackle","Slimebound:SlimeSpikes","Slimebound:Repurpose","Slimebound:Schlurp","Slimebound:Chomp","Slimebound:RollThrough","Slimebound:RollThrough","Slimebound:TongueLash","Slimebound:DisruptingSlam","Slimebound:OneTwoCombo","Slimebound:LivingWall","Slimebound:TongueLash","Slimebound:GoopSpray","Slimebound:HauntingLick","Slimebound:SlimeTap"],"relics":["Slimebound:AbsorbEndCombatUpgraded","Shuriken","conspire:DecoderRing","BranchBurnRelic","downfall:HeartBlessingGreen","ReplayTheSpireMod:Ninjato"],"acts_visited":["Exordium","TheCity"],"potions_floor_usage":[9,12,16,16,16,22],"damage_taken":[{"damage":0,"enemies":"Small Slimes","floor":2,"turns":3},{"damage":6,"enemies":"2 Louse","floor":3,"turns":2},{"damage":0,"enemies":"Cultist","floor":4,"turns":3},{"damage":16,"enemies":"Exordium Thugs","floor":6,"turns":5},{"damage":4,"enemies":"downfall:FleeingMerchant","floor":9,"turns":4},{"damage":8,"enemies":"Large Slime","floor":10,"turns":4},{"damage":42,"enemies":"Gremlin Nob","floor":11,"turns":5},{"damage":3,"enemies":"downfall:FleeingMerchant","floor":12,"turns":4},{"damage":11,"enemies":"Blue Slaver","floor":14,"turns":4},{"damage":8,"enemies":"2 Fungi Beasts","floor":15,"turns":4},{"damage":28,"enemies":"WA_ARCHETYPE_RETAIN","floor":16,"turns":12},{"damage":12,"enemies":"3 Byrds","floor":19,"turns":3},{"damage":9,"enemies":"Spheric Guardian","floor":20,"turns":5},{"damage":13,"enemies":"downfall:FleeingMerchant","floor":22,"turns":4},{"damage":30,"enemies":"Gremlin Leader","floor":23,"turns":7},{"damage":49,"enemies":"Shelled Parasite and Fungi","floor":25,"turns":4}],"seed_played":"-3218019566700434138","potions_obtained":[{"floor":2,"key":"PowerPotion"},{"floor":4,"key":"Strength Potion"},{"floor":8,"key":"Slimebound:ThreeZeroPotion"},{"floor":8,"key":"Dexterity Potion"},{"floor":11,"key":"LiquidMemories"},{"floor":14,"key":"EssenceOfSteel"},{"floor":19,"key":"Slimebound:SpawnSlimePotion"},{"floor":23,"key":"CultistPotion"}],"is_trial":false,"path_per_floor":["R","M","M","M","?","M","T","?","$","M","E","$","R","M","M","B",null,"R","M","M","?","$","E","T","M"],"character_chosen":"SLIMEBOUND","items_purchased":["Dead Branch","Slimebound:RollThrough","Slimebound:HauntingLick"],"campfire_rested":1,"item_purchase_floors":[9,12,22],"current_hp_per_floor":[65,65,61,65,65,57,57,57,61,55,19,18,37,42,40,20,65,65,57,60,60,50,35,35,0,0,0],"gold":182,"neow_bonus":"HUNDRED_GOLD","is_daily":false,"chose_seed":false,"campfire_upgraded":2,"win_rate":0.0,"timestamp":1611488864,"path_taken":["R","M","M","M","?","M","T","?","$","?","E","?","R","M","M","BOSS","R","M","M","?","$","E","T","M"],"items_purchased_type":["Relic","Card","Card"],"build_version":"2020-12-22","purchased_purges":1,"victory":false,"max_hp_per_floor":[65,65,65,65,65,65,65,65,65,65,65,65,65,65,65,65,65,65,65,65,65,65,65,65,65,65,65],"card_choices":[{"not_picked":["Slimebound:SlimeBrawl","Slimebound:Prepare"],"picked":"Slimebound:Schlurp","floor":2},{"not_picked":["Slimebound:Schlurp","Slimebound:LivingWall"],"picked":"Slimebound:AcidTongue","floor":3},{"not_picked":["Slimebound:GoopSpray","Slimebound:GoopTackle"],"picked":"Slimebound:AcidTongue","floor":4},{"not_picked":["hubris:EnhanceAbility","Blind"],"picked":"Magnetism","floor":5},{"not_picked":["Slimebound:DivideAndConquer","Slimebound:GoopTackle"],"picked":"Slimebound:HungryTackle","floor":6},{"not_picked":["Slimebound:ItLooksTasty","Slimebound:SplitBruiser"],"picked":"Slimebound:SlimeSpikes","floor":9},{"not_picked":["Slimebound:RollThrough","Slimebound:SlimeBarrage"],"picked":"Slimebound:Repurpose","floor":10},{"not_picked":["Slimebound:HungryTackle","Slimebound:ViciousTackle"],"picked":"Slimebound:Schlurp","floor":11},{"not_picked":["Slimebound:RejuvenatingLick","Slimebound:SlimeSpikes"],"picked":"Slimebound:Chomp","floor":12},{"not_picked":["Slimebound:SlimeBarrage","Slimebound:ItLooksTasty"],"picked":"Slimebound:TongueLash","floor":14},{"not_picked":["Slimebound:RollThrough","Slimebound:SplitMire"],"picked":"Slimebound:DisruptingSlam","floor":15},{"not_picked":["Slimebound:Teamwork","Slimebound:Overexert"],"picked":"Slimebound:OneTwoCombo","floor":16},{"not_picked":["Slimebound:LeechingTouch","Slimebound:LeechEnergy"],"picked":"Slimebound:LivingWall","floor":19},{"not_picked":["Slimebound:SplitLeeching","Slimebound:FormOfPuddle"],"picked":"Slimebound:TongueLash","floor":20},{"not_picked":["Slimebound:GoopTackle+1","Slimebound:FinishingTackle"],"picked":"Slimebound:GoopSpray","floor":22},{"not_picked":["Slimebound:LevelUp","Slimebound:Schlurp+1"],"picked":"Slimebound:SlimeTap","floor":23}],"player_experience":2181219,"relics_obtained":[{"floor":7,"key":"Shuriken"},{"floor":11,"key":"conspire:DecoderRing"},{"floor":23,"key":"ReplayTheSpireMod:Ninjato"}],"event_choices":[{"damage_healed":0,"gold_gain":1,"player_choice":"1","damage_taken":0,"max_hp_gain":0,"max_hp_loss":0,"event_name":"betterStone:BetterStone","floor":5,"gold_loss":0},{"damage_healed":0,"gold_gain":0,"player_choice":"Got Potions","damage_taken":0,"max_hp_gain":0,"max_hp_loss":0,"event_name":"Lab","floor":8,"gold_loss":0}],"is_beta":false,"boss_relics":[{"not_picked":["Pandora\u0027s Box","Ring of Chaos"],"picked":"Slimebound:AbsorbEndCombatUpgraded"}],"items_purged_floors":[22],"is_endless":false,"potions_floor_spawned":[2,4,11,14,15,19,23],"killed_by":"Shelled Parasite and Fungi","ascension_level":1}}