{"host":"i0avyit1s6jb1siw","time":1611488731,"event":{"mods":["BaseMod","DeckTracker","Dota2Spire","Highlight Path","Minty Spire (QoL Compilation)","Quick Restart","StSLib","SuperFastMode"],"gold_per_floor":[117,117,42,42,62,89,89,101,101,101,113,145,163,179,179,179,179],"floor_reached":16,"language":"ENG","playtime":222,"items_purged":["Strike_G"],"score":274,"play_id":"c53ef09a-c294-4ea6-846e-718226acf7b1","local_time":"20210124124531","is_ascension_mode":true,"campfire_choices":[{"data":"Neutralize","floor":7,"key":"SMITH"},{"data":"Skewer","floor":10,"key":"SMITH"},{"floor":15,"key":"REST"}],"circlet_count":0,"master_deck":["AscendersBane","Strike_G","Strike_G+1","Strike_G+1","Defend_G","Defend_G","Defend_G","Defend_G","Defend_G","Survivor","Neutralize+1","Dash","Flying Knee","Backflip","Skewer+1","Deadly Poison","Masterful Stab","PiercingWail"],"relics":["Ring of the Snake","NeowsBlessing","Calipers","Tingsha","Dota2Spire:ArcaneBoots"],"acts_visited":["Exordium"],"potions_floor_usage":[12,16],"damage_taken":[{"damage":0,"enemies":"Jaw Worm","floor":1,"turns":1},{"damage":0,"enemies":"Small Slimes","floor":5,"turns":1},{"damage":0,"enemies":"3 Sentries","floor":6,"turns":1},{"damage":0,"enemies":"Cultist","floor":8,"turns":3},{"damage":0,"enemies":"Blue Slaver","floor":11,"turns":3},{"damage":22,"enemies":"Lagavulin","floor":12,"turns":6},{"damage":0,"enemies":"Red Slaver","floor":13,"turns":2},{"damage":0,"enemies":"Looter","floor":14,"turns":2},{"damage":42,"enemies":"Slime Boss","floor":16,"turns":7}],"seed_played":"-4789097014268491636","potions_obtained":[{"floor":5,"key":"Strength Potion"},{"floor":6,"key":"FearPotion"},{"floor":8,"key":"Energy Potion"}],"is_trial":false,"path_per_floor":["M","?","$","?","M","E","R","M","T","R","M","E","M","M","R","B"],"character_chosen":"THE_SILENT","items_purchased":[],"campfire_rested":1,"item_purchase_floors":[],"current_hp_per_floor":[59,39,39,39,39,39,39,39,39,39,39,17,17,17,36,0,0],"gold":179,"neow_bonus":"THREE_ENEMY_KILL","is_daily":false,"chose_seed":false,"campfire_upgraded":2,"win_rate":0.0,"timestamp":1611488731,"path_taken":["M","?","$","?","M","E","R","M","T","R","?","E","M","M","R","BOSS"],"items_purchased_type":[],"build_version":"2020-12-22","purchased_purges":1,"victory":false,"max_hp_per_floor":[66,66,66,66,66,66,66,66,66,66,66,66,66,66,66,66,66],"card_choices":[{"not_picked":["Dodge and Roll","Prepared","Underhanded Strike"],"picked":"SKIP","floor":1},{"not_picked":["Catalyst","Underhanded Strike"],"picked":"Flying Knee","floor":5},{"not_picked":["Sucker Punch","Infinite Blades"],"picked":"Backflip","floor":6},{"not_picked":["Bane","Underhanded Strike"],"picked":"Skewer","floor":8},{"not_picked":["Distraction","Outmaneuver"],"picked":"Deadly Poison","floor":11},{"not_picked":["Infinite Blades","Blade Dance"],"picked":"Masterful Stab","floor":12},{"not_picked":["Bouncing Flask","Setup"],"picked":"PiercingWail","floor":13},{"not_picked":["Flying Knee","Quick Slash","Blade Dance"],"picked":"SKIP","floor":14}],"player_experience":2326968,"relics_obtained":[{"floor":6,"key":"Calipers"},{"floor":9,"key":"Tingsha"},{"floor":12,"key":"Dota2Spire:ArcaneBoots"}],"event_choices":[{"damage_healed":0,"gold_gain":0,"player_choice":"Entered Light","damage_taken":20,"max_hp_gain":0,"max_hp_loss":0,"event_name":"Shining Light","floor":2,"gold_loss":0,"cards_upgraded":["Strike_G","Strike_G"]},{"damage_healed":0,"gold_gain":0,"cards_transformed":["Strike_G"],"player_choice":"Transformed","damage_taken":0,"max_hp_gain":0,"max_hp_loss":0,"event_name":"Transmorgrifier","floor":4,"gold_loss":0,"cards_obtained":["Dash"]}],"is_beta":false,"boss_relics":[],"items_purged_floors":[3],"is_endless":false,"potions_floor_spawned":[5,6,8],"killed_by":"Slime Boss","ascension_level":20}}