{"host":"1nniobf0g4s2td4e","time":1611453813,"event":{"mods":["2.2 Compatiblity","BaseMod","Minty Spire (QoL Compilation)","StSLib","SuperFastMode"],"gold_per_floor":[116,116,116,116,116,116,191,226,253,271,303,303,313,328,328,424,424,413,443,443,455,380,409,409,6,32,67,77,87,87,122,122,220,270,281,108,120,130,130,130,149,184,238,238,267,282,282,293,293,293,293,293,120,149,149],"floor_reached":56,"language":"ENG","playtime":2573,"items_purged":["Strike_G","Strike_G"],"score":1498,"play_id":"860587a0-b61b-42c9-a9fa-663e6ad99c18","local_time":"20210123200333","is_ascension_mode":false,"campfire_choices":[{"data":"1","floor":6.0,"key":"LIFT"},{"data":"2","floor":12.0,"key":"LIFT"},{"data":"3","floor":15.0,"key":"LIFT"},{"floor":24.0,"key":"RECALL"},{"floor":32,"key":"REST"},{"data":"Malaise","floor":40,"key":"SMITH"},{"data":"After Image","floor":47,"key":"SMITH"},{"data":"Infinite Blades","floor":49,"key":"SMITH"},{"floor":52,"key":"REST"}],"circlet_count":0,"master_deck":["Strike_G","Strike_G","Defend_G+1","Defend_G+1","Defend_G","Defend_G","Survivor+1","Neutralize","Malaise+1","Caltrops","Dodge and Roll","Backflip","Burst+1","Cloak And Dagger+1","Infinite Blades+1","After Image+1","Deflect+1","Finisher+1","Apotheosis+1","Accuracy","Envenom","Escape Plan+1","Storm of Steel+1","Acrobatics+1","Impatience+1","Finisher"],"relics":["Ring of the Snake","Girya","Akabeko","Toxic Egg 2","Chemical X","Sozu","Red Mask","Orichalcum","Ninja Scroll","MealTicket","Bottled Lightning","Sozu","Tiny House","Unceasing Top","War Paint","Bag of Marbles","Vajra"],"acts_visited":["Exordium","TheCity","TheBeyond","TheEnding"],"potions_floor_usage":[],"damage_taken":[{"damage":2.0,"enemies":"2 Louse","floor":1.0,"turns":3.0},{"damage":0.0,"enemies":"Lagavulin","floor":8.0,"turns":9.0},{"damage":2.0,"enemies":"Small Slimes","floor":10.0,"turns":4.0},{"damage":3.0,"enemies":"Gremlin Nob","floor":11.0,"turns":8.0},{"damage":0.0,"enemies":"Jaw Worm","floor":13.0,"turns":4.0},{"damage":0.0,"enemies":"Exordium Wildlife","floor":14.0,"turns":3.0},{"damage":0.0,"enemies":"The Guardian","floor":16.0,"turns":9.0},{"damage":3.0,"enemies":"2 Thieves","floor":18.0,"turns":4.0},{"damage":3.0,"enemies":"Masked Bandits","floor":19.0,"turns":5.0},{"damage":0.0,"enemies":"Shell Parasite","floor":21.0,"turns":5.0},{"damage":0.0,"enemies":"Book of Stabbing","floor":23.0,"turns":5.0},{"damage":2.0,"enemies":"Gremlin Leader","floor":27.0,"turns":5.0},{"damage":0.0,"enemies":"Shelled Parasite and Fungi","floor":28.0,"turns":2.0},{"damage":0.0,"enemies":"3 Cultists","floor":29.0,"turns":4.0},{"damage":0,"enemies":"Book of Stabbing","floor":31,"turns":5},{"damage":0,"enemies":"Champ","floor":33,"turns":7},{"damage":10,"enemies":"3 Darklings","floor":35,"turns":5},{"damage":2,"enemies":"Orb Walker","floor":37,"turns":4},{"damage":8,"enemies":"Spire Growth","floor":38,"turns":4},{"damage":0,"enemies":"Transient","floor":41,"turns":2},{"damage":8,"enemies":"Reptomancer","floor":42,"turns":5},{"damage":5,"enemies":"Nemesis","floor":45,"turns":4},{"damage":0,"enemies":"Maw","floor":46,"turns":3},{"damage":0,"enemies":"3 Darklings","floor":48,"turns":5},{"damage":7,"enemies":"Donu and Deca","floor":50,"turns":8},{"damage":7,"enemies":"Shield and Spear","floor":54,"turns":5},{"damage":13,"enemies":"The Heart","floor":55,"turns":5}],"seed_played":"783319907205787702","potions_obtained":[{"floor":1.0,"key":"Explosive Potion"},{"floor":8.0,"key":"GamblersBrew"},{"floor":10.0,"key":"SmokeBomb"},{"floor":14.0,"key":"ColorlessPotion"}],"is_trial":false,"path_per_floor":["M","?","?","?","?","R","?","E","T","M","E","R","M","M","R","B",null,"M","?","?","M","$","E","R","$","T","E","M","M","?","E","R","B",null,"M","$","M","M","$","R","M","E","T","?","E","M","R","M","R","B",null,"R","$","E","B",null],"character_chosen":"THE_SILENT","items_purchased":["Ninja Scroll","Apotheosis+1","Storm of Steel+1","Impatience+1","Finisher"],"campfire_rested":2,"item_purchase_floors":[25,25,36,53,53],"current_hp_per_floor":[68,61,54,59,59,59,48,48,48,46,43,43,43,43,43,43,75,72,69,55,55,55,55,55,55,55,53,53,53,53,53,77,77,85,75,85,83,75,85,85,85,77,77,77,72,72,72,72,72,65,85,85,85,78,65],"gold":149,"neow_bonus":"ONE_RANDOM_RARE_CARD","is_daily":false,"chose_seed":false,"campfire_upgraded":3,"win_rate":0.0,"timestamp":1611453813,"path_taken":["M","?","?","?","?","R","?","E","T","M","E","R","M","M","R","BOSS","M","?","?","M","?","E","R","$","T","E","?","M","?","E","R","BOSS","M","$","M","M","$","R","M","E","T","?","E","M","R","M","R","BOSS","R","$","E","BOSS"],"items_purchased_type":["Relic","Card","Card","Card","Card"],"build_version":"2020-12-22","purchased_purges":2,"victory":true,"max_hp_per_floor":[70,70,70,75,75,75,75,75,75,75,75,75,75,75,75,75,75,75,75,80,80,80,80,80,80,80,80,80,80,80,80,80,80,85,85,85,85,85,85,85,85,85,85,85,85,85,85,85,85,85,85,85,85,85,85],"card_choices":[{"not_picked":["Eviscerate","Sucker Punch"],"picked":"Caltrops","floor":1.0},{"not_picked":["PiercingWail","Leg Sweep"],"picked":"Dodge and Roll","floor":8.0},{"not_picked":["Backstab","Quick Slash"],"picked":"Backflip","floor":10.0},{"not_picked":["Dodge and Roll+1","Expertise+1"],"picked":"Burst+1","floor":11.0},{"not_picked":["Choke","Deflect+1"],"picked":"Cloak And Dagger+1","floor":13.0},{"not_picked":["Reflex+1","Poisoned Stab"],"picked":"Infinite Blades","floor":14.0},{"not_picked":["Glass Knife","Unload"],"picked":"After Image","floor":16.0},{"not_picked":["Deadly Poison+1","Catalyst+1"],"picked":"Deflect+1","floor":18.0},{"not_picked":["Prepared+1","Sucker Punch"],"picked":"Finisher+1","floor":19.0},{"not_picked":["Backflip+1","Poisoned Stab","Grand Finale"],"picked":"SKIP","floor":21.0},{"not_picked":["Prepared+1","Flying Knee","Masterful Stab"],"picked":"SKIP","floor":23.0},{"not_picked":["Sucker Punch","Unload","Acrobatics+1"],"picked":"SKIP","floor":27.0},{"not_picked":["Slice","Eviscerate","Endless Agony"],"picked":"SKIP","floor":28.0},{"not_picked":["Tactician+1","Endless Agony"],"picked":"Accuracy","floor":29.0},{"not_picked":["Tools of the Trade","Dodge and Roll+1","Slice"],"picked":"SKIP","floor":31},{"not_picked":["Bullet Time+1","Phantasmal Killer+1"],"picked":"Envenom","floor":33},{"not_picked":["Outmaneuver+1","Dagger Spray+1"],"picked":"Escape Plan+1","floor":34},{"not_picked":["Deadly Poison+1","Concentrate+1","Quick Slash"],"picked":"SKIP","floor":35},{"not_picked":["Deflect+1","Footwork+1","Sucker Punch+1"],"picked":"SKIP","floor":37},{"not_picked":["Dodge and Roll+1","Dash+1","Heel Hook"],"picked":"SKIP","floor":38},{"not_picked":["Distraction+1","Endless Agony","Dodge and Roll+1"],"picked":"SKIP","floor":41},{"not_picked":["Prepared+1","Corpse Explosion+1","Acrobatics+1"],"picked":"SKIP","floor":42},{"not_picked":["Prepared+1","Corpse Explosion+1"],"picked":"Acrobatics+1","floor":42},{"not_picked":["Slice","Backflip+1","Noxious Fumes"],"picked":"SKIP","floor":45},{"not_picked":["Acrobatics+1","Outmaneuver+1","Dodge and Roll+1"],"picked":"SKIP","floor":46},{"not_picked":["Skewer","Prepared+1","Reflex+1"],"picked":"SKIP","floor":48},{"not_picked":["Quick Slash","Slice+1","Unload"],"picked":"SKIP","floor":54}],"player_experience":709539,"relics_obtained":[{"floor":8.0,"key":"Akabeko"},{"floor":11.0,"key":"Toxic Egg 2"},{"floor":19.0,"key":"Red Mask"},{"floor":23.0,"key":"Orichalcum"},{"floor":26.0,"key":"MealTicket"},{"floor":27.0,"key":"Dead Branch"},{"floor":31,"key":"Bottled Lightning"},{"floor":42,"key":"Unceasing Top"},{"floor":43,"key":"War Paint"},{"floor":45,"key":"Bag of Marbles"},{"floor":54,"key":"Vajra"}],"event_choices":[{"cards_removed":["Defend_G"],"damage_healed":0.0,"max_hp_gain":0.0,"max_hp_loss":0.0,"gold_gain":0.0,"event_name":"Golden Wing","player_choice":"Card Removal","floor":2.0,"gold_loss":0.0,"damage_taken":7.0},{"damage_healed":0.0,"max_hp_gain":0.0,"max_hp_loss":0.0,"gold_gain":0.0,"event_name":"Scrap Ooze","player_choice":"Success","floor":3.0,"gold_loss":0.0,"damage_taken":7.0,"relics_obtained":["Girya"]},{"damage_healed":0.0,"max_hp_gain":5.0,"max_hp_loss":0.0,"gold_gain":0.0,"event_name":"Big Fish","player_choice":"Donut","floor":4.0,"gold_loss":0.0,"damage_taken":0.0},{"damage_healed":0.0,"max_hp_gain":0.0,"max_hp_loss":0.0,"gold_gain":0.0,"event_name":"The Cleric","player_choice":"Leave","floor":5.0,"gold_loss":0.0,"damage_taken":0.0},{"damage_healed":0.0,"max_hp_gain":0.0,"max_hp_loss":0.0,"gold_gain":75.0,"event_name":"World of Goop","player_choice":"Gather Gold","floor":7.0,"gold_loss":0.0,"damage_taken":11.0},{"damage_healed":0.0,"max_hp_gain":0.0,"max_hp_loss":0.0,"gold_gain":0.0,"event_name":"Masked Bandits","player_choice":"Fought Bandits","floor":19.0,"gold_loss":0.0,"damage_taken":0.0},{"damage_healed":0.0,"max_hp_gain":5.0,"max_hp_loss":0.0,"gold_gain":0.0,"event_name":"Forgotten Altar","player_choice":"Shed Blood","floor":20.0,"gold_loss":0.0,"damage_taken":19.0},{"damage_healed":0,"gold_gain":0,"player_choice":"Ignored","damage_taken":0,"max_hp_gain":0,"max_hp_loss":0,"event_name":"Cursed Tome","floor":30,"gold_loss":0},{"cards_removed":["Strike_G"],"damage_healed":0,"gold_gain":0,"player_choice":"Purged","damage_taken":0,"max_hp_gain":0,"max_hp_loss":0,"event_name":"Purifier","floor":44,"gold_loss":0}],"is_beta":false,"boss_relics":[{"not_picked":["Ectoplasm","Busted Crown"],"picked":"Sozu"},{"not_picked":["HoveringKite","SacredBark"],"picked":"Tiny House"}],"items_purged_floors":[22,36],"is_endless":false,"potions_floor_spawned":[1,8,10,14,19,23,27,28,33,35,41,42,48],"ascension_level":0}}