{"host":"zrwwt1jjq0fpdjej","time":1611477444,"event":{"mods":["AchievementEnabler","BaseMod","Colored Map","Minty Spire (QoL Compilation)","StSLib","SuperFastMode"],"gold_per_floor":[117,129,204,56,56,92,92,135,160,191,215,229,9,30,30,161,161,161],"floor_reached":17,"language":"KOR","playtime":870,"items_purged":["Strike_R"],"score":300,"play_id":"fd3a0eb2-eb78-4c4b-b59b-e4d95ef4ff7e","local_time":"20210124173724","is_ascension_mode":true,"campfire_choices":[{"data":"Armaments","floor":7.0,"key":"SMITH"},{"data":"Double Tap","floor":15,"key":"SMITH"}],"circlet_count":0,"master_deck":["AscendersBane","Strike_R","Strike_R","Strike_R","Strike_R","Defend_R+1","Defend_R","Defend_R","Defend_R","Bash","Flame Barrier+1","Metallicize","Armaments+1","Immolate","Body Slam","Reaper","Double Tap+1","Body Slam","Shockwave","Reaper"],"relics":["Burning Blood","NeowsBlessing","Orrery","Golden Idol","Anchor","Regal Pillow","MealTicket","Matryoshka","War Paint","Runic Pyramid"],"acts_visited":["Exordium","TheCity"],"potions_floor_usage":[10,16],"damage_taken":[{"damage":0.0,"enemies":"2 Louse","floor":1.0,"turns":1.0},{"damage":0.0,"enemies":"Jaw Worm","floor":2.0,"turns":1.0},{"damage":0.0,"enemies":"Lagavulin","floor":6.0,"turns":1.0},{"damage":11.0,"enemies":"3 Sentries","floor":8.0,"turns":9.0},{"damage":22,"enemies":"Lagavulin","floor":10,"turns":8},{"damage":0,"enemies":"Small Slimes","floor":11,"turns":4},{"damage":9,"enemies":"3 Louse","floor":12,"turns":3},{"damage":4,"enemies":"Blue Slaver","floor":14,"turns":3},{"damage":66,"enemies":"Slime Boss","floor":16,"turns":14}],"seed_played":"228813842251353564","potions_obtained":[{"floor":1.0,"key":"Dexterity Potion"},{"floor":6.0,"key":"Regen Potion"},{"floor":10,"key":"SpeedPotion"}],"is_trial":false,"path_per_floor":["M","M","?","$","?","E","R","E","T","E","M","M","$","M","R","B",null],"character_chosen":"IRONCLAD","items_purchased":["Orrery","War Paint"],"campfire_rested":0,"item_purchase_floors":[4,13],"current_hp_per_floor":[78,80,69,69,49,56,56,66,66,55,71,68,80,80,80,24,66,66],"gold":161,"neow_bonus":"THREE_ENEMY_KILL","is_daily":false,"chose_seed":false,"campfire_upgraded":2,"win_rate":0.0,"timestamp":1611477444,"path_taken":["M","M","?","$","?","E","R","E","T","E","M","M","$","M","R","BOSS"],"items_purchased_type":["Relic","Relic"],"build_version":"2020-12-22","purchased_purges":1,"victory":false,"max_hp_per_floor":[80,80,80,80,80,80,80,80,80,80,80,80,80,80,80,80,80,80],"card_choices":[{"not_picked":["Rage","Combust"],"picked":"Flame Barrier","floor":1.0},{"not_picked":["Infernal Blade","Iron Wave"],"picked":"Metallicize","floor":2.0},{"not_picked":["Pommel Strike","Perfected Strike"],"picked":"Armaments","floor":4.0},{"not_picked":["Shrug It Off","Clothesline"],"picked":"Immolate","floor":4.0},{"not_picked":["Rampage","Clothesline"],"picked":"Body Slam","floor":4.0},{"not_picked":["Pommel Strike","Blood for Blood"],"picked":"Reaper","floor":4.0},{"not_picked":["True Grit","Wild Strike","Flex"],"picked":"SKIP","floor":6.0},{"not_picked":["Cleave","Whirlwind"],"picked":"Double Tap","floor":8.0},{"not_picked":["Cleave","Heavy Blade"],"picked":"Body Slam","floor":10},{"not_picked":["Infernal Blade","Sword Boomerang","Dual Wield"],"picked":"SKIP","floor":11},{"not_picked":["Infernal Blade","Sword Boomerang","Dual Wield"],"picked":"SKIP","floor":11},{"not_picked":["Flame Barrier","Havoc"],"picked":"Shockwave","floor":12},{"not_picked":["Pummel","Anger","Wild Strike"],"picked":"SKIP","floor":14},{"not_picked":["Exhume","Demon Form"],"picked":"Reaper","floor":16}],"player_experience":211690,"relics_obtained":[{"floor":6.0,"key":"Anchor"},{"floor":8.0,"key":"Regal Pillow"},{"floor":9.0,"key":"MealTicket"},{"floor":10,"key":"Matryoshka"}],"event_choices":[{"damage_healed":0.0,"max_hp_gain":0.0,"max_hp_loss":0.0,"gold_gain":75.0,"event_name":"World of Goop","player_choice":"Gather Gold","floor":3.0,"gold_loss":0.0,"damage_taken":11.0},{"damage_healed":0.0,"max_hp_gain":0.0,"max_hp_loss":0.0,"gold_gain":0.0,"event_name":"Golden Idol","player_choice":"Take Damage","floor":5.0,"gold_loss":0.0,"damage_taken":20.0,"relics_obtained":["Golden Idol"]}],"is_beta":false,"boss_relics":[{"not_picked":["Snecko Eye","Mark of Pain"],"picked":"Runic Pyramid"}],"items_purged_floors":[13],"is_endless":false,"potions_floor_spawned":[1,6,10],"ascension_level":10}}