{"host":"rjfefv2ruvigm2gb","time":1611529187,"event":{"mods":["Act Like it!","AlwaysNeverKeys","BaseMod","Better Third Choice","Block Reminder","Conspire","Curses Come First","Displayed Cursed Tome","Downfall","Elementarium","Fox Events","GifTheSpireLib","Gold Saver","Googly Eyes","HexUI Lib","Hubris","Infinite Spire","Ironclad Rager","Luminous","Marked Mod","Mimic Mod","Minty Spire (QoL Compilation)","Permanent Neow","Poor People Problems","Quick Restart","Relic Filter","Relic Stats","Replay The Spire","Retaliation","Shop Mod","Small Relic Pack","StS++","StSLib","Stuff the Spire","SuperFastMode","The Blue Laboratory","Transform Curses","Uncapped","Virulent Crown","Watcher Patcher"],"gold_per_floor":[299,314,334,334,371,371,371,11,11,23,151,170,207,207,218,321,321,321,341,341,441,296,296,350,360,374,443,463,473,473,473,473,577,589,694,694,694,706,718,738,738,750,750,767,785,885,896,912,912,912,932,932],"floor_reached":53,"language":"ENG","playtime":5885,"items_purged":["downfall:Malfunctioning"],"score":735,"play_id":"be71dd10-82ad-4521-b503-73475417530f","local_time":"20210124165947","is_ascension_mode":false,"campfire_choices":[{"floor":1,"key":"DIG"},{"data":"Slimebound:Equalize","floor":6,"key":"SMITH"},{"data":"Slimebound:LeechEnergy","floor":9,"key":"SMITH"},{"data":"Slimebound:SlimeSlap","floor":18,"key":"SMITH"},{"data":"Slimebound:Gluttony","floor":23,"key":"SMITH"},{"data":"Slimebound:OozeBath","floor":32,"key":"SMITH"},{"data":"Slimebound:Strike_Slimebound","floor":37,"key":"PURGE"},{"floor":49,"key":"REST"}],"circlet_count":0,"master_deck":["Slimebound:Strike_Slimebound","Slimebound:Defend_Slimebound","Slimebound:Defend_Slimebound","Slimebound:Defend_Slimebound","Slimebound:Defend_Slimebound","Slimebound:Split+1","Slimebound:CorrosiveSpit+1","LessonLearned+1","Slimebound:SamplingLick+1","Slimebound:Equalize+1","Slimebound:LeechEnergy+1","Slimebound:HauntingLick+1","Slimebound:Grow+1","Slimebound:OozeBath+1","Slimebound:Nibble+1","Slimebound:SlimeSlap+1","Slimebound:Gluttony+1","Slimebound:SpikyOuterGoop","Slimebound:Split","Slimebound:SplitBruiser+1","Slimebound:SlimeBarrage+1","Slimebound:OneTwoCombo+1","ReplayTheSpireMod:Private Reserves","Slimebound:TongueLash","Slimebound:Gluttony+1","Slimebound:SamplingLick","Slimebound:GoopSpray+1","Slimebound:AcidTongue+1","Slimebound:HauntingLick","Slimebound:WasteNot","Slimebound:Equalize","Slimebound:Gluttony+1","Slimebound:Prepare","Slimebound:Dissolve"],"relics":["Slimebound:AbsorbEndCombat","Nunchaku","relicPack:OneForAll","StuffTheSpire:TintedRock","hubris:PeanutButter","relicPack:InfinityGauntlet","Bag of Marbles","Letter Opener","StuffTheSpire:GrapeVine","SacredBark","downfall:GremlinSack","BargainBundle","infinitespire:Eraser","Potion Belt","Simple Rune","War Paint","conspire:TreasureMap","Replay:Grab Bag","bronze:MakeshiftBattery","hubris:Backtick","hubris:Spice","infinitespire:Blanks Blanky","Lantern"],"acts_visited":["Exordium","TheCity","TheBeyond"],"potions_floor_usage":[3,19,21,29,33,34,34,35,45,52,52,52,52,52],"damage_taken":[{"damage":5,"enemies":"Small Slimes","floor":2,"turns":4},{"damage":8,"enemies":"Jaw Worm","floor":3,"turns":6},{"damage":1,"enemies":"Cultist","floor":5,"turns":7},{"damage":0,"enemies":"downfall:FleeingMerchant","floor":8,"turns":4},{"damage":0,"enemies":"Cultist","floor":10,"turns":3},{"damage":3,"enemies":"3 Sentries","floor":11,"turns":8},{"damage":11,"enemies":"Exordium Thugs","floor":12,"turns":5},{"damage":0,"enemies":"Exordium Wildlife","floor":13,"turns":8},{"damage":0,"enemies":"Exordium Wildlife","floor":15,"turns":3},{"damage":45,"enemies":"SI_SHIV_ARCHETYPE","floor":16,"turns":12},{"damage":0,"enemies":"3 Byrds","floor":19,"turns":4},{"damage":0,"enemies":"3 Byrds","floor":21,"turns":7},{"damage":7,"enemies":"downfall:FleeingMerchant","floor":22,"turns":4},{"damage":8,"enemies":"conspire:FuzzyDice","floor":25,"turns":5},{"damage":0,"enemies":"conspire:HollyBat","floor":26,"turns":6},{"damage":0,"enemies":"Sentry and Sphere","floor":28,"turns":4},{"damage":0,"enemies":"3 Cultists","floor":29,"turns":4},{"damage":0,"enemies":"Nightmare","floor":33,"turns":8},{"damage":0,"enemies":"Centurion and Healer","floor":34,"turns":4},{"damage":52,"enemies":"IC_MUSHROOM_ARCHETYPE","floor":35,"turns":7},{"damage":22,"enemies":"3 Darklings","floor":38,"turns":6},{"damage":0,"enemies":"Orb Walker","floor":39,"turns":3},{"damage":34,"enemies":"Jaw Worm Horde","floor":40,"turns":4},{"damage":4,"enemies":"Sphere and 2 Shapes","floor":42,"turns":4},{"damage":8,"enemies":"Transient","floor":44,"turns":5},{"damage":17,"enemies":"Maw","floor":45,"turns":5},{"damage":0,"enemies":"Maw","floor":46,"turns":3},{"damage":45,"enemies":"Writhing Mass","floor":47,"turns":5},{"damage":16,"enemies":"3 Darklings","floor":48,"turns":4},{"damage":16,"enemies":"Sphere and 2 Shapes","floor":51,"turns":3},{"damage":30,"enemies":"WA_ARCHETYPE_DIVINITY","floor":52,"turns":10}],"seed_played":"8978787386691727362","potions_obtained":[{"floor":2,"key":"Regen Potion"},{"floor":12,"key":"Dexterity Potion"},{"floor":15,"key":"Adrenaline Potion"},{"floor":16,"key":"AttackPotion"},{"floor":21,"key":"blueLaboratory:StoneskinPotion"},{"floor":34,"key":"blueLaboratory:NullPotion"},{"floor":38,"key":"blueLaboratory:RecallPotion"},{"floor":39,"key":"CultistPotion"},{"floor":40,"key":"Elixir"},{"floor":44,"key":"champ:CounterPotion"},{"floor":48,"key":"DDmod:CleansePotion"}],"is_trial":false,"path_per_floor":["R","M","M","?","MIM","R","T","$","R","M","E","M","MIM","?","M","B",null,"R","M","?","?","$","R","T","M","M","?","M","M","PTL","PTL","R","NM","M","B",null,"R","M","M","M","?","M","T","M","M","?","M","M","R","?","M","B",null],"character_chosen":"SLIMEBOUND","items_purchased":["relicPack:InfinityGauntlet","Bag of Marbles","Slimebound:HauntingLick","BargainBundle","infinitespire:Eraser","Potion Belt","Slimebound:Gluttony","Slimebound:SamplingLick","SkillPotion","SkillPotion","StSpp:SecondWindPotion"],"campfire_rested":1,"item_purchase_floors":[8,8,8,22,22,22,22,22,22,22,22],"current_hp_per_floor":[47,44,55,55,58,58,58,65,65,65,65,64,65,65,65,24,65,65,65,65,65,65,65,65,64,65,49,65,65,65,65,65,65,65,32,73,73,63,73,61,61,73,73,73,70,73,39,45,73,73,63,58],"gold":932,"neow_bonus":"RANDOM_COLORLESS_2","is_daily":false,"chose_seed":false,"campfire_upgraded":5,"win_rate":0.0,"timestamp":1611529187,"path_taken":["R","M","M","?","?","R","T","$","R","M","E","?","?","?","M","BOSS","R","M","?","?","$","R","T","M","?","?","M","?","PTL","PTL","R","NM","M","BOSS","R","M","M","M","?","M","T","?","M","?","?","M","R","?","M","BOSS"],"items_purchased_type":["Relic","Relic","Card","Relic","Relic","Relic","Card","Card","Potion","Potion","Potion"],"build_version":"2020-12-22","purchased_purges":1,"victory":true,"max_hp_per_floor":[65,65,65,65,65,65,65,65,65,65,65,65,65,65,65,65,65,65,65,65,65,65,65,65,65,65,65,65,65,65,65,65,65,65,65,73,73,73,73,73,73,73,73,73,73,73,73,73,73,73,73,73],"relic_stats":{"Nunchaku":[24],"counters":[31,165],"Letter Opener":[465],"War Paint":["Slimebound:Defend_Slimebound","Slimebound:HauntingLick"],"obtain_stats":[{"StuffTheSpire:TintedRock":5,"Potion Belt":22,"BargainBundle":22,"conspire:TreasureMap":33,"Lantern":43,"SacredBark":17,"Replay:Grab Bag":36,"StuffTheSpire:GrapeVine":13,"Letter Opener":11,"infinitespire:Blanks Blanky":36,"War Paint":27,"relicPack:InfinityGauntlet":8,"relicPack:OneForAll":4,"Nunchaku":1,"hubris:Backtick":36,"downfall:GremlinSack":21,"hubris:Spice":36,"hubris:PeanutButter":7,"Simple Rune":24,"Slimebound:AbsorbEndCombat":0,"Bag of Marbles":8,"infinitespire:Eraser":22,"bronze:MakeshiftBattery":36},{"StuffTheSpire:TintedRock":3,"Potion Belt":13,"BargainBundle":13,"conspire:TreasureMap":18,"Lantern":24,"SacredBark":10,"Replay:Grab Bag":20,"StuffTheSpire:GrapeVine":8,"Letter Opener":6,"infinitespire:Blanks Blanky":20,"War Paint":15,"relicPack:InfinityGauntlet":4,"relicPack:OneForAll":2,"Nunchaku":0,"hubris:Backtick":20,"downfall:GremlinSack":12,"hubris:Spice":20,"hubris:PeanutButter":3,"Simple Rune":13,"Slimebound:AbsorbEndCombat":0,"Bag of Marbles":4,"infinitespire:Eraser":13,"bronze:MakeshiftBattery":20},{"StuffTheSpire:TintedRock":17,"Potion Belt":75,"BargainBundle":75,"conspire:TreasureMap":102,"Lantern":130,"SacredBark":60,"Replay:Grab Bag":113,"StuffTheSpire:GrapeVine":45,"Letter Opener":32,"infinitespire:Blanks Blanky":113,"War Paint":86,"relicPack:InfinityGauntlet":21,"relicPack:OneForAll":10,"Nunchaku":0,"hubris:Backtick":113,"downfall:GremlinSack":71,"hubris:Spice":113,"hubris:PeanutButter":17,"Simple Rune":75,"Slimebound:AbsorbEndCombat":0,"Bag of Marbles":21,"infinitespire:Eraser":75,"bronze:MakeshiftBattery":113}]},"card_choices":[{"not_picked":["Crow Ritual","Midas Touch"],"picked":"LessonLearned","floor":0},{"not_picked":["Slimebound:Schlurp","Slimebound:PressTheAttack"],"picked":"Slimebound:SamplingLick","floor":2},{"not_picked":["Slimebound:ItLooksTasty","Slimebound:GoopTackle","Slimebound:ComboTackle"],"picked":"SKIP","floor":3},{"not_picked":["Slimebound:SlimeTap","Slimebound:FlameTackle"],"picked":"Slimebound:Equalize","floor":5},{"not_picked":["Slimebound:ComboTackle","Slimebound:LeadByExample"],"picked":"Slimebound:LeechEnergy","floor":8},{"not_picked":["Slimebound:SamplingLick","Slimebound:Schlurp"],"picked":"Slimebound:Grow","floor":10},{"not_picked":["Slimebound:SplitBruiser","Slimebound:Dissolve"],"picked":"Slimebound:OozeBath","floor":11},{"not_picked":["Slimebound:GrowthPunch","Slimebound:LeechEnergy","Slimebound:ViciousTackle"],"picked":"SKIP","floor":12},{"not_picked":["Slimebound:FlameTackle","Slimebound:SplitBruiser"],"picked":"Slimebound:Nibble","floor":13},{"not_picked":["Slimebound:ItLooksTasty","Slimebound:SamplingLick","Slimebound:SplitMire"],"picked":"SKIP","floor":15},{"not_picked":["Slimebound:Overexert","Slimebound:DuplicatedForm"],"picked":"Slimebound:SlimeSlap","floor":16},{"not_picked":["Slimebound:ComboTackle+1","Slimebound:LeechEnergy"],"picked":"Slimebound:Gluttony+1","floor":19},{"not_picked":["Slimebound:LeechEnergy","Slimebound:DisruptingSlam"],"picked":"Slimebound:SpikyOuterGoop","floor":21},{"not_picked":["Slimebound:SlimeSlap","Slimebound:Overexert"],"picked":"Slimebound:TongueLash","floor":22},{"not_picked":["Slimebound:GoopTackle+1","Slimebound:Gluttony","Slimebound:SplitAcid+1"],"picked":"SKIP","floor":25},{"not_picked":["Slimebound:Gluttony","Slimebound:LeechEnergy","Slimebound:GoopTackle"],"picked":"SKIP","floor":26},{"not_picked":["Slimebound:Gluttony","Slimebound:SplitAcid"],"picked":"Slimebound:GoopSpray","floor":27},{"not_picked":["Slimebound:FinishingTackle","Slimebound:SplitMire+1"],"picked":"Slimebound:AcidTongue+1","floor":28},{"not_picked":["Slimebound:SplitAcid+1","Slimebound:FinishingTackle+1","Slimebound:LeechEnergy+1"],"picked":"SKIP","floor":29},{"not_picked":["Slimebound:LevelUp","Slimebound:SplitAcid+1","Slimebound:FinishingTackle"],"picked":"SKIP","floor":33},{"not_picked":["Slimebound:Grow","Slimebound:LeechingTouch"],"picked":"Slimebound:HauntingLick","floor":34},{"not_picked":["Slimebound:MinionMaster","Slimebound:MassFeed"],"picked":"Slimebound:WasteNot","floor":35},{"not_picked":["Slimebound:RainOfGoop+1","Slimebound:ComboTackle"],"picked":"Slimebound:Equalize","floor":38},{"not_picked":["Slimebound:LeechEnergy","Slimebound:SlimeSpikes"],"picked":"Slimebound:Gluttony+1","floor":39},{"not_picked":["Slimebound:TongueLash","Slimebound:ComboTackle+1"],"picked":"Slimebound:Prepare","floor":40},{"not_picked":["Slimebound:LivingWall","Slimebound:SlimeBrawl","Slimebound:DisruptingSlam"],"picked":"SKIP","floor":42},{"not_picked":["Slimebound:SamplingLick","Slimebound:SlimeBarrage+1","Slimebound:SlimeSpikes+1"],"picked":"SKIP","floor":44},{"not_picked":["Slimebound:SplitMire","Slimebound:LivingWall+1","Slimebound:Replication"],"picked":"SKIP","floor":45},{"not_picked":["Slimebound:SlimeBrawl","Slimebound:SlimeTap","Slimebound:ForwardTackle+1"],"picked":"SKIP","floor":47},{"not_picked":["Slimebound:RainOfGoop","Slimebound:GoopTackle+1","Slimebound:ItLooksTasty"],"picked":"SKIP","floor":48},{"not_picked":["Slimebound:Nibble","Slimebound:DisruptingSlam+1","Slimebound:LeechingTouch+1"],"picked":"SKIP","floor":51}],"player_experience":1051148,"relics_obtained":[{"floor":1,"key":"Nunchaku"},{"floor":5,"key":"StuffTheSpire:TintedRock"},{"floor":7,"key":"hubris:PeanutButter"},{"floor":11,"key":"Letter Opener"},{"floor":13,"key":"StuffTheSpire:GrapeVine"},{"floor":21,"key":"downfall:GremlinSack"},{"floor":24,"key":"Simple Rune"},{"floor":27,"key":"War Paint"},{"floor":33,"key":"conspire:TreasureMap"},{"floor":43,"key":"Lantern"}],"event_choices":[],"is_beta":false,"boss_relics":[{"not_picked":["ChewingGum","relicPack:StarArrow"],"picked":"SacredBark"},{"not_picked":["Cursed Key","hubris:Stopwatch"],"picked":"Replay:Grab Bag"},{"not_picked":["Replay:Wanted Poster","StuffTheSpire:RunicConfusion"],"picked":"bronze:MakeshiftBattery"},{"not_picked":["hubris:BlackHole","Runic Pyramid"],"picked":"hubris:Backtick"},{"not_picked":["hubris:ScarierMask","Empty Cage"],"picked":"infinitespire:Blanks Blanky"}],"items_purged_floors":[22],"is_endless":false,"potions_floor_spawned":[2,10,12,15,16,21,25,34,38,39,40,44,48],"ascension_level":0}}