{"host":"uv231blk40vjdojr","time":1611508741,"event":{"mods":["AchievementEnabler","BaseMod","Bestiary","Minty Spire (QoL Compilation)","Relic Stats"],"gold_per_floor":[117,117,12,31,44,75,94,125,148,148,163,163,163,163,163,234,234,234,234,234,234,159,159,159,159,159,120,120,120,120,120,120,120,120,120,120,120,120,120,120,120,120,120,120,120,120,120,42,42,42,42],"floor_reached":50,"language":"ENG","playtime":1786,"items_purged":[],"score":1121,"play_id":"cc093300-b568-41ee-8ebc-4a98381f95d2","local_time":"20210124181901","is_ascension_mode":true,"campfire_choices":[{"data":"Defragment","floor":10.0,"key":"SMITH"},{"data":"Rainbow","floor":12.0,"key":"SMITH"},{"floor":15.0,"key":"REST"},{"data":"Hologram","floor":23.0,"key":"SMITH"},{"floor":28.0,"key":"REST"},{"floor":32.0,"key":"REST"},{"floor":42.0,"key":"REST"},{"data":"Defragment","floor":44.0,"key":"SMITH"},{"floor":46,"key":"REST"},{"floor":49,"key":"RECALL"}],"circlet_count":0,"master_deck":["AscendersBane","Strike_B+1","Defend_B","Defend_B","Zap","Dualcast+1","Darkness","Lockon","Ball Lightning","Go for the Eyes","Defragment+1","Genetic Algorithm","Rainbow+1","Leap","Coolheaded","Electrodynamics","Cold Snap","Rainbow","Static Discharge","Hologram+1","Defragment+1","Creative AI","Cold Snap","Echo Form"],"relics":["Cracked Core","NeowsBlessing","StrikeDummy","Centennial Puzzle","Omamori","Oddly Smooth Stone","Ectoplasm","InkBottle","Gremlin Horn","Busted Crown","Matryoshka","Vajra"],"acts_visited":["Exordium","TheCity","TheBeyond"],"potions_floor_usage":[47],"damage_taken":[{"damage":0.0,"enemies":"2 Louse","floor":1.0,"turns":1.0},{"damage":0.0,"enemies":"Cultist","floor":4.0,"turns":1.0},{"damage":0.0,"enemies":"Small Slimes","floor":5.0,"turns":1.0},{"damage":15.0,"enemies":"Lagavulin","floor":6.0,"turns":5.0},{"damage":8.0,"enemies":"3 Louse","floor":7.0,"turns":3.0},{"damage":6.0,"enemies":"Gremlin Nob","floor":8.0,"turns":3.0},{"damage":4.0,"enemies":"2 Fungi Beasts","floor":11.0,"turns":4.0},{"damage":0.0,"enemies":"The Guardian","floor":16.0,"turns":9.0},{"damage":0.0,"enemies":"Spheric Guardian","floor":18.0,"turns":3.0},{"damage":0.0,"enemies":"Chosen","floor":21.0,"turns":3.0},{"damage":43.0,"enemies":"Slavers","floor":24.0,"turns":4.0},{"damage":5.0,"enemies":"Centurion and Healer","floor":25.0,"turns":5.0},{"damage":0.0,"enemies":"Snecko","floor":29.0,"turns":5.0},{"damage":0.0,"enemies":"Chosen and Byrds","floor":30.0,"turns":4.0},{"damage":50.0,"enemies":"Champ","floor":33.0,"turns":13.0},{"damage":17.0,"enemies":"3 Darklings","floor":35.0,"turns":3.0},{"damage":22.0,"enemies":"Reptomancer","floor":40.0,"turns":5.0},{"damage":0.0,"enemies":"Orb Walker","floor":41.0,"turns":3.0},{"damage":9,"enemies":"3 Darklings","floor":45,"turns":4},{"damage":0,"enemies":"Transient","floor":47,"turns":6},{"damage":48,"enemies":"Awakened One","floor":50,"turns":3}],"seed_played":"-6493685440190647392","potions_obtained":[{"floor":1.0,"key":"DistilledChaos"},{"floor":4.0,"key":"Energy Potion"},{"floor":8.0,"key":"BlessingOfTheForge"},{"floor":18.0,"key":"PowerPotion"},{"floor":33.0,"key":"Fire Potion"},{"floor":35.0,"key":"Block Potion"},{"floor":41.0,"key":"Ancient Potion"}],"is_trial":false,"path_per_floor":["M","?","$","M","M","E","M","E","T","R","M","R","?","?","R","B",null,"M","?","?","M","?","R","E","M","T","$","R","M","M","?","R","B",null,"M","?","$","?","?","E","M","R","T","R","M","R","M","$","R","B"],"character_chosen":"DEFECT","items_purchased":["Ball Lightning","Fire Potion","Defragment","Echo Form"],"campfire_rested":5,"item_purchase_floors":[3,3,27,48],"current_hp_per_floor":[64,64,64,64,64,49,41,35,35,35,31,31,26,5,26,26,60,60,60,60,60,60,60,17,12,12,12,33,33,33,33,54,4,54,37,37,37,37,37,15,15,36,36,36,27,48,48,48,48,0,0],"gold":42,"neow_bonus":"THREE_ENEMY_KILL","is_daily":false,"chose_seed":false,"campfire_upgraded":4,"win_rate":0.0,"timestamp":1611508741,"path_taken":["M","?","$","?","M","E","M","E","T","R","M","R","?","?","R","BOSS","M","?","?","M","?","R","E","M","T","?","R","M","?","?","R","BOSS","M","?","$","?","?","E","M","R","T","R","M","R","?","?","R","BOSS"],"items_purchased_type":["Card","Potion","Card","Card"],"build_version":"2020-12-22","purchased_purges":0,"victory":false,"max_hp_per_floor":[71,71,71,71,71,71,71,71,71,71,71,71,71,71,71,71,71,71,71,71,71,71,71,71,71,71,71,71,71,71,71,71,71,71,71,71,71,71,71,71,71,71,71,71,71,71,71,71,71,71,71],"relic_stats":{"Centennial Puzzle":[24],"Busted Crown":10,"Gremlin Horn":[11,11],"counters":[21,88],"Ectoplasm":288,"obtain_stats":[{"Centennial Puzzle":8,"Busted Crown":34,"Matryoshka":40,"NeowsBlessing":0,"Gremlin Horn":26,"Oddly Smooth Stone":13,"Vajra":43,"Ectoplasm":17,"Omamori":9,"Cracked Core":0,"StrikeDummy":6,"InkBottle":24},{"Centennial Puzzle":6,"Busted Crown":15,"Matryoshka":17,"NeowsBlessing":0,"Gremlin Horn":12,"Oddly Smooth Stone":7,"Vajra":18,"Ectoplasm":8,"Omamori":6,"Cracked Core":0,"StrikeDummy":4,"InkBottle":11},{"Centennial Puzzle":14,"Busted Crown":64,"Matryoshka":72,"NeowsBlessing":0,"Gremlin Horn":42,"Oddly Smooth Stone":18,"Vajra":75,"Ectoplasm":27,"Omamori":14,"Cracked Core":0,"StrikeDummy":8,"InkBottle":37}],"InkBottle":[20]},"card_choices":[{"not_picked":["Auto Shields","Hello World"],"picked":"Darkness","floor":1.0},{"not_picked":["Barrage","Steam"],"picked":"Go for the Eyes","floor":4.0},{"not_picked":["Force Field","Doom and Gloom"],"picked":"Defragment","floor":5.0},{"not_picked":["Sweeping Beam","Turbo"],"picked":"Genetic Algorithm","floor":6.0},{"not_picked":["Stack","Conserve Battery"],"picked":"Rainbow","floor":7.0},{"not_picked":["Tempest","Ball Lightning"],"picked":"Leap","floor":8.0},{"not_picked":["Reprogram","Sweeping Beam"],"picked":"Coolheaded","floor":11.0},{"not_picked":["Fission","Creative AI"],"picked":"Electrodynamics","floor":16.0},{"not_picked":["Ball Lightning","Doom and Gloom"],"picked":"Cold Snap","floor":18.0},{"not_picked":["Recycle","Darkness","Go for the Eyes"],"picked":"SKIP","floor":21.0},{"not_picked":["Gash","Conserve Battery","Redo"],"picked":"SKIP","floor":24.0},{"not_picked":["Recycle","Coolheaded","Rebound+1"],"picked":"SKIP","floor":25.0},{"not_picked":["Leap","Gash","White Noise"],"picked":"SKIP","floor":29.0},{"not_picked":["Scrape","Darkness","Auto Shields"],"picked":"SKIP","floor":30.0},{"not_picked":["Core Surge","Meteor Strike"],"picked":"Creative AI","floor":33.0},{"not_picked":["Rip and Tear"],"picked":"SKIP","floor":35.0},{"not_picked":["Consume"],"picked":"SKIP","floor":40.0},{"not_picked":[],"picked":"Cold Snap","floor":41.0},{"not_picked":["Redo"],"picked":"SKIP","floor":45},{"not_picked":["Beam Cell"],"picked":"SKIP","floor":47}],"player_experience":719172,"relics_obtained":[{"floor":6.0,"key":"StrikeDummy"},{"floor":8.0,"key":"Centennial Puzzle"},{"floor":9.0,"key":"Omamori"},{"floor":24.0,"key":"InkBottle"},{"floor":26.0,"key":"Gremlin Horn"},{"floor":40.0,"key":"Matryoshka"},{"floor":43.0,"key":"Vajra"}],"event_choices":[{"damage_healed":0.0,"max_hp_gain":0.0,"max_hp_loss":0.0,"gold_gain":0.0,"cards_transformed":["Strike_B"],"event_name":"Transmorgrifier","player_choice":"Transformed","floor":2.0,"gold_loss":0.0,"damage_taken":0.0,"cards_obtained":["Lockon"]},{"damage_healed":0.0,"max_hp_gain":0.0,"max_hp_loss":0.0,"gold_gain":0.0,"event_name":"Scrap Ooze","player_choice":"Success","floor":13.0,"gold_loss":0.0,"damage_taken":5.0,"relics_obtained":["Oddly Smooth Stone"]},{"damage_healed":0.0,"max_hp_gain":0.0,"max_hp_loss":0.0,"gold_gain":0.0,"event_name":"Shining Light","player_choice":"Entered Light","floor":14.0,"gold_loss":0.0,"damage_taken":21.0,"cards_upgraded":["Dualcast","Strike_B"]},{"damage_healed":0.0,"max_hp_gain":0.0,"max_hp_loss":0.0,"gold_gain":0.0,"cards_transformed":["Strike_B","Defend_B"],"event_name":"Drug Dealer","player_choice":"Became Test Subject","floor":19.0,"gold_loss":0.0,"damage_taken":0.0,"cards_obtained":["Rainbow","Static Discharge"]},{"damage_healed":0.0,"max_hp_gain":0.0,"max_hp_loss":0.0,"gold_gain":0.0,"event_name":"The Library","player_choice":"Read","floor":20.0,"gold_loss":0.0,"damage_taken":0.0,"cards_obtained":["Hologram"]},{"cards_removed":["Defend_B"],"damage_healed":0.0,"max_hp_gain":0.0,"max_hp_loss":0.0,"gold_gain":0.0,"event_name":"Beggar","player_choice":"Gave Gold","floor":22.0,"gold_loss":75.0,"damage_taken":0.0},{"damage_healed":0.0,"max_hp_gain":0.0,"max_hp_loss":0.0,"gold_gain":0.0,"event_name":"Vampires","player_choice":"Ignored","floor":31.0,"gold_loss":0.0,"damage_taken":0.0},{"cards_removed":["Strike_B"],"damage_healed":0.0,"max_hp_gain":0.0,"max_hp_loss":0.0,"gold_gain":0.0,"event_name":"Falling","player_choice":"Removed Attack","floor":36.0,"gold_loss":0.0,"damage_taken":0.0},{"damage_healed":0.0,"max_hp_gain":0.0,"max_hp_loss":0.0,"gold_gain":0.0,"event_name":"Mysterious Sphere","player_choice":"Ignored","floor":38.0,"gold_loss":0.0,"damage_taken":0.0},{"damage_healed":0.0,"max_hp_gain":0.0,"max_hp_loss":0.0,"gold_gain":0.0,"event_name":"SecretPortal","player_choice":"Ignored","floor":39.0,"gold_loss":0.0,"damage_taken":0.0}],"is_beta":false,"boss_relics":[{"not_picked":["Empty Cage","Coffee Dripper"],"picked":"Ectoplasm"},{"not_picked":["Velvet Choker","Runic Pyramid"],"picked":"Busted Crown"}],"items_purged_floors":[],"is_endless":false,"potions_floor_spawned":[1,4,8,18,21,33,35,41],"killed_by":"Awakened One","ascension_level":20}}