{"host":"sxnl403xm2xmiyj1","time":1611459069,"event":{"mods":["AchievementEnabler","BaseMod","Colored Map","Keyboard Shortcuts","Minty Spire (QoL Compilation)","Quick Restart","StSLib","SuperFastMode"],"gold_per_floor":[114,129,146,166,146,146,181,181,181,181,39,53,72,5,5,79,79,96,115,129,129,142,142,154,154,154,183,183,183,12,22,22,94,144,154,154,168,168,183,208,208,60,60,5,56,56,56,18,18,18],"floor_reached":51,"language":"KOR","playtime":1247,"items_purged":["Pain"],"score":1222,"play_id":"2773165e-a7be-40ea-8bdb-7e90bc70b89c","local_time":"20210124123109","is_ascension_mode":true,"campfire_choices":[{"data":"A Thousand Cuts","floor":6.0,"key":"SMITH"},{"data":"1","floor":8.0,"key":"LIFT"},{"data":"2","floor":10.0,"key":"LIFT"},{"data":"3","floor":15.0,"key":"LIFT"},{"floor":23.0,"key":"REST"},{"floor":25.0,"key":"REST"},{"data":"Footwork","floor":32.0,"key":"SMITH"},{"data":"After Image","floor":41.0,"key":"SMITH"},{"floor":47.0,"key":"REST"},{"data":"After Image","floor":49.0,"key":"SMITH"}],"circlet_count":0,"master_deck":["AscendersBane","Strike_G","Strike_G","Strike_G","Strike_G","Strike_G","Defend_G","Defend_G","Defend_G","Defend_G","Defend_G","Survivor","Neutralize","A Thousand Cuts+1","Sucker Punch","Blade Dance","Footwork+1","Infinite Blades","Finisher","Phantasmal Killer","Cloak And Dagger","Backstab","Infinite Blades","After Image+1","PiercingWail+1","Backflip+1","Prepared","Tactician","Blade Dance","Prepared+1","Reflex","After Image+1","Reflex","Leg Sweep","Blade Dance+1","Escape Plan","Accuracy","Accuracy","After Image+1","Footwork","Reflex","Blade Dance+1","Madness","Madness","Footwork"],"relics":["Ring of the Serpent","Girya","Mango","Pear","TungstenRod","Enchiridion","Membership Card","Tiny House","WarpedTongs","Meat on the Bone","DollysMirror","Blue Candle","Shovel"],"acts_visited":["Exordium","TheCity","TheBeyond"],"potions_floor_usage":[50],"damage_taken":[{"damage":5.0,"enemies":"Cultist","floor":1.0,"turns":5.0},{"damage":6.0,"enemies":"Jaw Worm","floor":2.0,"turns":4.0},{"damage":0.0,"enemies":"2 Louse","floor":3.0,"turns":3.0},{"damage":15.0,"enemies":"Large Slime","floor":4.0,"turns":6.0},{"damage":12.0,"enemies":"Gremlin Nob","floor":7.0,"turns":4.0},{"damage":4.0,"enemies":"Blue Slaver","floor":12.0,"turns":3.0},{"damage":0.0,"enemies":"3 Louse","floor":13.0,"turns":3.0},{"damage":11.0,"enemies":"Hexaghost","floor":16.0,"turns":6.0},{"damage":11.0,"enemies":"Spheric Guardian","floor":18.0,"turns":3.0},{"damage":15.0,"enemies":"2 Thieves","floor":19.0,"turns":3.0},{"damage":18.0,"enemies":"Snake Plant","floor":20.0,"turns":6.0},{"damage":5.0,"enemies":"Centurion and Healer","floor":22.0,"turns":6.0},{"damage":18.0,"enemies":"Snecko","floor":24.0,"turns":5.0},{"damage":5.0,"enemies":"Gremlin Leader","floor":27.0,"turns":6.0},{"damage":2.0,"enemies":"Sentry and Sphere","floor":31.0,"turns":7.0},{"damage":21.0,"enemies":"Collector","floor":33.0,"turns":7.0},{"damage":0.0,"enemies":"Orb Walker","floor":35.0,"turns":5.0},{"damage":10.0,"enemies":"3 Darklings","floor":37.0,"turns":5.0},{"damage":20.0,"enemies":"Spire Growth","floor":39.0,"turns":5.0},{"damage":18.0,"enemies":"Giant Head","floor":40.0,"turns":8.0},{"damage":30.0,"enemies":"2 Orb Walkers","floor":45.0,"turns":6.0},{"damage":42,"enemies":"Time Eater","floor":50,"turns":12}],"seed_played":"4987917962792697501","potions_obtained":[{"floor":2.0,"key":"LiquidMemories"},{"floor":5.0,"key":"Swift Potion"},{"floor":7.0,"key":"Dexterity Potion"},{"floor":12.0,"key":"Strength Potion"},{"floor":19.0,"key":"SkillPotion"},{"floor":24.0,"key":"Block Potion"},{"floor":27.0,"key":"SkillPotion"},{"floor":33.0,"key":"GamblersBrew"},{"floor":34.0,"key":"Ancient Potion"},{"floor":35.0,"key":"BlessingOfTheForge"}],"is_trial":false,"path_per_floor":["M","M","M","M","?","R","E","R","T","R","$","M","M","$","R","B",null,"M","M","M","?","M","R","M","R","T","E","?","?","$","M","R","B",null,"M","?","M","T","M","E","R","$","T","$","?","?","R","$","R","B",null],"character_chosen":"THE_SILENT","items_purchased":["Phantasmal Killer","Infinite Blades","Membership Card","Prepared","Accuracy","DollysMirror","Footwork","Reflex","Footwork"],"campfire_rested":3,"item_purchase_floors":[11,14,30,30,42,42,44,44,48],"current_hp_per_floor":[54,48,48,33,33,33,21,21,35,35,35,31,31,31,31,20,65,54,39,21,21,16,40,22,46,56,51,51,39,39,37,37,16,77,77,77,67,67,59,53,53,53,53,53,35,24,52,52,52,22],"gold":18,"neow_bonus":"ONE_RANDOM_RARE_CARD","is_daily":false,"chose_seed":false,"campfire_upgraded":4,"win_rate":0.0,"timestamp":1611459069,"path_taken":["M","M","M","?","?","R","E","R","T","R","?","M","M","$","R","BOSS","M","M","M","?","M","R","M","R","T","E","?","?","?","M","R","BOSS","M","?","?","?","M","E","R","$","T","$","?","?","R","?","R","BOSS"],"items_purchased_type":["Card","Card","Relic","Card","Card","Relic","Card","Card","Card"],"build_version":"2020-12-22","purchased_purges":1,"victory":true,"max_hp_per_floor":[66,66,66,66,66,66,66,66,80,80,80,80,80,80,80,80,80,80,80,80,80,80,80,80,80,90,90,90,90,90,90,90,90,95,95,95,95,95,95,95,95,95,95,95,95,95,95,95,95,95],"card_choices":[{"not_picked":["Bane","Backflip"],"picked":"Sucker Punch","floor":1.0},{"not_picked":["Expertise","Quick Slash"],"picked":"Blade Dance","floor":2.0},{"not_picked":["Backflip","Dagger Throw"],"picked":"Footwork","floor":3.0},{"not_picked":["Footwork","Finisher"],"picked":"Infinite Blades","floor":4.0},{"not_picked":["Prepared","Crippling Poison"],"picked":"Finisher","floor":7.0},{"not_picked":["Sucker Punch","Calculated Gamble"],"picked":"Cloak And Dagger","floor":12.0},{"not_picked":["Noxious Fumes","Backflip"],"picked":"Backstab","floor":13.0},{"not_picked":["Burst","A Thousand Cuts"],"picked":"After Image","floor":16.0},{"not_picked":["Outmaneuver","Dagger Throw+1"],"picked":"PiercingWail+1","floor":18.0},{"not_picked":["All Out Attack","Poisoned Stab","Concentrate"],"picked":"SKIP","floor":19.0},{"not_picked":["Outmaneuver","Dagger Spray"],"picked":"Backflip+1","floor":20.0},{"not_picked":["Acrobatics","Quick Slash"],"picked":"Prepared","floor":22.0},{"not_picked":["Noxious Fumes","Outmaneuver"],"picked":"Tactician","floor":24.0},{"not_picked":["Deadly Poison","Poisoned Stab"],"picked":"Blade Dance","floor":27.0},{"not_picked":["Backflip","Slice"],"picked":"Reflex","floor":31.0},{"not_picked":["Envenom","Tools of the Trade"],"picked":"After Image","floor":33.0},{"not_picked":["Quick Slash","Acrobatics+1"],"picked":"Reflex","floor":34.0},{"not_picked":["Backflip","Flying Knee"],"picked":"Leg Sweep","floor":35.0},{"not_picked":["Dagger Throw","Deflect"],"picked":"Blade Dance+1","floor":37.0},{"not_picked":["Terror","Finisher"],"picked":"Escape Plan","floor":39.0},{"not_picked":["Bouncing Flask+1","Masterful Stab+1"],"picked":"Accuracy","floor":40.0},{"not_picked":["Backflip","Calculated Gamble"],"picked":"Blade Dance+1","floor":45.0}],"player_experience":174787,"relics_obtained":[{"floor":7.0,"key":"Girya"},{"floor":9.0,"key":"Mango"},{"floor":26.0,"key":"Pear"},{"floor":27.0,"key":"TungstenRod"},{"floor":29.0,"key":"Enchiridion"},{"floor":38.0,"key":"Meat on the Bone"},{"floor":43.0,"key":"Blue Candle"},{"floor":45.0,"key":"Shovel"}],"event_choices":[{"damage_healed":0.0,"max_hp_gain":0.0,"max_hp_loss":0.0,"gold_gain":0.0,"event_name":"The Woman in Blue","player_choice":"Bought 1 Potion","floor":5.0,"gold_loss":0.0,"damage_taken":0.0},{"damage_healed":0.0,"max_hp_gain":0.0,"max_hp_loss":0.0,"gold_gain":0.0,"event_name":"Vampires","player_choice":"Ignored","floor":21.0,"gold_loss":0.0,"damage_taken":0.0},{"damage_healed":0.0,"max_hp_gain":0.0,"max_hp_loss":0.0,"gold_gain":0.0,"event_name":"Ghosts","player_choice":"Ignored","floor":28.0,"gold_loss":0.0,"damage_taken":0.0},{"damage_healed":0.0,"max_hp_gain":0.0,"max_hp_loss":0.0,"gold_gain":0.0,"event_name":"Cursed Tome","player_choice":"Obtained Book","floor":29.0,"gold_loss":0.0,"damage_taken":16.0},{"damage_healed":0.0,"max_hp_gain":0.0,"max_hp_loss":0.0,"gold_gain":0.0,"event_name":"Accursed Blacksmith","player_choice":"Rummage","floor":36.0,"gold_loss":0.0,"damage_taken":0.0,"relics_obtained":["WarpedTongs"],"cards_obtained":["Pain"]},{"damage_healed":0.0,"max_hp_gain":0.0,"max_hp_loss":0.0,"gold_gain":0.0,"event_name":"Mysterious Sphere","player_choice":"Fight","floor":45.0,"gold_loss":0.0,"damage_taken":0.0},{"damage_healed":0.0,"max_hp_gain":0.0,"max_hp_loss":0.0,"gold_gain":0.0,"event_name":"Winding Halls","player_choice":"Embrace Madness","floor":46.0,"gold_loss":0.0,"damage_taken":12.0,"cards_obtained":["Madness","Madness"]}],"is_beta":false,"boss_relics":[{"not_picked":["Runic Pyramid","Fusion Hammer"],"picked":"Ring of the Serpent"},{"not_picked":["Calling Bell","Pandora\u0027s Box"],"picked":"Tiny House"}],"items_purged_floors":[42],"is_endless":false,"potions_floor_spawned":[2,7,12,13,19,24,27,33,35,37],"ascension_level":14}}