{"host":"f251oio0chsiwdug","time":1611520057,"event":{"mods":["BaseMod","Colored Map","Downfall","Hermit","Marisa????????","Minty Spire (QoL Compilation)","Replay The Spire","Shop Mod","StSLib","The Cursed"],"gold_per_floor":[117,117,133,172,172,204,217,249,276,333,353,353,353],"floor_reached":12,"language":"DEU","playtime":1318,"items_purged":["Defend_P"],"score":88,"play_id":"ad15e566-ec90-4769-a699-cfbccc2ebf42","local_time":"20210124212737","is_ascension_mode":false,"campfire_choices":[],"circlet_count":0,"master_deck":["Strike_P","Strike_P","Strike_P","Defend_P","Defend_P","Defend_P","Eruption","Vigilance","BattleHymn","Replay:Cycle","PathToVictory","Sanctity","BattleHymn","Pray"],"relics":["PureWater","Replay:PocketPolymizer","MerchantsRug","Replay:Rubber Ducky","Cauldron","Ring of Hypnosis","ReplayTheSpireMod:Ring of Collecting","ReplayTheSpireMod:TigerMarble","Happy Flower","Ring of Peace","Ice Cream"],"acts_visited":[],"potions_floor_usage":[],"damage_taken":[{"damage":17,"enemies":"Jaw Worm","floor":1,"turns":4},{"damage":0,"enemies":"Cultist","floor":3,"turns":4},{"damage":9,"enemies":"Replay:BlueRogue","floor":6,"turns":4},{"damage":0,"enemies":"Small Slimes","floor":7,"turns":2},{"damage":46,"enemies":"3 Sentries","floor":8,"turns":5},{"damage":0,"enemies":"Gremlin Nob","floor":10,"turns":3},{"damage":0,"enemies":"2 Fungi Beasts","floor":11,"turns":4},{"damage":7,"enemies":"Replay:BlueRogue","floor":12,"turns":3}],"seed_played":"8708327476501914125","potions_obtained":[{"floor":1,"key":"SpeedPotion"},{"floor":3,"key":"Weak Potion"},{"floor":4,"key":"Flashbang"},{"floor":4,"key":"DuplicationPotion"},{"floor":4,"key":"Languid Potion"},{"floor":8,"key":"Explosive Potion"},{"floor":10,"key":"BlessingOfTheForge"}],"is_trial":false,"path_per_floor":["M","?","M","$","?","E","M","E","T","?","M","E"],"character_chosen":"WATCHER","items_purchased":["BattleHymn","Replay:PocketPolymizer","MerchantsRug","Replay:Rubber Ducky","Cauldron"],"campfire_rested":0,"item_purchase_floors":[4,4,4,4,4],"current_hp_per_floor":[62,62,62,62,62,53,53,7,7,7,7,0,0],"gold":353,"neow_bonus":"TEN_PERCENT_HP_BONUS","is_daily":false,"chose_seed":false,"campfire_upgraded":0,"win_rate":0.0,"timestamp":1611520057,"path_taken":["M","?","?","$","?","E","M","E","T","?","M","E"],"items_purchased_type":["Card","Relic","Relic","Relic","Relic"],"build_version":"2020-12-22","purchased_purges":1,"victory":false,"max_hp_per_floor":[79,79,79,79,79,79,79,79,79,79,79,79,79],"card_choices":[{"not_picked":["Nirvana","ThirdEye","Protect"],"picked":"SKIP","floor":1},{"not_picked":["FollowUp","Swivel","CrushJoints"],"picked":"SKIP","floor":3},{"not_picked":["Fasting2","ReachHeaven"],"picked":"Replay:Cycle","floor":6},{"not_picked":["Halt","Judgement"],"picked":"PathToVictory","floor":7},{"not_picked":["FollowUp","Replay:BluntJabs"],"picked":"Sanctity","floor":8},{"not_picked":["InnerPeace","Replay:Battleflow"],"picked":"BattleHymn","floor":10},{"not_picked":["Conclude","Protect"],"picked":"Pray","floor":11}],"player_experience":43857,"relics_obtained":[{"floor":5,"key":"Ring of Hypnosis"},{"floor":5,"key":"ReplayTheSpireMod:Ring of Collecting"},{"floor":6,"key":"ReplayTheSpireMod:TigerMarble"},{"floor":8,"key":"Happy Flower"},{"floor":9,"key":"Ring of Peace"},{"floor":10,"key":"Ice Cream"}],"event_choices":[{"cards_removed":["Strike_P"],"damage_healed":0,"gold_gain":0,"player_choice":"Offered Basic","damage_taken":0,"max_hp_gain":0,"max_hp_loss":0,"event_name":"Bonfire Elementals","floor":2,"gold_loss":0},{"damage_healed":0,"gold_gain":30,"player_choice":"Searched \u00273\u0027 times","damage_taken":0,"max_hp_gain":0,"max_hp_loss":0,"event_name":"Dead Adventurer","floor":10,"gold_loss":0}],"is_beta":false,"boss_relics":[],"items_purged_floors":[4],"is_endless":false,"potions_floor_spawned":[1,3,8,10],"killed_by":"Replay:BlueRogue","ascension_level":0}}