{"host":"17uzppmr1r5fe5jj","time":1611517165,"event":{"mods":["BaseMod","Minty Spire (QoL Compilation)","Quick Restart","StSLib","[IsaacMod]ÒÔÈö¼âËþ"],"gold_per_floor":[115,115,65,80,94,94,19,50,77,10,10,17,59,76,76,180,180,213,213,283,307,107,168,168,212,236,273,273,294,361,391,391,500,500,527,141,141,205,0,59,59,107,180,222,222,222,256,616,616,637],"floor_reached":51,"language":"ZHS","playtime":2975,"items_purged":["Strike_R","Bash","Twin Strike","Shame"],"score":1130,"play_id":"55aa8492-6c0c-4f59-bf0e-6df559dd030a","local_time":"20210125033925","is_ascension_mode":true,"campfire_choices":[{"data":"Dark Embrace","floor":6.0,"key":"SMITH"},{"data":"Second Wind","floor":11.0,"key":"SMITH"},{"data":"Fiend Fire","floor":15.0,"key":"SMITH"},{"data":"Apotheosis","floor":24.0,"key":"SMITH"},{"data":"Entrench","floor":32.0,"key":"SMITH"},{"data":"Offering","floor":41.0,"key":"SMITH"},{"data":"Battle Trance","floor":45.0,"key":"SMITH"},{"data":"Feel No Pain","floor":49,"key":"SMITH"}],"circlet_count":0,"master_deck":["Defend_R+1","Defend_R","Pommel Strike","Fiend Fire+1","Dark Embrace+1","Sentinel","Second Wind+1","Armaments+1","Shrug It Off","Exhume","Apotheosis+1","Offering+1","Metallicize","Juggernaut","Feel No Pain+1","Body Slam","Battle Trance+1","Entrench+1","Shockwave","Exhume","Cleave+1","Flex+1","Armaments+1","Intimidate+1","Feel No Pain+1"],"relics":["Burning Blood","HushsDoor","BookOfRevelations","MealTicket","SalivaCoin","War Paint","Coffee Dripper","HowToJump","Strawberry","Oddly Smooth Stone","MaYiHuaBei","DeathBook","Shuriken","Astrolabe","Turnip","Torii","Vajra","WingedGreaves","GnawedLeaf","Dream Catcher","Mercury Hourglass","Old Coin"],"acts_visited":["Exordium","TheCity","TheBeyond"],"potions_floor_usage":[50],"damage_taken":[{"damage":7.0,"enemies":"Small Slimes","floor":1.0,"turns":4.0},{"damage":7.0,"enemies":"Jaw Worm","floor":4.0,"turns":3.0},{"damage":11.0,"enemies":"2 Louse","floor":5.0,"turns":3.0},{"damage":35.0,"enemies":"3 Sentries","floor":8.0,"turns":9.0},{"damage":23.0,"enemies":"Lagavulin","floor":13.0,"turns":6.0},{"damage":0.0,"enemies":"Exordium Wildlife","floor":14.0,"turns":3.0},{"damage":0.0,"enemies":"Slime Boss","floor":16.0,"turns":6.0},{"damage":20.0,"enemies":"2 Thieves","floor":18.0,"turns":4.0},{"damage":13.0,"enemies":"3 Byrds","floor":20.0,"turns":6.0},{"damage":12.0,"enemies":"Centurion and Healer","floor":21.0,"turns":4.0},{"damage":30.0,"enemies":"Slavers","floor":23.0,"turns":3.0},{"damage":7.0,"enemies":"Book of Stabbing","floor":25.0,"turns":3.0},{"damage":0.0,"enemies":"Gremlin Leader","floor":27.0,"turns":4.0},{"damage":0.0,"enemies":"Snake Plant","floor":29.0,"turns":3.0},{"damage":34.0,"enemies":"Slavers","floor":30.0,"turns":4.0},{"damage":12.0,"enemies":"Shelled Parasite and Fungi","floor":31.0,"turns":2.0},{"damage":15.0,"enemies":"Collector","floor":33.0,"turns":8.0},{"damage":12.0,"enemies":"Orb Walker","floor":35.0,"turns":3.0},{"damage":18.0,"enemies":"Mind Bloom Boss Battle","floor":38.0,"turns":6.0},{"damage":19.0,"enemies":"Reptomancer","floor":40.0,"turns":3.0},{"damage":41.0,"enemies":"3 Shapes","floor":42.0,"turns":2.0},{"damage":12.0,"enemies":"Giant Head","floor":44.0,"turns":3.0},{"damage":6,"enemies":"Nemesis","floor":47,"turns":3},{"damage":12,"enemies":"2 Orb Walkers","floor":48,"turns":4},{"damage":26,"enemies":"Donu and Deca","floor":50,"turns":4}],"seed_played":"6854224339425274361","potions_obtained":[{"floor":8.0,"key":"PowerPotion"},{"floor":13.0,"key":"Strength Potion"},{"floor":16.0,"key":"PowerPotion"},{"floor":23.0,"key":"LiquidBronze"},{"floor":27.0,"key":"ElixirPotion"},{"floor":29.0,"key":"BloodPotion"},{"floor":30.0,"key":"Dexterity Potion"},{"floor":33.0,"key":"FairyPotion"},{"floor":37.0,"key":"FairyPotion"},{"floor":37.0,"key":"Explosive Potion"}],"is_trial":false,"path_per_floor":["M","?","?","M","M","R","$","E","T","$","R","?","E","M","R","B",null,"M","?","M","M","$","E","R","E","T","E","?","M","E","M","R","B",null,"M","$","?","?","$","E","R","M","T","E","R","?","E","?","R","B",null],"character_chosen":"IRONCLAD","items_purchased":["Sentinel","Second Wind","Apotheosis","Offering","Feel No Pain","Body Slam","Turnip","GamblersBrew","Vajra"],"campfire_rested":0,"item_purchase_floors":[7,10,17,17,22,22,36,39,39],"current_hp_per_floor":[87,92,92,91,86,86,86,57,57,72,72,65,48,54,54,60,80,66,66,59,53,68,44,44,50,50,56,56,62,34,28,28,36,87,81,87,87,75,87,74,74,39,39,33,33,33,33,27,27,7],"gold":637,"neow_bonus":"TEN_PERCENT_HP_BONUS","is_daily":false,"chose_seed":false,"campfire_upgraded":8,"win_rate":0.0,"timestamp":1611517165,"path_taken":["M","?","?","M","M","R","$","E","T","?","R","?","E","M","R","BOSS","M","?","M","M","$","E","R","E","T","E","?","M","E","M","R","BOSS","M","$","?","?","?","E","R","?","T","E","R","?","E","?","R","BOSS"],"items_purchased_type":["Card","Card","Card","Card","Card","Card","Relic","Potion","Relic"],"build_version":"2020-12-22","purchased_purges":4,"victory":true,"max_hp_per_floor":[88,93,93,93,93,93,93,93,93,93,93,93,93,93,93,93,80,80,80,80,80,80,80,80,87,87,87,87,87,87,87,87,87,87,87,87,87,87,87,87,87,87,87,87,87,87,87,87,87,87],"card_choices":[{"not_picked":["Heavy Blade","Anger"],"picked":"Pommel Strike","floor":1.0},{"not_picked":["True Grit","Pommel Strike"],"picked":"Fiend Fire","floor":4.0},{"not_picked":["Cleave","Seeing Red"],"picked":"Dark Embrace","floor":5.0},{"not_picked":["Havoc","Pommel Strike"],"picked":"Twin Strike","floor":8.0},{"not_picked":["Warcry","Barricade"],"picked":"Armaments","floor":13.0},{"not_picked":["Dark Embrace","Pommel Strike"],"picked":"Shrug It Off","floor":14.0},{"not_picked":["Limit Break","Feed"],"picked":"Exhume","floor":16.0},{"not_picked":["Twin Strike+1","Cleave"],"picked":"Metallicize","floor":18.0},{"not_picked":["Iron Wave","Cleave"],"picked":"Juggernaut","floor":20.0},{"not_picked":["Shrug It Off","Armaments","Metallicize"],"picked":"SKIP","floor":21.0},{"not_picked":["Whirlwind","Inflame"],"picked":"Battle Trance","floor":23.0},{"not_picked":["Headbutt","Combust+1","Searing Blow"],"picked":"SKIP","floor":25.0},{"not_picked":["Clothesline","Armaments+1"],"picked":"Entrench","floor":27.0},{"not_picked":["Sword Boomerang","Metallicize","Thunderclap"],"picked":"SKIP","floor":29.0},{"not_picked":["Exhume","Sword Boomerang"],"picked":"Shockwave","floor":30.0},{"not_picked":["Heavy Blade+1","Ghostly Armor","Armaments"],"picked":"SKIP","floor":31.0},{"not_picked":["Corruption","Demon Form"],"picked":"Exhume","floor":33.0},{"not_picked":["Thunderclap+1","Sword Boomerang+1","Pommel Strike+1"],"picked":"SKIP","floor":35.0},{"not_picked":["Heavy Blade","Spot Weakness","Clothesline"],"picked":"SKIP","floor":40.0},{"not_picked":["Exhume","Pummel+1","Dark Embrace+1"],"picked":"SKIP","floor":42.0},{"not_picked":["Clash","Headbutt+1"],"picked":"Intimidate+1","floor":44.0},{"not_picked":["Clothesline+1","Armaments"],"picked":"Feel No Pain+1","floor":47}],"player_experience":109712,"relics_obtained":[{"floor":8.0,"key":"MealTicket"},{"floor":9.0,"key":"SalivaCoin"},{"floor":13.0,"key":"War Paint"},{"floor":23.0,"key":"HowToJump"},{"floor":25.0,"key":"Strawberry"},{"floor":26.0,"key":"Oddly Smooth Stone"},{"floor":27.0,"key":"MaYiHuaBei"},{"floor":30.0,"key":"Shuriken"},{"floor":38.0,"key":"Torii"},{"floor":40.0,"key":"WingedGreaves"},{"floor":43.0,"key":"GnawedLeaf"},{"floor":44.0,"key":"Dream Catcher"},{"floor":47,"key":"Mercury Hourglass"},{"floor":48,"key":"Old Coin"}],"event_choices":[{"damage_healed":0.0,"max_hp_gain":5.0,"max_hp_loss":0.0,"gold_gain":0.0,"event_name":"Big Fish","player_choice":"Donut","floor":2.0,"gold_loss":0.0,"damage_taken":0.0},{"cards_removed":["Strike_R"],"damage_healed":0.0,"max_hp_gain":0.0,"max_hp_loss":0.0,"gold_gain":0.0,"event_name":"The Cleric","player_choice":"Card Removal","floor":3.0,"gold_loss":50.0,"damage_taken":0.0},{"cards_removed":["Strike_R"],"damage_healed":0.0,"max_hp_gain":0.0,"max_hp_loss":0.0,"gold_gain":0.0,"event_name":"Golden Wing","player_choice":"Card Removal","floor":12.0,"gold_loss":0.0,"damage_taken":7.0},{"cards_removed":["Strike_R"],"damage_healed":0.0,"max_hp_gain":0.0,"max_hp_loss":0.0,"gold_gain":0.0,"event_name":"Back to Basics","player_choice":"Elegance","floor":19.0,"gold_loss":0.0,"damage_taken":0.0},{"damage_healed":0.0,"max_hp_gain":0.0,"max_hp_loss":0.0,"gold_gain":0.0,"event_name":"Addict","player_choice":"Stole Relic","floor":28.0,"gold_loss":0.0,"damage_taken":0.0,"relics_obtained":["DeathBook"],"cards_obtained":["Shame"]},{"damage_healed":0.0,"max_hp_gain":0.0,"max_hp_loss":0.0,"gold_gain":0.0,"event_name":"Lab","player_choice":"Got Potions","floor":37.0,"gold_loss":0.0,"damage_taken":0.0},{"damage_healed":0.0,"max_hp_gain":0.0,"max_hp_loss":0.0,"gold_gain":0.0,"event_name":"MindBloom","player_choice":"Fight","floor":38.0,"gold_loss":0.0,"damage_taken":0.0},{"damage_healed":0,"gold_gain":0,"player_choice":"Bought 0 Potions","damage_taken":0,"max_hp_gain":0,"max_hp_loss":0,"event_name":"The Woman in Blue","floor":46,"gold_loss":0},{"damage_healed":0,"gold_gain":0,"player_choice":"Fight","damage_taken":0,"max_hp_gain":0,"max_hp_loss":0,"event_name":"Mysterious Sphere","floor":48,"gold_loss":0}],"is_beta":false,"boss_relics":[{"not_picked":["Ectoplasm","Runic Cube"],"picked":"Coffee Dripper"},{"not_picked":[]},{"not_picked":["ChampionBelt","Snecko Eye"],"picked":"Astrolabe"},{"not_picked":[]}],"items_purged_floors":[17,22,36,39],"is_endless":false,"potions_floor_spawned":[8,13,16,23,27,29,30,33,40,44],"ascension_level":3}}