{"host":"h1qktzcccqnez8tx","time":1611498104,"event":{"mods":["BaseMod","Block Reminder","Colored Map","Colored Powertips","Curses Come First","Highlight Path","Infinite Spire","Minty Spire (QoL Compilation)","Permanent Neow","Quick Restart","Replay The Spire","StSLib","The Jungle"],"gold_per_floor":[114,114,129,129,144,174,189,204,279,294,69,99,114,129,129,229,229,244,259,259,274,289,289,319,334,334,349,364,379,381,396,396,496,596,611,611,617,632,647,647,526,526,526,526,526,541,571,586,586,588],"floor_reached":51,"language":"ENG","playtime":3412,"items_purged":["Backflip","Spreading Infection"],"score":844,"play_id":"a74aa3b0-2b8f-4ecd-815f-933b5ebee72d","local_time":"20210124152144","daily_mods":["Draft","Colorless Cards","Terminal"],"is_ascension_mode":false,"campfire_choices":[{"data":"Tactician","floor":15,"key":"SMITH"},{"data":"Tactician","floor":23,"key":"SMITH"},{"data":"Accuracy","floor":40,"key":"SMITH"},{"data":"infinitespire:Menacing","floor":44,"key":"SMITH"},{"data":"Accuracy","floor":49,"key":"SMITH"}],"circlet_count":0,"master_deck":["Dagger Throw","Dagger Throw","Blind","Dagger Throw","Cloak And Dagger","Quick Slash+1","Acrobatics","ReplayTheSpireMod:Scrap Shanks","Underhanded Strike+1","ReplayTheSpireMod:Private Reserves","Backstab","Flying Knee","ReplayTheSpireMod:Speed Training","Prepared","Acrobatics","Underhanded Strike","Leg Sweep","Dagger Throw","Accuracy+1","Tactician+1","Reflex","Underhanded Strike","Secret Weapon","Tactician+1","Acrobatics","Acrobatics","Tactician","Reflex","Hidden Blade+1","Finisher+1","Leg Sweep+1","infinitespire:Menacing+1","Master of Strategy","Master of Strategy","Accuracy+1","Trip","Infinite Blades","Acrobatics+1","Blade Dance+1","Acrobatics+1"],"relics":["Ring of the Snake","Divine Protection","Matryoshka","ReplayTheSpireMod:CursedCoin","Prayer Wheel","ReplayTheSpireMod:TigerMarble","HoveringKite","Omamori","Smiling Mask","infinitespire:Midas Blood","Replay:Wanted Poster","Iron Hammer","Replay:Kaleidoscope","Regal Pillow","Toxic Egg 2","Dream Catcher"],"acts_visited":["Exordium","TheCity","TheBeyond"],"potions_floor_usage":[28],"damage_taken":[{"damage":0,"enemies":"Small Slimes","floor":1,"turns":2},{"damage":0,"enemies":"2 Louse","floor":3,"turns":2},{"damage":0,"enemies":"Jaw Worm","floor":5,"turns":1},{"damage":1,"enemies":"Lagavulin","floor":6,"turns":5},{"damage":0,"enemies":"Lots of Slimes","floor":7,"turns":2},{"damage":0,"enemies":"Gremlin Gang","floor":8,"turns":3},{"damage":0,"enemies":"2 Fungi Beasts","floor":10,"turns":1},{"damage":0,"enemies":"3 Sentries","floor":12,"turns":4},{"damage":0,"enemies":"Blue Slaver","floor":13,"turns":1},{"damage":0,"enemies":"Lots of Slimes","floor":14,"turns":1},{"damage":0,"enemies":"Fading Forest","floor":16,"turns":11},{"damage":0,"enemies":"Spheric Guardian","floor":18,"turns":1},{"damage":0,"enemies":"2 Thieves","floor":19,"turns":2},{"damage":0,"enemies":"Snake Plant","floor":21,"turns":3},{"damage":0,"enemies":"3 Cultists","floor":22,"turns":2},{"damage":0,"enemies":"Book of Stabbing","floor":24,"turns":3},{"damage":0,"enemies":"Snecko","floor":25,"turns":1},{"damage":0,"enemies":"Shelled Parasite and Fungi","floor":27,"turns":1},{"damage":0,"enemies":"Cultist and Chosen","floor":28,"turns":1},{"damage":0,"enemies":"Snecko","floor":29,"turns":3},{"damage":0,"enemies":"3 Cultists","floor":31,"turns":3},{"damage":0,"enemies":"Champ","floor":33,"turns":3},{"damage":0,"enemies":"3 Shapes","floor":35,"turns":1},{"damage":0,"enemies":"2 Orb Walkers","floor":37,"turns":2},{"damage":0,"enemies":"3 Darklings","floor":38,"turns":1},{"damage":0,"enemies":"Writhing Mass","floor":39,"turns":3},{"damage":0,"enemies":"4 Shapes","floor":46,"turns":2},{"damage":0,"enemies":"Reptomancer","floor":47,"turns":1},{"damage":0,"enemies":"Transient","floor":48,"turns":4},{"damage":1,"enemies":"Replay:Hell Engine","floor":50,"turns":2}],"seed_played":"-992185634128019100","potions_obtained":[{"floor":3,"key":"DistilledChaos"},{"floor":5,"key":"Poison Potion"},{"floor":6,"key":"Fire Potion"},{"floor":12,"key":"PowerPotion"},{"floor":31,"key":"SteroidPotion"}],"is_trial":false,"path_per_floor":["M","?","M","?","M","E","M","M","T","M","$","E","M","M","R","B",null,"M","M","?","M","M","R","E","M","T","M","M","M","?","M","R_BF","B",null,"M","AVR","?","M","M","R","$","?","T","R","?","M","E","M","R","B",null],"character_chosen":"THE_SILENT","items_purchased":["ReplayTheSpireMod:CursedCoin","Prayer Wheel","Accuracy","Infinite Blades"],"campfire_rested":0,"item_purchase_floors":[11,11,11,41],"current_hp_per_floor":[68,72,71,70,69,68,67,66,65,64,63,62,61,60,59,58,57,56,55,54,53,52,51,50,49,48,47,46,45,34,34,42,41,40,39,38,37,36,35,34,33,32,31,30,27,26,25,24,23,22],"gold":588,"neow_bonus":"","is_daily":true,"chose_seed":false,"campfire_upgraded":5,"win_rate":0.0,"timestamp":1611498104,"path_taken":["M","?","M","?","M","E","M","M","T","M","?","E","?","?","R","BOSS","M","M","?","M","?","R","E","M","T","M","M","M","?","M","R_BF","BOSS","M","AVR","?","M","M","R","$","?","T","R","?","M","E","M","R","BOSS"],"items_purchased_type":["Relic","Relic","Card","Card"],"build_version":"2020-12-22","purchased_purges":2,"victory":true,"max_hp_per_floor":[68,72,71,70,69,68,67,66,65,64,63,62,61,60,59,58,57,56,55,54,53,52,51,50,49,48,47,46,45,44,43,42,41,40,39,38,37,36,35,34,33,32,31,30,27,26,25,24,23,22],"card_choices":[{"not_picked":["Skewer","Hidden Blade"],"picked":"Dagger Throw","floor":0},{"not_picked":["Deflect","Deadly Poison"],"picked":"Dagger Throw","floor":0},{"not_picked":["Riddle With Holes","Deadly Poison"],"picked":"Blind","floor":0},{"not_picked":["Backflip","Jack Of All Trades"],"picked":"Dagger Throw","floor":0},{"not_picked":["Concentrate","Dodge and Roll"],"picked":"Cloak And Dagger","floor":0},{"not_picked":["Cloak And Dagger","ReplayTheSpireMod:Exploit Weakness"],"picked":"Quick Slash","floor":0},{"not_picked":["Slice","Sucker Punch"],"picked":"Acrobatics","floor":0},{"not_picked":["Prepared","Slice"],"picked":"ReplayTheSpireMod:Scrap Shanks","floor":0},{"not_picked":["Reflex","Hidden Blade"],"picked":"Underhanded Strike","floor":0},{"not_picked":["Deadly Poison","Masterful Stab"],"picked":"ReplayTheSpireMod:Private Reserves","floor":0},{"not_picked":["Choke","Dagger Spray"],"picked":"Backstab","floor":0},{"not_picked":["Poisoned Stab","Deadly Poison"],"picked":"Flying Knee","floor":0},{"not_picked":["Deadly Poison","Poisoned Stab"],"picked":"Backflip","floor":0},{"not_picked":["Dodge and Roll","All Out Attack"],"picked":"ReplayTheSpireMod:Speed Training","floor":0},{"not_picked":["Outmaneuver","Choke"],"picked":"Prepared","floor":0},{"not_picked":["Deflect","Sucker Punch"],"picked":"Acrobatics","floor":1},{"not_picked":["Backflip","Poisoned Stab","Sneak Up"],"picked":"SKIP","floor":3},{"not_picked":["Acrobatics","Survey Options"],"picked":"Underhanded Strike","floor":5},{"not_picked":["Footwork","Outmaneuver"],"picked":"Leg Sweep","floor":6},{"not_picked":["Leg Sweep","ReplayTheSpireMod:From All Sides"],"picked":"Dagger Throw","floor":7},{"not_picked":["Impatience","Poisoned Stab","Outmaneuver"],"picked":"SKIP","floor":8},{"not_picked":["Bane","Hidden Blade","Sucker Punch"],"picked":"SKIP","floor":10},{"not_picked":["Dagger Spray","Poisoned Stab","ReplayTheSpireMod:Uncanny Aura"],"picked":"SKIP","floor":12},{"not_picked":["Blade Dance","Forethought"],"picked":"Tactician","floor":13},{"not_picked":["Poisoned Stab","ReplayTheSpireMod:Speed Training","Replay:Parry"],"picked":"SKIP","floor":13},{"not_picked":["Hidden Blade","Setup"],"picked":"Reflex","floor":14},{"not_picked":["Backflip","Setup"],"picked":"Underhanded Strike","floor":14},{"not_picked":["HandOfGreed","Unload"],"picked":"Secret Weapon","floor":16},{"not_picked":["Fluid Movement","Blade Dance"],"picked":"Tactician","floor":18},{"not_picked":["Impatience","Leg Sweep"],"picked":"Acrobatics","floor":18},{"not_picked":["Poisoned Stab","Dark Shackles"],"picked":"Acrobatics","floor":19},{"not_picked":["Deadly Poison+1","Dagger Throw","Sucker Punch"],"picked":"SKIP","floor":19},{"not_picked":["Outmaneuver","Poisoned Stab","Flying Knee"],"picked":"SKIP","floor":21},{"not_picked":["Bullet Time","Dodge and Roll","All Out Attack"],"picked":"SKIP","floor":21},{"not_picked":["Hidden Blade","Riddle With Holes"],"picked":"Tactician","floor":22},{"not_picked":["Expertise","Blade Dance","Replay:Sssssssssstrike"],"picked":"SKIP","floor":22},{"not_picked":["Dash+1","Cloak And Dagger","Poison Darts"],"picked":"SKIP","floor":24},{"not_picked":["Poisoned Stab+1","Toxin Wave"],"picked":"Reflex","floor":25},{"not_picked":["Replay:Bootleg Shield Generator","Flying Knee+1","ReplayTheSpireMod:Tripwire"],"picked":"SKIP","floor":25},{"not_picked":["Quick Slash","Replay:Sssssssssshield"],"picked":"Hidden Blade+1","floor":27},{"not_picked":["Dagger Spray","Crippling Poison","Choke+1"],"picked":"SKIP","floor":27},{"not_picked":["Cloak And Dagger","Slice"],"picked":"Finisher+1","floor":28},{"not_picked":["Cloak And Dagger","Distraction","Deflect"],"picked":"SKIP","floor":28},{"not_picked":["Noxious Fumes","Replay:Parry"],"picked":"Leg Sweep+1","floor":29},{"not_picked":["Sucker Punch","Deadly Poison+1","Quick Slash"],"picked":"SKIP","floor":29},{"not_picked":["Replay:Fractal Strike","infinitespire:Punishment"],"picked":"infinitespire:Menacing","floor":30},{"not_picked":["Jack Of All Trades","Blade Dance"],"picked":"Master of Strategy","floor":31},{"not_picked":["Blade Dance","Dark Shackles","Flechettes"],"picked":"SKIP","floor":31},{"not_picked":["Die Die Die","Secret Technique"],"picked":"Master of Strategy","floor":33},{"not_picked":["Backstab+1","Prepared+1"],"picked":"Accuracy","floor":35},{"not_picked":["Madness+1","Replay:Parry","ReplayTheSpireMod:Tripwire"],"picked":"SKIP","floor":35},{"not_picked":["Bane","Slice","Deflect+1"],"picked":"SKIP","floor":38},{"not_picked":["Dagger Spray","PiercingWail+1","Unload"],"picked":"SKIP","floor":38},{"not_picked":["Outmaneuver+1","Underhanded Strike+1"],"picked":"Trip","floor":39},{"not_picked":["Replay:Parry","Crippling Poison","Slice+1"],"picked":"SKIP","floor":39},{"not_picked":["Quick Slash+1","Blur+1"],"picked":"Acrobatics+1","floor":46},{"not_picked":["Dash","Deadly Poison+1"],"picked":"Blade Dance+1","floor":46},{"not_picked":["Replay:BasicMightCard+1","Tools of the Trade","Slice"],"picked":"SKIP","floor":47},{"not_picked":["Panacea+1","Sucker Punch+1"],"picked":"Acrobatics+1","floor":48},{"not_picked":["Replay:Parry","Dodge and Roll+1","Dagger Throw"],"picked":"SKIP","floor":48}],"player_experience":124383,"relics_obtained":[{"floor":6,"key":"Divine Protection"},{"floor":9,"key":"Matryoshka"},{"floor":12,"key":"ReplayTheSpireMod:TigerMarble"},{"floor":24,"key":"Omamori"},{"floor":26,"key":"Smiling Mask"},{"floor":26,"key":"infinitespire:Midas Blood"},{"floor":37,"key":"Replay:Kaleidoscope"},{"floor":43,"key":"Regal Pillow"},{"floor":43,"key":"Toxic Egg 2"},{"floor":47,"key":"Dream Catcher"}],"event_choices":[{"damage_healed":0,"gold_gain":0,"player_choice":"Donut","damage_taken":0,"max_hp_gain":5,"max_hp_loss":0,"event_name":"Big Fish","floor":2,"gold_loss":0},{"damage_healed":0,"gold_gain":0,"player_choice":"Grow","damage_taken":0,"max_hp_gain":0,"max_hp_loss":0,"event_name":"Living Wall","floor":4,"gold_loss":0,"cards_upgraded":["Underhanded Strike"]},{"damage_healed":0,"gold_gain":0,"player_choice":"Ignored","damage_taken":0,"max_hp_gain":0,"max_hp_loss":0,"event_name":"The Mausoleum","floor":20,"gold_loss":0},{"damage_healed":0,"gold_gain":0,"player_choice":"Fight","damage_taken":0,"max_hp_gain":0,"max_hp_loss":0,"event_name":"Mysterious Sphere","floor":37,"gold_loss":0},{"damage_healed":0,"gold_gain":0,"player_choice":"Max HP","damage_taken":0,"max_hp_gain":0,"max_hp_loss":2,"event_name":"Winding Halls","floor":45,"gold_loss":0}],"is_beta":false,"boss_relics":[{"not_picked":["Ectoplasm","infinitespire:Cupcake"],"picked":"HoveringKite"},{"not_picked":["SacredBark","Sozu"],"picked":"Replay:Wanted Poster"}],"items_purged_floors":[36,41],"is_endless":false,"potions_floor_spawned":[3,5,6,12,13,14,19,21,27,31,39,46],"ascension_level":0}}