{"host":"yvncskwfyqnc3wqi","time":1611523846,"event":{"mods":["2.2 Compatiblity","AchievementEnabler","Act Like it!","Bartender","BaseMod","Friendly Minions","Gensokyo","KinomotoSakuraMod(????)","Kiyohime????","Marisa????????","Minty Spire (QoL Compilation)","Nova Terra(??·??)","Permanent Neow","Prisma Mod","Railgun Mod","Reimu??????","Remove Card Discount Mod","Shade Mod","Shop Mod","StSLib","Td1madao Mod","The Alterego","The Disciple","The Gatherer","The Marked","The Runesmith","The Servant 0.9.4","TheFirefly","TheSwordswoman","TheVelvet","Waifu the Spire","WarShipGirlsR/????R mod","Yakumo Yukari mod","Yohane!","Yuri Mod"],"gold_per_floor":[118,98,111,125,90,118,132,132,132,32,50,50,63,73,73,170,170,181,37,49,63,63,96,112,127,127,139,151,179,220,232,232],"floor_reached":31,"language":"ENG","playtime":2037,"items_purged":[],"score":281,"play_id":"6ed4297c-6680-4296-94de-facb624ea2bd","local_time":"20210124213046","is_ascension_mode":false,"campfire_choices":[{"floor":8,"key":"RECALL"},{"data":"TheRailgun:Judgement_Officer","floor":15,"key":"SMITH"},{"floor":28,"key":"REST"}],"circlet_count":0,"master_deck":["TheRailgun:Strike","TheRailgun:Strike","TheRailgun:Strike","TheRailgun:Strike","TheRailgun:Defend","TheRailgun:Defend","TheRailgun:Defend","TheRailgun:Defend","TheRailgun:Discharge","TheRailgun:Static","TheRailgun:Zip","TheRailgun:Thundershock","TheRailgun:Battery_Pack","TheRailgun:Coin_Flip","TheRailgun:Judgement_Officer+1","TheRailgun:Stun_Shock","TheRailgun:Iron_Dust_Field","TheRailgun:Biribiri","TheRailgun:Sister_Noise+1","TheRailgun:Negative_Field","TheRailgun:Lightningbolt","TheRailgun:Heroinism","TheRailgun:Mental_Out+1","TheRailgun:Heroinism","TheRailgun:Magnetic_Flight","TheRailgun:Aerial_Shot","TheRailgun:Stun_Shock","TheRailgun:Iron_Dust_Shield+1","TheRailgun:Supercharge","TheRailgun:Zip+1","TheRailgun:Hypercharge+1","TheRailgun:Magnetic_Movement","TheRailgun:Lightning_Speed"],"relics":["TheRailgun:CoinRelic","Toxic Egg 2","CultistMask","Cursed Key","Oddly Smooth Stone","Incense Burner","MawBank","Bottled Flame"],"acts_visited":["Exordium","TheCity"],"potions_floor_usage":[16,20,21,23,29,30,30],"damage_taken":[{"damage":5,"enemies":"Jaw Worm","floor":1,"turns":4},{"damage":10,"enemies":"Small Slimes","floor":3,"turns":3},{"damage":0,"enemies":"Cultist","floor":4,"turns":2},{"damage":9,"enemies":"Gremlin Nob","floor":6,"turns":4},{"damage":6,"enemies":"2 Fungi Beasts","floor":7,"turns":2},{"damage":0,"enemies":"Blue Slaver","floor":11,"turns":3},{"damage":9,"enemies":"Exordium Thugs","floor":13,"turns":4},{"damage":0,"enemies":"Large Slime","floor":14,"turns":3},{"damage":10,"enemies":"Hexaghost","floor":16,"turns":7},{"damage":6,"enemies":"Chosen","floor":18,"turns":5},{"damage":0,"enemies":"Shell Parasite","floor":20,"turns":1},{"damage":2,"enemies":"Sentry and Sphere","floor":21,"turns":3},{"damage":18,"enemies":"Book of Stabbing","floor":23,"turns":6},{"damage":14,"enemies":"Snecko","floor":24,"turns":5},{"damage":4,"enemies":"Shelled Parasite and Fungi","floor":25,"turns":4},{"damage":12,"enemies":"3 Cultists","floor":29,"turns":3},{"damage":21,"enemies":"Gremlin Leader","floor":30,"turns":5},{"damage":16,"enemies":"Cultist and Chosen","floor":31,"turns":4}],"seed_played":"-3055935085405150852","potions_obtained":[{"floor":1,"key":"Explosive Potion"},{"floor":11,"key":"LiquidMemories"},{"floor":14,"key":"Fire Potion"},{"floor":16,"key":"Dexterity Potion"},{"floor":18,"key":"FearPotion"},{"floor":23,"key":"Swift Potion"},{"floor":25,"key":"PowerPotion"},{"floor":29,"key":"Dexterity Potion"}],"is_trial":false,"path_per_floor":["M","?","M","M","?","E","M","R","T","$","M","?","M","M","R","B",null,"M","$","M","M","$","E","M","M","T","?","R","M","E","M"],"character_chosen":"THE_DEFAULT","items_purchased":["TheRailgun:Negative_Field","TheRailgun:Lightningbolt","Oddly Smooth Stone"],"campfire_rested":1,"item_purchase_floors":[10,10,19],"current_hp_per_floor":[65,65,55,55,70,61,55,55,55,55,55,55,46,46,46,36,70,64,64,64,62,62,44,30,26,26,26,47,35,14,0,0],"gold":232,"neow_bonus":"THREE_CARDS","is_daily":false,"chose_seed":false,"campfire_upgraded":1,"win_rate":0.0,"timestamp":1611523846,"path_taken":["M","?","M","M","?","E","M","R","T","$","M","?","M","M","R","BOSS","M","$","M","M","$","E","M","M","T","?","R","M","E","M"],"items_purchased_type":["Card","Card","Relic"],"build_version":"2020-12-22","purchased_purges":0,"victory":false,"max_hp_per_floor":[70,70,70,70,70,70,70,70,70,70,70,70,70,70,70,70,70,70,70,70,70,70,70,70,70,70,70,70,70,70,70,70],"card_choices":[{"not_picked":["TheRailgun:Pull","TheRailgun:Zip"],"picked":"TheRailgun:Thundershock","floor":0},{"not_picked":["TheRailgun:Circuit_Breaker","TheRailgun:Spark"],"picked":"TheRailgun:Battery_Pack","floor":1},{"not_picked":[],"picked":"TheRailgun:Coin_Flip","floor":2},{"not_picked":[],"picked":"TheRailgun:Judgement_Officer","floor":2},{"not_picked":["TheRailgun:Circuit_Breaker","TheRailgun:Spark"],"picked":"TheRailgun:Stun_Shock","floor":3},{"not_picked":["TheRailgun:Spark","TheRailgun:Heroinism"],"picked":"TheRailgun:Iron_Dust_Field","floor":4},{"not_picked":["TheRailgun:Zip+1","TheRailgun:Thunderjolt+1"],"picked":"TheRailgun:Biribiri","floor":6},{"not_picked":["TheRailgun:Thunderbolt","TheRailgun:Recharge+1"],"picked":"TheRailgun:Sister_Noise+1","floor":7},{"not_picked":["TheRailgun:Push+1","TheRailgun:Coin_Flip+1"],"picked":"TheRailgun:Heroinism","floor":11},{"not_picked":["TheRailgun:Zap","TheRailgun:Crackle"],"picked":"TheRailgun:Mental_Out+1","floor":13},{"not_picked":["TheRailgun:Gekotamania+1","TheRailgun:Charge+1"],"picked":"TheRailgun:Heroinism","floor":14},{"not_picked":["TheRailgun:Thunder","TheRailgun:Level_6"],"picked":"TheRailgun:Magnetic_Flight","floor":16},{"not_picked":["TheRailgun:Recharge+1","TheRailgun:Crack"],"picked":"TheRailgun:Aerial_Shot","floor":18},{"not_picked":["TheRailgun:Zap","TheRailgun:Thunderjolt+1"],"picked":"TheRailgun:Stun_Shock","floor":20},{"not_picked":["TheRailgun:Battery_Pack+1","TheRailgun:Iron_Dust_Vial+1"],"picked":"TheRailgun:Iron_Dust_Shield+1","floor":21},{"not_picked":["TheRailgun:Discharge+1","TheRailgun:Coin_Flip+1"],"picked":"TheRailgun:Supercharge","floor":23},{"not_picked":["TheRailgun:Token_Collection+1","TheRailgun:Coin_Flip+1"],"picked":"TheRailgun:Zip+1","floor":24},{"not_picked":["TheRailgun:Circuit_Breaker+1","TheRailgun:Recharge+1"],"picked":"TheRailgun:Hypercharge+1","floor":25},{"not_picked":["TheRailgun:Positive_Field+1","TheRailgun:Electrical_Fire"],"picked":"TheRailgun:Magnetic_Movement","floor":29},{"not_picked":["TheRailgun:Mental_Out+1","TheRailgun:Lightningbolt+1"],"picked":"TheRailgun:Lightning_Speed","floor":30}],"player_experience":445844,"relics_obtained":[{"floor":6,"key":"Toxic Egg 2"},{"floor":23,"key":"Incense Burner"},{"floor":26,"key":"MawBank"},{"floor":30,"key":"Bottled Flame"}],"event_choices":[{"damage_healed":17,"gold_gain":0,"player_choice":"Healed","damage_taken":0,"max_hp_gain":0,"max_hp_loss":0,"event_name":"The Cleric","floor":5,"gold_loss":35},{"damage_healed":0,"gold_gain":0,"player_choice":"Trade","damage_taken":0,"relics_obtained":["CultistMask"],"max_hp_gain":0,"max_hp_loss":0,"event_name":"FaceTrader","floor":12,"gold_loss":0},{"cards_removed":["yuri:RhapsodyCurse"],"damage_healed":0,"gold_gain":0,"player_choice":"Elegance","damage_taken":0,"max_hp_gain":0,"max_hp_loss":0,"event_name":"Back to Basics","floor":27,"gold_loss":0}],"is_beta":false,"boss_relics":[{"not_picked":["Fusion Hammer","Sozu"],"picked":"Cursed Key"}],"items_purged_floors":[],"is_endless":false,"potions_floor_spawned":[1,11,14,16,18,23,25,29],"killed_by":"Cultist and Chosen","ascension_level":0}}