{"host":"2l3i55whvwk76mom","time":1611513634,"event":{"mods":["BaseMod","Googly Eyes","Hermit","Hubris","Minty Spire (QoL Compilation)","Replay The Spire","StSLib","The Cursed","The Disciple","The Hierophant","The Jungle","The Necromancer"],"gold_per_floor":[115,34,52,52,52,52,82,82,108,145,175,209,221,260,272,382,394,419,447,459,486,533,572,584,626,638,670,682,634,157,185,185,289,289,307,307,307,320,331,331,331,331,354,180,180,191,209,242,242,242],"floor_reached":51,"language":"ENG","playtime":2356,"items_purged":[],"score":980,"play_id":"5be215ea-fb45-416f-9b7b-7fd9760823eb","local_time":"20210124104034","is_ascension_mode":true,"campfire_choices":[{"data":"Uppercut","floor":6.0,"key":"SMITH"},{"data":"ReplayTheSpireMod:Limb From Limb","floor":8.0,"key":"SMITH"},{"floor":15.0,"key":"DIG"},{"data":"True Grit","floor":24.0,"key":"SMITH"},{"floor":32,"key":"DIG"},{"floor":40,"key":"RECALL"},{"floor":42,"key":"REST"},{"data":"Apotheosis","floor":45,"key":"SMITH"},{"data":"Rage","floor":49,"key":"SMITH"}],"circlet_count":0,"master_deck":["Strike_R","Strike_R","Strike_R","Strike_R","Strike_R","Defend_R","Defend_R","Defend_R","Defend_R","Bash","Disarm","Uppercut+1","Cleave+1","ReplayTheSpireMod:Limb From Limb+1","Carnage","Shockwave+1","Flex","ReplayTheSpireMod:Stacked","Reaper+1","ReplayTheSpireMod:Muscle Training","True Grit+1","Armaments","Dual Wield","Combust+1","Shockwave+1","Armaments+1","Feed","Rage+1","Spot Weakness+1","Apotheosis+1","Rupture+1"],"relics":["Burning Blood","NeowsBlessing","hubris:Towel","Bag of Marbles","MawBank","hubris:IronBody","Odd Mushroom","Oddly Smooth Stone","Snack Pack","hubris:TerracottaHorce","Red Mask","hubris:Spice","Matryoshka","Replay:PocketPolymizer","Smiling Mask","Gremlin Food","hubris:Zylophone","Strawberry","Replay:Bronze Core","Ring of Hypnosis","hubris:FunFungus","hubris:TenFootPole","Replay:Rubber Ducky"],"acts_visited":["Exordium","TheCity","TheBeyond"],"potions_floor_usage":[33,39,48],"damage_taken":[{"damage":0.0,"enemies":"Small Slimes","floor":1.0,"turns":1.0},{"damage":0.0,"enemies":"2 Louse","floor":3.0,"turns":1.0},{"damage":0.0,"enemies":"Replay:BlueRogue","floor":7.0,"turns":1.0},{"damage":21.0,"enemies":"Lagavulin","floor":10.0,"turns":4.0},{"damage":7.0,"enemies":"Jaw Worm","floor":11.0,"turns":2.0},{"damage":12.0,"enemies":"The Mushroom Lair","floor":12.0,"turns":3.0},{"damage":18.0,"enemies":"3 Sentries","floor":14.0,"turns":4.0},{"damage":32.0,"enemies":"The Guardian","floor":16.0,"turns":16.0},{"damage":0.0,"enemies":"Chosen","floor":18.0,"turns":3.0},{"damage":15.0,"enemies":"3 Byrds","floor":19.0,"turns":5.0},{"damage":10.0,"enemies":"Snake Plant","floor":21.0,"turns":2.0},{"damage":13.0,"enemies":"Masked Bandits","floor":22.0,"turns":6.0},{"damage":8.0,"enemies":"Replay:Snechameleon","floor":23.0,"turns":7.0},{"damage":20.0,"enemies":"Book of Stabbing","floor":25.0,"turns":6.0},{"damage":3,"enemies":"Centurion and Healer","floor":27,"turns":4},{"damage":15,"enemies":"Slavers","floor":31,"turns":6},{"damage":99,"enemies":"Champ","floor":33,"turns":10},{"damage":1,"enemies":"Orb Walker","floor":35,"turns":3},{"damage":16,"enemies":"3 Shapes","floor":38,"turns":2},{"damage":44,"enemies":"Spire Growth","floor":39,"turns":6},{"damage":11,"enemies":"Maw","floor":46,"turns":6},{"damage":16,"enemies":"3 Darklings","floor":47,"turns":7},{"damage":30,"enemies":"Nemesis","floor":48,"turns":7},{"damage":40,"enemies":"hubris:GrandSnecko","floor":50,"turns":11}],"seed_played":"9021246284417709370","potions_obtained":[{"floor":3.0,"key":"DuplicationPotion"},{"floor":11.0,"key":"Explosive Potion"},{"floor":12.0,"key":"AttackPotion"},{"floor":16.0,"key":"ColorlessPotion"},{"floor":18.0,"key":"Block Potion"},{"floor":22.0,"key":"LifebloodPotion"},{"floor":31,"key":"BlessingOfTheForge"},{"floor":35,"key":"SpeedPotion"},{"floor":39,"key":"BloodPotion"},{"floor":47,"key":"Energy Potion"}],"is_trial":false,"path_per_floor":["M","$","M","?","?","R","E","R","T","E","M","?","?","E","R","B",null,"M","M","$","M","?","E","R","E","T","M","$","?","$","E","R","B",null,"M","?","?","M","M","R","?","R","T","$","R","M","M","E","R","B",null],"character_chosen":"IRONCLAD","items_purchased":["Uppercut","hubris:Spice","Gremlin Food","Armaments+1","Apotheosis"],"campfire_rested":1,"item_purchase_floors":[2,30,30,30,44],"current_hp_per_floor":[80,80,80,80,80,80,80,80,80,65,64,58,58,46,46,22,66,74,77,77,73,71,84,84,79,79,88,88,88,96,94,101,23,83,90,90,90,80,48,48,48,78,78,78,78,101,103,103,103,103],"gold":242,"neow_bonus":"THREE_ENEMY_KILL","is_daily":false,"chose_seed":false,"campfire_upgraded":5,"win_rate":0.0,"timestamp":1611513634,"path_taken":["M","$","M","?","?","R","E","R","T","E","M","?","?","E","R","BOSS","M","M","$","M","?","E","R","E","T","M","$","?","$","E","R","BOSS","M","?","?","?","M","R","?","R","T","?","R","?","M","E","R","BOSS"],"items_purchased_type":["Card","Relic","Relic","Card","Card"],"build_version":"2020-12-22","purchased_purges":0,"victory":true,"max_hp_per_floor":[80,80,80,80,80,80,80,80,80,80,80,80,80,80,80,80,80,80,80,80,80,80,88,88,88,88,88,88,88,96,96,103,103,103,103,103,103,103,103,103,103,103,103,103,103,103,103,103,103,103],"card_choices":[{"not_picked":["ReplayTheSpireMod:Strike From Hell","Searing Blow"],"picked":"Disarm","floor":1.0},{"not_picked":["Clash","Anger"],"picked":"Cleave","floor":3.0},{"not_picked":["Heavy Blade","Abandon"],"picked":"ReplayTheSpireMod:Limb From Limb","floor":7.0},{"not_picked":["Uppercut","Seeing Red"],"picked":"Carnage","floor":10.0},{"not_picked":["True Grit","Thunderclap"],"picked":"Shockwave","floor":11.0},{"not_picked":["ReplayTheSpireMod:Strike From Hell","True Grit"],"picked":"Flex","floor":12.0},{"not_picked":["Havoc","Searing Blow"],"picked":"ReplayTheSpireMod:Stacked","floor":14.0},{"not_picked":["Impervious","hubris:StunningStrike"],"picked":"Reaper","floor":16.0},{"not_picked":["Anger","Hemokinesis+1"],"picked":"ReplayTheSpireMod:Muscle Training","floor":18.0},{"not_picked":["Ghostly Armor","Clothesline+1"],"picked":"True Grit","floor":19.0},{"not_picked":["Havoc+1","Hemokinesis+1"],"picked":"Armaments","floor":21.0},{"not_picked":["Intimidate","Headbutt+1"],"picked":"Dual Wield","floor":22.0},{"not_picked":["Flex","Shrug It Off"],"picked":"Combust+1","floor":23.0},{"not_picked":["Clothesline","Ghostly Armor"],"picked":"Shockwave+1","floor":25.0},{"not_picked":["Combust","Abandon","Bloodletting"],"picked":"SKIP","floor":27},{"not_picked":["Ghostly Armor","Pommel Strike","Seeing Red"],"picked":"SKIP","floor":31},{"not_picked":["Berserk","Juggernaut"],"picked":"Feed","floor":33},{"not_picked":["Hemokinesis+1","Flame Barrier+1"],"picked":"Rage","floor":35},{"not_picked":["Heavy Blade","Armaments"],"picked":"Spot Weakness+1","floor":38},{"not_picked":["Warcry+1","Dropkick","Wild Strike+1"],"picked":"SKIP","floor":39},{"not_picked":["hubris:SpiceAddiction","Blood for Blood"],"picked":"Rupture+1","floor":46},{"not_picked":["Clash+1","Run Through+1","Sword Boomerang"],"picked":"SKIP","floor":47},{"not_picked":["Run Through","Flex+1","Searing Blow+1"],"picked":"SKIP","floor":48}],"player_experience":318171,"relics_obtained":[{"floor":7.0,"key":"Bag of Marbles"},{"floor":9.0,"key":"MawBank"},{"floor":10.0,"key":"hubris:IronBody"},{"floor":12.0,"key":"Odd Mushroom"},{"floor":14.0,"key":"Oddly Smooth Stone"},{"floor":15.0,"key":"Snack Pack"},{"floor":22.0,"key":"Red Mask"},{"floor":23.0,"key":"hubris:Spice"},{"floor":25.0,"key":"Matryoshka"},{"floor":26.0,"key":"Replay:PocketPolymizer"},{"floor":26.0,"key":"Smiling Mask"},{"floor":31,"key":"hubris:Zylophone"},{"floor":32,"key":"Strawberry"},{"floor":36,"key":"Ring of Hypnosis"},{"floor":43,"key":"hubris:FunFungus"},{"floor":43,"key":"hubris:TenFootPole"},{"floor":48,"key":"Replay:Rubber Ducky"}],"event_choices":[{"damage_healed":0.0,"max_hp_gain":0.0,"max_hp_loss":0.0,"gold_gain":0.0,"event_name":"Mushrooms","player_choice":"Fought Mushrooms","floor":12.0,"gold_loss":0.0,"damage_taken":0.0},{"damage_healed":0.0,"max_hp_gain":0.0,"max_hp_loss":0.0,"gold_gain":0.0,"event_name":"Living Wall","player_choice":"Grow","floor":13.0,"gold_loss":0.0,"damage_taken":0.0,"cards_upgraded":["Shockwave"]},{"damage_healed":0.0,"max_hp_gain":0.0,"max_hp_loss":0.0,"gold_gain":0.0,"event_name":"Masked Bandits","player_choice":"Fought Bandits","floor":22.0,"gold_loss":0.0,"damage_taken":0.0},{"damage_healed":0,"gold_gain":0,"player_choice":"Ignored","damage_taken":0,"max_hp_gain":0,"max_hp_loss":0,"event_name":"SecretPortal","floor":37,"gold_loss":0},{"damage_healed":0,"gold_gain":0,"player_choice":"Ignored","damage_taken":0,"max_hp_gain":0,"max_hp_loss":0,"event_name":"Mysterious Sphere","floor":41,"gold_loss":0}],"is_beta":false,"boss_relics":[{"not_picked":["SacredBark","Philosopher\u0027s Stone"],"picked":"hubris:TerracottaHorce"},{"not_picked":["Replay:Drink Me","Replay:Wanted Poster"],"picked":"Replay:Bronze Core"}],"items_purged_floors":[],"is_endless":false,"potions_floor_spawned":[3,11,12,16,18,22,31,35,39,47],"ascension_level":5}}