{"host":"g8ufh7m4frdlkxwv","time":1611471308,"event":{"mods":["AchievementEnabler","BaseMod","Colored Map","Dark Map","Minty Spire (QoL Compilation)","Relic Stats","StSLib","ojb\u0027s Info Mod"],"gold_per_floor":[115,40,115,115,127,154,154,183,183,211,224,256,268,313,325,337,337],"floor_reached":16,"language":"ENG","playtime":908,"items_purged":[],"score":322,"play_id":"7d7c8f2b-e548-4138-8b14-05333ceec5e0","local_time":"20210124075508","is_ascension_mode":true,"campfire_choices":[{"data":"Footwork","floor":7.0,"key":"SMITH"},{"floor":13.0,"key":"REST"},{"data":"Bullet Time","floor":15,"key":"SMITH"}],"circlet_count":0,"master_deck":["AscendersBane","Strike_G","Strike_G","Strike_G","Strike_G","Defend_G","Defend_G","Defend_G","Defend_G","Survivor","Neutralize","Well Laid Plans","Flying Knee","Footwork+1","Flying Knee","Endless Agony","Bullet Time+1","Dodge and Roll"],"relics":["Ring of the Snake","NeowsBlessing","Pantograph","Pear","StrikeDummy","Lantern","MawBank","CaptainsWheel"],"acts_visited":["Exordium"],"potions_floor_usage":[16],"damage_taken":[{"damage":0.0,"enemies":"2 Louse","floor":1.0,"turns":1.0},{"damage":0.0,"enemies":"Small Slimes","floor":5.0,"turns":1.0},{"damage":0.0,"enemies":"Gremlin Nob","floor":6.0,"turns":1.0},{"damage":17.0,"enemies":"3 Sentries","floor":8.0,"turns":20.0},{"damage":12.0,"enemies":"Lagavulin","floor":10.0,"turns":9.0},{"damage":0.0,"enemies":"Jaw Worm","floor":11.0,"turns":3.0},{"damage":19.0,"enemies":"3 Sentries","floor":12.0,"turns":11.0},{"damage":19.0,"enemies":"Gremlin Nob","floor":14.0,"turns":4.0},{"damage":32,"enemies":"Hexaghost","floor":16,"turns":11}],"seed_played":"-994396801975611243","potions_obtained":[{"floor":1.0,"key":"SkillPotion"},{"floor":11.0,"key":"Strength Potion"},{"floor":14.0,"key":"LiquidMemories"}],"is_trial":false,"path_per_floor":["M","?","?","?","M","E","R","E","T","E","M","E","R","E","R","B"],"character_chosen":"THE_SILENT","items_purchased":[],"campfire_rested":1,"item_purchase_floors":[],"current_hp_per_floor":[59,59,48,41,41,41,41,34,34,22,22,3,25,6,6,0,0],"gold":337,"neow_bonus":"THREE_ENEMY_KILL","is_daily":false,"chose_seed":false,"campfire_upgraded":2,"win_rate":0.0,"timestamp":1611471308,"path_taken":["M","?","?","?","?","E","R","E","T","E","M","E","R","E","R","BOSS"],"items_purchased_type":[],"build_version":"2020-12-22","purchased_purges":0,"victory":false,"max_hp_per_floor":[66,66,66,66,66,66,66,76,76,76,76,76,76,76,76,76,76],"relic_stats":{"counters":[9,61],"Pantograph":25,"MawBank":48,"obtain_stats":[{"Lantern":10,"CaptainsWheel":14,"Pear":8,"NeowsBlessing":0,"Pantograph":6,"StrikeDummy":9,"MawBank":12,"Ring of the Snake":0},{"Lantern":5,"CaptainsWheel":8,"Pear":4,"NeowsBlessing":0,"Pantograph":3,"StrikeDummy":4,"MawBank":7,"Ring of the Snake":0},{"Lantern":32,"CaptainsWheel":50,"Pear":23,"NeowsBlessing":0,"Pantograph":3,"StrikeDummy":23,"MawBank":46,"Ring of the Snake":0}],"Ring of the Snake":[18]},"card_choices":[{"not_picked":["Catalyst","PiercingWail"],"picked":"Well Laid Plans","floor":1.0},{"not_picked":["Outmaneuver","Infinite Blades"],"picked":"Flying Knee","floor":5.0},{"not_picked":["All Out Attack","Escape Plan"],"picked":"Footwork","floor":6.0},{"not_picked":["Riddle With Holes","Bane"],"picked":"Flying Knee","floor":8.0},{"not_picked":["Blade Dance","Poisoned Stab"],"picked":"Endless Agony","floor":10.0},{"not_picked":["Tactician","Deadly Poison","Acrobatics"],"picked":"SKIP","floor":11.0},{"not_picked":["Tactician","Deadly Poison","Acrobatics"],"picked":"SKIP","floor":11.0},{"not_picked":["Quick Slash","Outmaneuver"],"picked":"Bullet Time","floor":12.0},{"not_picked":["Escape Plan","Quick Slash"],"picked":"Dodge and Roll","floor":14.0}],"player_experience":1101570,"relics_obtained":[{"floor":6.0,"key":"Pantograph"},{"floor":8.0,"key":"Pear"},{"floor":9.0,"key":"StrikeDummy"},{"floor":10.0,"key":"Lantern"},{"floor":12.0,"key":"MawBank"},{"floor":14.0,"key":"CaptainsWheel"}],"event_choices":[{"cards_removed":["Defend_G"],"damage_healed":0.0,"max_hp_gain":0.0,"max_hp_loss":0.0,"gold_gain":0.0,"event_name":"The Cleric","player_choice":"Card Removal","floor":2.0,"gold_loss":75.0,"damage_taken":0.0},{"damage_healed":0.0,"max_hp_gain":0.0,"max_hp_loss":0.0,"gold_gain":75.0,"event_name":"World of Goop","player_choice":"Gather Gold","floor":3.0,"gold_loss":0.0,"damage_taken":11.0},{"cards_removed":["Strike_G"],"damage_healed":0.0,"max_hp_gain":0.0,"max_hp_loss":0.0,"gold_gain":0.0,"event_name":"Golden Wing","player_choice":"Card Removal","floor":4.0,"gold_loss":0.0,"damage_taken":7.0}],"is_beta":false,"boss_relics":[],"items_purged_floors":[],"is_endless":false,"potions_floor_spawned":[1,11,14],"killed_by":"Hexaghost","ascension_level":20}}