{"host":"7wibw175hth9njsf","time":1611504170,"event":{"mods":["100% Spire Juice","2.2 Compatiblity","Act Like it!","BaseMod","Chen","Friendly Minions","Gensokyo","GifTheSpireLib","Highlight Path","HololiveMod","Koishi","Marisa（霧雨　魔理沙）","Minty Spire (QoL Compilation)","Onozuka Komachi Mod","Random Character Button","Reimu（博??梦）","Remilia（蕾米莉?）","StSLib","The Administrix","The Alterego","The Animator","The Blue Laboratory","The Fake Hero","TheSwordswoman","Waifu the Spire","Yakumo Yukari mod"],"gold_per_floor":[114,130,140,39,59,59,92,92,92,121,121,86,111,126,126,231,111,121,1,18,29,29,29,29,62,62,90,90,101,131,143,143,246,6,16,16,16],"floor_reached":36,"language":"ENG","playtime":4279,"items_purged":[],"score":459,"play_id":"ede64e3e-50d7-44d9-99b3-adc8ea0e05c1","local_time":"20210124110250","is_ascension_mode":false,"campfire_choices":[{"floor":6.0,"key":"REST"},{"floor":8.0,"key":"REST"},{"floor":11.0,"key":"REST"},{"floor":15.0,"key":"REST"},{"data":"Moonworks:Dash","floor":23,"key":"SMITH"},{"floor":28,"key":"REST"},{"floor":32,"key":"REST"}],"circlet_count":0,"master_deck":["Moonworks:Strike","Moonworks:Strike","Moonworks:Strike","Moonworks:Strike","Moonworks:Defend","Moonworks:Defend","Moonworks:Defend","Moonworks:Defend","Moonworks:Ambush","Moonworks:LongDistanceShot","Moonworks:Dinner","Moonworks:DeployBits","Moonworks:EvilSpyWorkPreparation","Moonworks:Dash+1","Moonworks:ForcedRevival","Moonworks:SakisCookie","Moonworks:ShieldCounter","Moonworks:Assault","Moonworks:TacticalRetreat+1","Moonworks:NicePresent","Moonworks:TreasureThief","Moonworks:FullSpeedAlicianrone","Moonworks:SakisCookie+1","Moonworks:ImOnFire+1","Moonworks:BackdoorTrade","Moonworks:MiracleWalker","Moonworks:MeltingMemories","Moonworks:UnpaidWork+1"],"relics":["Moonworks:BrokenBomb","Moonworks:Homemark","Dream Catcher","Shuriken","Odd Mushroom","Vajra","Black Star","Girya","Happy Flower","Bottled Flame","Pen Nib","Nunchaku","ScarletDevilRocket","Ornamental Fan","Hololive_Finger"],"acts_visited":["Exordium","TheCity","TheBeyond"],"potions_floor_usage":[30,31,36,36,36],"damage_taken":[{"damage":2.0,"enemies":"Small Slimes","floor":1.0,"turns":4.0},{"damage":1.0,"enemies":"Cultist","floor":2.0,"turns":4.0},{"damage":7.0,"enemies":"Jaw Worm","floor":3.0,"turns":4.0},{"damage":38.0,"enemies":"Exordium Thugs","floor":4.0,"turns":7.0},{"damage":15.0,"enemies":"Red Slaver","floor":5.0,"turns":3.0},{"damage":25.0,"enemies":"Lagavulin","floor":7.0,"turns":7.0},{"damage":19.0,"enemies":"The Mushroom Lair","floor":10.0,"turns":4.0},{"damage":27.0,"enemies":"3 Sentries","floor":13.0,"turns":7.0},{"damage":8.0,"enemies":"Exordium Wildlife","floor":14.0,"turns":3.0},{"damage":43.0,"enemies":"Hexaghost","floor":16.0,"turns":9.0},{"damage":6,"enemies":"Shell Parasite","floor":18,"turns":5},{"damage":6,"enemies":"3 Byrds","floor":20,"turns":4},{"damage":1,"enemies":"Centurion and Healer","floor":21,"turns":4},{"damage":24,"enemies":"Book of Stabbing","floor":25,"turns":7},{"damage":41,"enemies":"Gremlin Leader","floor":27,"turns":7},{"damage":0,"enemies":"Snecko","floor":29,"turns":5},{"damage":20,"enemies":"Slavers","floor":30,"turns":4},{"damage":0,"enemies":"3 Cultists","floor":31,"turns":4},{"damage":29,"enemies":"Champ","floor":33,"turns":7},{"damage":0,"enemies":"3 Darklings","floor":35,"turns":4},{"damage":89,"enemies":"Time Eater","floor":36,"turns":10}],"seed_played":"-7984992706408724099","potions_obtained":[{"floor":2.0,"key":"Strength Potion"},{"floor":4.0,"key":"Dexterity Potion"},{"floor":7.0,"key":"Dexterity Potion"},{"floor":14.0,"key":"GrandPatriotsElixir:ReiMu"},{"floor":25,"key":"PowerPotion"},{"floor":29,"key":"CultistPotion"},{"floor":30,"key":"Fire Potion"},{"floor":31,"key":"blueLaboratory:FrostheartPotion"},{"floor":33,"key":"blueLaboratory:HummingbirdPotion"},{"floor":35,"key":"Dexterity Potion"}],"is_trial":false,"path_per_floor":["M","M","M","M","M","R","E","R","T","?","R","?","E","M","R","B",null,"M","?","M","M","?","R","$","E","T","E","R","M","E","M","R","B",null,"M","B"],"character_chosen":"THE_STARBREAKER","items_purchased":[],"campfire_rested":6,"item_purchase_floors":[],"current_hp_per_floor":[64,63,61,29,19,38,19,38,38,25,44,60,39,31,50,13,66,65,66,62,61,61,61,61,43,43,8,27,40,35,46,65,44,66,66,0,0],"gold":16,"neow_bonus":"TEN_PERCENT_HP_BONUS","is_daily":false,"chose_seed":false,"campfire_upgraded":1,"win_rate":0.0,"timestamp":1611504170,"path_taken":["M","M","M","M","M","R","E","R","T","?","R","?","E","M","R","BOSS","M","?","M","?","?","R","?","E","T","E","R","?","E","M","R","BOSS","M","BOSS"],"items_purchased_type":[],"build_version":"2020-12-22","purchased_purges":0,"victory":false,"max_hp_per_floor":[66,66,66,66,66,66,66,66,66,66,66,66,66,66,66,66,66,66,66,66,66,66,66,66,66,66,66,66,66,66,66,66,66,66,66,66,66],"card_choices":[{"not_picked":["Moonworks:DeployBits","Moonworks:ImOnFire"],"picked":"Moonworks:CloudOfSeagulls","floor":1.0},{"not_picked":["Moonworks:RedAndBlue","Moonworks:LulusLuckyEgg"],"picked":"Moonworks:Dinner","floor":2.0},{"not_picked":["Moonworks:IndiscriminateFireSupport","Moonworks:NicePresent"],"picked":"Moonworks:BigBangBell","floor":3.0},{"not_picked":["Moonworks:IndiscriminateFireSupport","Moonworks:Assault","Moonworks:FinalSurgery"],"picked":"SKIP","floor":4.0},{"not_picked":["Moonworks:SealedMemories","Moonworks:IndiscriminateFireSupport"],"picked":"Moonworks:DeployBits","floor":5.0},{"not_picked":["Moonworks:BigMagnum","Moonworks:LulusLuckyEgg","Moonworks:IndiscriminateFireSupport"],"picked":"SKIP","floor":7.0},{"not_picked":["Moonworks:AngelHand","Moonworks:AwakeningOfTalent"],"picked":"Moonworks:EvilSpyWorkPreparation","floor":8.0},{"not_picked":["Moonworks:UnluckyCharm","Moonworks:RedAndBlue"],"picked":"Moonworks:Dash","floor":11.0},{"not_picked":["Moonworks:BigMagnum","Moonworks:CloudOfSeagulls","Moonworks:DevilHand"],"picked":"SKIP","floor":13.0},{"not_picked":["Moonworks:JonathanRush","Moonworks:AngelHand"],"picked":"Moonworks:ForcedRevival","floor":14.0},{"not_picked":["Moonworks:JonathanRush","Moonworks:EvilSpyWorkPreparation"],"picked":"Moonworks:SakisCookie","floor":15.0},{"not_picked":["Moonworks:LeapThroughSpace","Moonworks:Blazing"],"picked":"Moonworks:ShieldCounter","floor":16.0},{"not_picked":["Moonworks:JonathanRush","Moonworks:LulusLuckyEgg"],"picked":"Moonworks:Assault","floor":18},{"not_picked":["Moonworks:RedAndBlue+1","Moonworks:LeapThroughSpace"],"picked":"Moonworks:TacticalRetreat+1","floor":20},{"not_picked":["Moonworks:SakisCookie","Moonworks:ImOnFire"],"picked":"Moonworks:NicePresent","floor":21},{"not_picked":["Moonworks:Assault","Moonworks:EvilMastermind"],"picked":"Moonworks:TreasureThief","floor":25},{"not_picked":["Moonworks:LulusLuckyEgg","Moonworks:JonathanRush"],"picked":"Moonworks:FullSpeedAlicianrone","floor":27},{"not_picked":["Moonworks:TreasureThief+1","Moonworks:Assault"],"picked":"Moonworks:SakisCookie+1","floor":28},{"not_picked":["Moonworks:LulusLuckyEgg","Moonworks:ReproductionOfRecords"],"picked":"Moonworks:ImOnFire+1","floor":29},{"not_picked":["Moonworks:CloudOfSeagulls","Moonworks:UnpaidWork","Moonworks:TacticalRetreat+1"],"picked":"SKIP","floor":30},{"not_picked":["Moonworks:SelfDestruct","Moonworks:Heat300Percent+1"],"picked":"Moonworks:BackdoorTrade","floor":31},{"not_picked":["Moonworks:JonathanRush+1","Moonworks:LuckyCharm+1"],"picked":"Moonworks:MiracleWalker","floor":32},{"not_picked":["Moonworks:Wanted","Moonworks:WeAreWaruda"],"picked":"Moonworks:MeltingMemories","floor":33},{"not_picked":["Moonworks:EvilSpyWorkPreparation+1","Moonworks:DeployBits+1"],"picked":"Moonworks:UnpaidWork+1","floor":35}],"player_experience":221674,"relics_obtained":[{"floor":7.0,"key":"Dream Catcher"},{"floor":9.0,"key":"Shuriken"},{"floor":10.0,"key":"Odd Mushroom"},{"floor":13.0,"key":"Vajra"},{"floor":25,"key":"Girya"},{"floor":25,"key":"Happy Flower"},{"floor":26,"key":"Bottled Flame"},{"floor":27,"key":"Pen Nib"},{"floor":27,"key":"Nunchaku"},{"floor":30,"key":"ScarletDevilRocket"},{"floor":30,"key":"Ornamental Fan"}],"event_choices":[{"damage_healed":0.0,"max_hp_gain":0.0,"max_hp_loss":0.0,"gold_gain":0.0,"event_name":"Mushrooms","player_choice":"Fought Mushrooms","floor":10.0,"gold_loss":0.0,"damage_taken":0.0},{"damage_healed":16.0,"max_hp_gain":0.0,"max_hp_loss":0.0,"gold_gain":0.0,"event_name":"The Cleric","player_choice":"Healed","floor":12.0,"gold_loss":35.0,"damage_taken":0.0},{"cards_removed":["Moonworks:BigBangBell"],"damage_healed":1,"gold_gain":0,"player_choice":"Offered Uncommon","damage_taken":0,"max_hp_gain":0,"max_hp_loss":0,"event_name":"Bonfire Elementals","floor":19,"gold_loss":0},{"cards_removed":["Moonworks:CloudOfSeagulls"],"damage_healed":0,"gold_gain":0,"player_choice":"Purged","damage_taken":0,"max_hp_gain":0,"max_hp_loss":0,"event_name":"Purifier","floor":22,"gold_loss":0}],"is_beta":false,"boss_relics":[{"not_picked":["Fusion Hammer","Calling Bell"],"picked":"Black Star"},{"not_picked":["Empty Cage","Sozu"],"picked":"Hololive_Finger"}],"items_purged_floors":[],"is_endless":false,"potions_floor_spawned":[2,4,7,14,25,29,30,31,33,35],"killed_by":"Time Eater","ascension_level":0}}