{"host":"vfg9szunmpjwj08o","time":1611522671,"event":{"mods":["Act Like it!","BaseMod","Challenge The Spire","Colored Map","Colored Powertips","Conspire","Dark Map","Minty Spire (QoL Compilation)","Relic Stats","StSLib","Waifu the Spire"],"gold_per_floor":[111,111,127,143,18,44,44,44,44],"floor_reached":8,"language":"ENG","playtime":192,"items_purged":[],"score":78,"play_id":"aeff6de0-83fa-4e2d-940f-74421073e24d","local_time":"20210124221111","is_ascension_mode":true,"campfire_choices":[{"data":"Meditate","floor":7,"key":"SMITH"}],"circlet_count":0,"master_deck":["Strike_P","Strike_P","Strike_P","Strike_P","Defend_P","Defend_P","Defend_P","Defend_P","Eruption+1","Vigilance","Consecrate","BattleHymn","Meditate+1","Consecrate","Worship"],"relics":["PureWater","conspire:TopHat","Bag of Preparation"],"acts_visited":["Exordium"],"potions_floor_usage":[6],"damage_taken":[{"damage":4,"enemies":"conspire:RoseBush","floor":1,"turns":4},{"damage":0,"enemies":"Cultist","floor":3,"turns":2},{"damage":2,"enemies":"Jaw Worm","floor":4,"turns":2},{"damage":36,"enemies":"Gremlin Nob","floor":6,"turns":3},{"damage":31,"enemies":"3 Sentries","floor":8,"turns":2}],"seed_played":"-7896884413820881988","potions_obtained":[{"floor":3,"key":"ColorlessPotion"}],"is_trial":false,"path_per_floor":["M","?","M","M","$","E","R","E"],"character_chosen":"WATCHER","items_purchased":["Meditate","Consecrate"],"campfire_rested":0,"item_purchase_floors":[5,5],"current_hp_per_floor":[61,61,61,59,59,23,23,0,0],"gold":44,"neow_bonus":"RANDOM_COMMON_RELIC","is_daily":false,"chose_seed":false,"campfire_upgraded":1,"win_rate":0.0,"timestamp":1611522671,"path_taken":["M","?","M","?","$","E","R","E"],"items_purchased_type":["Card","Card"],"build_version":"2020-12-22","purchased_purges":0,"victory":false,"max_hp_per_floor":[72,72,72,72,72,72,72,72,72],"relic_stats":{"counters":[5,13],"Bag of Preparation":[2],"obtain_stats":[{"Bag of Preparation":6,"PureWater":0,"conspire:TopHat":0},{"Bag of Preparation":4,"PureWater":0,"conspire:TopHat":0},{"Bag of Preparation":11,"PureWater":0,"conspire:TopHat":0}]},"card_choices":[{"not_picked":["Protect","SashWhip","Crescendo"],"picked":"SKIP","floor":1},{"not_picked":["CrushJoints","FollowUp"],"picked":"Consecrate","floor":3},{"not_picked":["CarveReality","LikeWater"],"picked":"BattleHymn","floor":4},{"not_picked":["DeusExMachina","Protect"],"picked":"Worship","floor":6}],"player_experience":1079886,"relics_obtained":[{"floor":6,"key":"Bag of Preparation"}],"event_choices":[{"damage_healed":0,"gold_gain":0,"player_choice":"Forge","damage_taken":0,"max_hp_gain":0,"max_hp_loss":0,"event_name":"Accursed Blacksmith","floor":2,"gold_loss":0,"cards_upgraded":["Eruption"]}],"is_beta":false,"boss_relics":[],"items_purged_floors":[],"is_endless":false,"potions_floor_spawned":[3],"killed_by":"3 Sentries","ascension_level":8}}