{"host":"9v3x998ddbx8o276","time":1611489516,"event":{"mods":["AchievementEnabler","BaseMod","Colored Map","Colored Powertips","Highlight Path","Minty Spire (QoL Compilation)","Quick Restart","Rare Cards Sparkle"],"gold_per_floor":[116,191,191,13,27,59,59,85,85,104,132,4,4,23,23,99,99,110,122,122,122,132,132,165,180,180,280,295,1,1,36,36,113,113,132,146,146,163,163,197,247,247,271,271,301,313,338,366,378,390,402,414,426,2,30,30],"floor_reached":57,"language":"ENG","playtime":3126,"items_purged":["Strike_B"],"score":2786,"play_id":"a05c0094-8a37-46b1-9da8-f04b0f146b7d","local_time":"20210124222836","is_ascension_mode":true,"campfire_choices":[{"data":"Defragment","floor":7.0,"key":"SMITH"},{"data":"Defragment","floor":15.0,"key":"SMITH"},{"data":"Echo Form","floor":23.0,"key":"SMITH"},{"floor":32.0,"key":"REST"},{"data":"Parasite","floor":42.0,"key":"PURGE"},{"data":"Doubt","floor":44.0,"key":"PURGE"},{"floor":46.0,"key":"RECALL"},{"data":"Defend_B","floor":49.0,"key":"PURGE"},{"data":"Loop","floor":53.0,"key":"SMITH"}],"circlet_count":0,"master_deck":["AscendersBane","Defend_B","Zap","Dualcast","Compile Driver","Force Field","Self Repair","Defragment+1","Ball Lightning","Glacier","Gash","Cold Snap","Defragment+1","Ball Lightning","Echo Form+1","White Noise","Undo","Reboot","Coolheaded","Beam Cell","Barrage","Barrage","Self Repair+1","Loop+1","Steam","Amplify","Enlightenment","Finesse","Biased Cognition","Chill","Defragment+1","Defragment","Static Discharge"],"relics":["Cracked Core","NeowsBlessing","Membership Card","Thread and Needle","Mercury Hourglass","Peace Pipe","Akabeko","Runic Capacitor","GremlinMask","Cursed Key","Lantern","Singing Bowl","Incense Burner","Mummified Hand","OrangePellets","Blood Vial","Bag of Preparation","Empty Cage","Eternal Feather","MawBank","Bottled Lightning","Shuriken","DollysMirror","Pantograph"],"acts_visited":["Exordium","TheCity","TheBeyond","TheEnding"],"potions_floor_usage":[56],"damage_taken":[{"damage":0.0,"enemies":"Jaw Worm","floor":1.0,"turns":1.0},{"damage":0.0,"enemies":"Small Slimes","floor":5.0,"turns":2.0},{"damage":0.0,"enemies":"3 Sentries","floor":6.0,"turns":1.0},{"damage":5.0,"enemies":"Lagavulin","floor":8.0,"turns":7.0},{"damage":0.0,"enemies":"Cultist","floor":10.0,"turns":4.0},{"damage":17.0,"enemies":"Gremlin Nob","floor":11.0,"turns":5.0},{"damage":0.0,"enemies":"Blue Slaver","floor":14.0,"turns":4.0},{"damage":7.0,"enemies":"Hexaghost","floor":16.0,"turns":8.0},{"damage":0.0,"enemies":"Chosen","floor":18.0,"turns":4.0},{"damage":0.0,"enemies":"Spheric Guardian","floor":19.0,"turns":4.0},{"damage":20.0,"enemies":"Snake Plant","floor":22.0,"turns":4.0},{"damage":46.0,"enemies":"Gremlin Leader","floor":24.0,"turns":10.0},{"damage":0.0,"enemies":"Snecko","floor":25.0,"turns":6.0},{"damage":7.0,"enemies":"Colosseum Slavers","floor":27.0,"turns":4.0},{"damage":20.0,"enemies":"Colosseum Nobs","floor":27.0,"turns":5.0},{"damage":0.0,"enemies":"Chosen and Byrds","floor":28.0,"turns":5.0},{"damage":13.0,"enemies":"Slavers","floor":31.0,"turns":6.0},{"damage":14.0,"enemies":"Collector","floor":33.0,"turns":7.0},{"damage":0.0,"enemies":"Orb Walker","floor":35.0,"turns":3.0},{"damage":0.0,"enemies":"3 Darklings","floor":36.0,"turns":4.0},{"damage":25.0,"enemies":"4 Shapes","floor":38.0,"turns":4.0},{"damage":0.0,"enemies":"Giant Head","floor":40.0,"turns":8.0},{"damage":12.0,"enemies":"Reptomancer","floor":45.0,"turns":5.0},{"damage":0.0,"enemies":"Spire Growth","floor":47.0,"turns":4.0},{"damage":0.0,"enemies":"3 Darklings","floor":48.0,"turns":5.0},{"damage":5.0,"enemies":"Time Eater","floor":50.0,"turns":13.0},{"damage":63.0,"enemies":"Awakened One","floor":51.0,"turns":11.0},{"damage":25.0,"enemies":"Shield and Spear","floor":55.0,"turns":8.0},{"damage":85,"enemies":"The Heart","floor":56,"turns":12}],"seed_played":"4005130692783617292","potions_obtained":[{"floor":1.0,"key":"Fire Potion"},{"floor":6.0,"key":"Dexterity Potion"},{"floor":8.0,"key":"FocusPotion"},{"floor":14.0,"key":"SkillPotion"},{"floor":25.0,"key":"Dexterity Potion"},{"floor":27.0,"key":"PotionOfCapacity"},{"floor":33.0,"key":"Explosive Potion"},{"floor":36.0,"key":"FocusPotion"},{"floor":37.0,"key":"Fruit Juice"},{"floor":37.0,"key":"SpeedPotion"},{"floor":47.0,"key":"FairyPotion"},{"floor":48.0,"key":"PowerPotion"}],"is_trial":false,"path_per_floor":["M","?","?","$","M","E","R","E","T","M","E","$","?","M","R","B",null,"M","M","?","?","M","R","E","M","T","?","M","$","?","E","R","B",null,"M","M","?","M","?","E","?","R","T","R","E","R","M","M","R","B","B",null,"R","$","E","B",null],"character_chosen":"DEFECT","items_purchased":["Membership Card","Self Repair","Runic Capacitor","Defragment","OrangePellets","Loop","Blood Vial","EssenceOfSteel","Steam","Chill","Bottled Lightning","Shuriken","DollysMirror","Defragment"],"campfire_rested":1,"item_purchase_floors":[4,4,12,12,29,29,29,29,29,54,54,54,54,54],"current_hp_per_floor":[64,53,53,53,60,60,60,62,62,69,59,59,59,66,66,66,70,71,71,71,71,58,58,19,26,26,20,27,27,27,40,61,73,73,75,77,82,59,54,84,84,81,81,81,83,83,85,87,87,87,51,78,87,87,87,9],"gold":30,"neow_bonus":"THREE_ENEMY_KILL","is_daily":false,"chose_seed":false,"campfire_upgraded":4,"win_rate":0.0,"timestamp":1611489516,"path_taken":["M","?","?","$","M","E","R","E","T","M","E","$","?","M","R","BOSS","M","M","?","?","M","R","E","M","T","?","?","$","?","E","R","BOSS","M","M","?","?","?","E","?","R","T","R","E","R","?","M","R","BOSS","BOSS","R","$","E","BOSS"],"items_purchased_type":["Relic","Card","Relic","Card","Relic","Card","Relic","Potion","Card","Card","Relic","Relic","Relic","Card"],"build_version":"2020-12-22","purchased_purges":1,"victory":true,"max_hp_per_floor":[71,71,71,71,71,71,71,71,71,71,71,71,71,71,71,71,71,71,71,71,71,71,71,71,71,71,71,71,71,71,71,71,73,73,75,77,82,84,84,84,84,81,81,81,83,83,85,87,87,87,87,87,87,87,87,87],"card_choices":[{"not_picked":["Hello World","Blizzard"],"picked":"Compile Driver","floor":1.0},{"not_picked":["Cold Snap","Sweeping Beam"],"picked":"Defragment","floor":5.0},{"not_picked":["Storm","Double Energy"],"picked":"Ball Lightning","floor":6.0},{"not_picked":["Capacitor","Turbo"],"picked":"Glacier","floor":8.0},{"not_picked":["BootSequence","Skim"],"picked":"Gash","floor":10.0},{"not_picked":["Static Discharge","Turbo"],"picked":"Cold Snap","floor":11.0},{"not_picked":["Steam","Skim"],"picked":"Ball Lightning","floor":14.0},{"not_picked":["Rainbow","All For One"],"picked":"Echo Form","floor":16.0},{"not_picked":["Force Field+1","Conserve Battery"],"picked":"White Noise","floor":18.0},{"not_picked":["Streamline","Sweeping Beam"],"picked":"Undo","floor":19.0},{"not_picked":["Sweeping Beam","Stack","Hologram"],"picked":"SKIP","floor":22.0},{"not_picked":["Go for the Eyes","Hello World"],"picked":"Beam Cell","floor":24.0},{"not_picked":["Go for the Eyes","Gash"],"picked":"Barrage","floor":25.0},{"not_picked":["Storm","Redo"],"picked":"Barrage","floor":27.0},{"not_picked":["Defragment","Genetic Algorithm"],"picked":"Self Repair+1","floor":28.0},{"not_picked":["Undo","Streamline"],"picked":"Amplify","floor":31.0},{"not_picked":["Rainbow","Amplify","Multi-Cast"],"picked":"Singing Bowl","floor":33.0},{"not_picked":["Hologram","Rebound","Go for the Eyes"],"picked":"Singing Bowl","floor":35.0},{"not_picked":["Lockon","Reinforced Body","Redo"],"picked":"Singing Bowl","floor":36.0},{"not_picked":["Recycle","Static Discharge","Stack+1"],"picked":"Singing Bowl","floor":38.0},{"not_picked":["Finesse","Flash of Steel"],"picked":"Enlightenment","floor":39.0},{"not_picked":["Bandage Up","Flash of Steel"],"picked":"Finesse","floor":39.0},{"not_picked":["Stack","Cold Snap"],"picked":"Biased Cognition","floor":40.0},{"not_picked":["Conserve Battery+1","Hologram","Lockon"],"picked":"Singing Bowl","floor":45.0},{"not_picked":["Leap","Coolheaded","Stack"],"picked":"Singing Bowl","floor":47.0},{"not_picked":["Coolheaded","Skim+1","Gash"],"picked":"Singing Bowl","floor":48.0},{"not_picked":["Melter","Hologram"],"picked":"Static Discharge","floor":55.0}],"player_experience":1701102,"relics_obtained":[{"floor":6.0,"key":"Thread and Needle"},{"floor":8.0,"key":"Mercury Hourglass"},{"floor":9.0,"key":"Peace Pipe"},{"floor":11.0,"key":"Akabeko"},{"floor":24.0,"key":"Lantern"},{"floor":26.0,"key":"Singing Bowl"},{"floor":27.0,"key":"Incense Burner"},{"floor":27.0,"key":"Mummified Hand"},{"floor":31.0,"key":"Bag of Preparation"},{"floor":40.0,"key":"Eternal Feather"},{"floor":45.0,"key":"MawBank"},{"floor":55.0,"key":"Pantograph"}],"event_choices":[{"damage_healed":0.0,"max_hp_gain":0.0,"max_hp_loss":0.0,"gold_gain":75.0,"event_name":"World of Goop","player_choice":"Gather Gold","floor":2.0,"gold_loss":0.0,"damage_taken":11.0},{"damage_healed":0.0,"max_hp_gain":0.0,"max_hp_loss":0.0,"gold_gain":0.0,"cards_transformed":["Strike_B"],"event_name":"Living Wall","player_choice":"Change","floor":3.0,"gold_loss":0.0,"damage_taken":0.0,"cards_obtained":["Force Field"]},{"damage_healed":0.0,"max_hp_gain":0.0,"max_hp_loss":0.0,"gold_gain":0.0,"event_name":"FaceTrader","player_choice":"Trade","floor":13.0,"gold_loss":0.0,"damage_taken":0.0,"relics_obtained":["GremlinMask"]},{"damage_healed":0.0,"max_hp_gain":0.0,"max_hp_loss":0.0,"gold_gain":0.0,"cards_transformed":["Strike_B","Strike_B"],"event_name":"Drug Dealer","player_choice":"Became Test Subject","floor":20.0,"gold_loss":0.0,"damage_taken":0.0,"cards_obtained":["Reboot","Coolheaded"]},{"damage_healed":0.0,"max_hp_gain":0.0,"max_hp_loss":0.0,"gold_gain":0.0,"event_name":"The Mausoleum","player_choice":"Ignored","floor":21.0,"gold_loss":0.0,"damage_taken":0.0},{"damage_healed":0.0,"max_hp_gain":0.0,"max_hp_loss":0.0,"gold_gain":0.0,"event_name":"Colosseum","player_choice":"Fight","floor":27.0,"gold_loss":0.0,"damage_taken":0.0},{"damage_healed":0.0,"max_hp_gain":0.0,"max_hp_loss":0.0,"gold_gain":0.0,"event_name":"Colosseum","player_choice":"Fought Nobs","floor":27.0,"gold_loss":0.0,"damage_taken":0.0},{"damage_healed":0.0,"max_hp_gain":0.0,"max_hp_loss":0.0,"gold_gain":0.0,"event_name":"Cursed Tome","player_choice":"Ignored","floor":30.0,"gold_loss":0.0,"damage_taken":0.0},{"damage_healed":0.0,"max_hp_gain":0.0,"max_hp_loss":0.0,"gold_gain":0.0,"event_name":"Lab","player_choice":"Got Potions","floor":37.0,"gold_loss":0.0,"damage_taken":0.0},{"damage_healed":0.0,"max_hp_gain":0.0,"max_hp_loss":0.0,"gold_gain":0.0,"event_name":"SensoryStone","player_choice":"Memory 2","floor":39.0,"gold_loss":0.0,"damage_taken":5.0},{"damage_healed":0.0,"max_hp_gain":0.0,"max_hp_loss":0.0,"gold_gain":50.0,"event_name":"Golden Shrine","player_choice":"Pray","floor":41.0,"gold_loss":0.0,"damage_taken":0.0}],"is_beta":false,"boss_relics":[{"not_picked":["Sozu","Calling Bell"],"picked":"Cursed Key"},{"not_picked":["Tiny House","Black Star"],"picked":"Empty Cage"}],"items_purged_floors":[29],"is_endless":false,"potions_floor_spawned":[1,6,8,14,19,25,27,27,33,36,47,48],"ascension_level":20}}