{"host":"wahmi3v2b4ozu27r","time":1611479293,"event":{"mods":["AchievementEnabler","Act Like it!","Astrologer","BaseMod","Colored Powertips","Energized Spire","Infinite Spire","Minty Spire (QoL Compilation)","Pale of the Ancients","Permanent Neow","Rare Cards Sparkle","Replay The Spire","Shop Mod","Spikes Relics","StSLib","The Animator","The Bug Knight","The Hierophant","The Problem Sleuth","TheBandit","TheFirefly","Trackpad","egg","everything is the same but u backflip on backflip","slay the spire mod where everything is the same but ironclad has a cowboy hat","vexMod"],"gold_per_floor":[784,784,800,818,818,818,849,849,849,861,165,10,20,34,34,132,132,150,169,169,169,369,369,369],"floor_reached":23,"language":"ENG","playtime":1668,"items_purged":[],"score":216,"play_id":"bba95ae2-275c-4bfd-b618-be97902bde59","local_time":"20210124040813","is_ascension_mode":false,"campfire_choices":[{"floor":6,"key":"REST"},{"floor":8,"key":"REST"},{"floor":15,"key":"REST"}],"circlet_count":0,"master_deck":["Strike_B","Strike_B","Strike_B","Strike_B","Defend_B","Defend_B","Defend_B","Defend_B","Zap","Dualcast","Pride","Pride","Pride","Panic Button","Ball Lightning","DiskWipe","Barrage","Rebound","Reinforced Body","Chaos","Ball Lightning","ReplayTheSpireMod:Omega Cannon","Cold Snap","Conserve Battery+1"],"relics":["MealTicket","Omamori","Juzu Bracelet","Raider\u0027s Mask","Boot","Regal Pillow","Calling Bell","Vajra","Golden Egg","trackpad:ToughGloves","HyperAlloy","Nloth\u0027s Gift"],"acts_visited":["Exordium","TheCity"],"potions_floor_usage":[7,13,16,16,19,19],"damage_taken":[{"damage":20,"enemies":"Small Slimes","floor":1,"turns":4},{"damage":12,"enemies":"Cultist","floor":3,"turns":5},{"damage":10,"enemies":"2 Louse","floor":4,"turns":3},{"damage":27,"enemies":"3 Sentries","floor":7,"turns":7},{"damage":25,"enemies":"Lots of Slimes","floor":10,"turns":6},{"damage":7,"enemies":"2 Fungi Beasts","floor":13,"turns":3},{"damage":17,"enemies":"Exordium Wildlife","floor":14,"turns":4},{"damage":55,"enemies":"The Guardian","floor":16,"turns":9},{"damage":27,"enemies":"Shell Parasite","floor":18,"turns":5},{"damage":20,"enemies":"3 Byrds","floor":19,"turns":3},{"damage":29,"enemies":"Replay:Snechameleon","floor":23,"turns":4}],"seed_played":"341475392133543505","potions_obtained":[{"floor":4,"key":"ColorlessPotion"},{"floor":7,"key":"GamblersBrew"},{"floor":13,"key":"Swift Potion"},{"floor":14,"key":"FocusPotion"},{"floor":16,"key":"Venom Potion"}],"is_trial":false,"path_per_floor":["M","?","M","M","T","R","E","R","T","M","$","$","M","M","R","B",null,"M","M","AVR","?","?","E"],"character_chosen":"DEFECT","items_purchased":["Juzu Bracelet","infinitespire:BlackPotion","Reinforced Body","Raider\u0027s Mask","Boot","Regal Pillow"],"campfire_rested":3,"item_purchase_floors":[11,11,11,11,11,12],"current_hp_per_floor":[55,55,43,33,33,55,28,50,50,25,40,55,48,31,68,13,75,48,28,28,28,28,0,0],"gold":369,"neow_bonus":"BOSS_RELIC","is_daily":false,"chose_seed":false,"campfire_upgraded":0,"win_rate":0.0,"timestamp":1611479293,"path_taken":["M","?","M","M","?","R","E","R","T","?","?","$","M","M","R","BOSS","M","M","AVR","?","?","E"],"items_purchased_type":["Relic","Potion","Card","Relic","Relic","Relic"],"build_version":"2020-12-22","purchased_purges":0,"victory":false,"max_hp_per_floor":[75,75,75,75,75,75,75,75,75,75,75,75,75,75,75,75,75,75,75,75,75,75,75,75],"card_choices":[{"not_picked":["Hologram","Beam Cell"],"picked":"Panic Button","floor":1},{"not_picked":["Genetic Algorithm","ReplayGash"],"picked":"Ball Lightning","floor":3},{"not_picked":["Aggregate","Redo"],"picked":"DiskWipe","floor":4},{"not_picked":["Capacitor","Echo Form"],"picked":"Barrage","floor":7},{"not_picked":["Panic Button","Steam"],"picked":"Rebound","floor":10},{"not_picked":["Mirror Shield","Leap"],"picked":"Chaos","floor":13},{"not_picked":["Barrage","Go for the Eyes"],"picked":"Ball Lightning","floor":14},{"not_picked":["Mirror Shield","Seek"],"picked":"ReplayTheSpireMod:Omega Cannon","floor":16},{"not_picked":["Tempest","Gash+1"],"picked":"Cold Snap","floor":18},{"not_picked":["Scrape","Steam+1"],"picked":"Conserve Battery+1","floor":19}],"player_experience":32707,"relics_obtained":[{"floor":5,"key":"MealTicket"},{"floor":7,"key":"Omamori"},{"floor":17,"key":"Vajra"},{"floor":17,"key":"Golden Egg"},{"floor":17,"key":"trackpad:ToughGloves"}],"event_choices":[{"damage_healed":0,"gold_gain":0,"player_choice":"Ignored","damage_taken":0,"max_hp_gain":0,"max_hp_loss":0,"event_name":"Liars Game","floor":2,"gold_loss":0},{"damage_healed":0,"gold_gain":0,"player_choice":"Traded Relic","damage_taken":0,"relics_obtained":["Nloth\u0027s Gift"],"max_hp_gain":0,"max_hp_loss":0,"event_name":"N\u0027loth","floor":21,"relics_lost":["vexMod:RockOfEvil"],"gold_loss":0},{"damage_healed":0,"gold_gain":250,"player_choice":"Bet on Owner","damage_taken":0,"max_hp_gain":0,"max_hp_loss":0,"event_name":"The Joust","floor":22,"gold_loss":50}],"is_beta":false,"boss_relics":[{"not_picked":["Velvet Choker","Busted Crown"],"picked":"Calling Bell"}],"items_purged_floors":[],"is_endless":false,"potions_floor_spawned":[4,7,13,14,16],"killed_by":"Replay:Snechameleon","ascension_level":0}}