{"host":"rb2p2z6v6vieend5","time":1611451084,"event":{"mods":["BaseMod","Block Reminder","Colored Map","DeckTracker","Highlight Path","Minty Spire (QoL Compilation)","Random Character Button","Relic Stats"],"gold_per_floor":[109,109,128,78,94,119,119,135,188,188,188,218,218,243,243,342,342,360,285,299,299,43,43,142,142,142,242,256,256,272,300,300,398,398,416,73,73,91,104,104,119,119,119,119,69,69,89,89,89,89],"floor_reached":51,"language":"ENG","playtime":2801,"items_purged":["Defend_P","Strike_P","Defend_P"],"score":688,"play_id":"6ac83e8a-aa58-4204-bcea-d6878e974301","local_time":"20210124021804","is_ascension_mode":true,"campfire_choices":[{"data":"Evaluate","floor":7,"key":"SMITH"},{"data":"Conclude","floor":10,"key":"SMITH"},{"floor":15,"key":"REST"},{"floor":23,"key":"REST"},{"data":"DevaForm","floor":29,"key":"SMITH"},{"data":"FlurryOfBlows","floor":32,"key":"SMITH"},{"data":"Alpha","floor":40,"key":"SMITH"},{"data":"MentalFortress","floor":42,"key":"SMITH"},{"floor":46,"key":"REST"},{"data":"MentalFortress","floor":49,"key":"SMITH"}],"circlet_count":0,"master_deck":["Defend_P","Eruption+1","Vigilance","FlurryOfBlows+1","Evaluate+1","MentalFortress+1","DevaForm+1","MentalFortress+1","SandsOfTime","Alpha+1","Devotion","Prostrate","Devotion"],"relics":["HolyWater","Art of War","Mercury Hourglass","Regal Pillow","Lantern","Mummified Hand","MutagenicStrength","TheAbacus","Smiling Mask","Question Card","Centennial Puzzle","Sozu","Oddly Smooth Stone","Strawberry","Meat on the Bone"],"acts_visited":["Exordium","TheCity","TheBeyond"],"potions_floor_usage":[28,33],"damage_taken":[{"damage":1,"enemies":"2 Louse","floor":1,"turns":3},{"damage":0,"enemies":"Small Slimes","floor":3,"turns":2},{"damage":6,"enemies":"Jaw Worm","floor":5,"turns":3},{"damage":20,"enemies":"3 Sentries","floor":6,"turns":5},{"damage":5,"enemies":"Looter","floor":8,"turns":3},{"damage":3,"enemies":"Lagavulin","floor":12,"turns":7},{"damage":4,"enemies":"3 Sentries","floor":14,"turns":4},{"damage":22,"enemies":"The Guardian","floor":16,"turns":11},{"damage":0,"enemies":"Chosen","floor":18,"turns":4},{"damage":37,"enemies":"Spheric Guardian","floor":20,"turns":4},{"damage":0,"enemies":"Cultist and Chosen","floor":28,"turns":4},{"damage":0,"enemies":"Snecko","floor":30,"turns":4},{"damage":12,"enemies":"Gremlin Leader","floor":31,"turns":5},{"damage":35,"enemies":"Collector","floor":33,"turns":8},{"damage":8,"enemies":"3 Darklings","floor":35,"turns":3},{"damage":4,"enemies":"Orb Walker","floor":38,"turns":3},{"damage":10,"enemies":"Spire Growth","floor":39,"turns":4},{"damage":20,"enemies":"3 Darklings","floor":41,"turns":3},{"damage":5,"enemies":"Sphere and 2 Shapes","floor":47,"turns":3},{"damage":4,"enemies":"Time Eater","floor":50,"turns":8}],"seed_played":"-2626764127042128303","potions_obtained":[{"floor":3,"key":"SpeedPotion"},{"floor":6,"key":"SteroidPotion"},{"floor":12,"key":"SkillPotion"},{"floor":30,"key":"Energy Potion"}],"is_trial":false,"path_per_floor":["M","?","M","?","M","E","R","M","T","R","?","E","?","E","R","B",null,"M","?","M","?","$","R","?","?","T","?","M","R","M","E","R","B",null,"M","$","?","M","M","R","M","R","T","?","$","R","M","?","R","B",null],"character_chosen":"WATCHER","items_purchased":["MentalFortress","TheAbacus","Oddly Smooth Stone","Strawberry"],"campfire_rested":3,"item_purchase_floors":[22,22,36,36],"current_hp_per_floor":[71,71,71,71,65,45,45,40,40,40,40,37,30,26,62,40,72,72,72,35,35,35,71,71,71,71,71,71,71,71,59,59,24,72,64,71,71,67,57,57,37,37,37,37,37,75,70,70,70,66],"gold":89,"neow_bonus":"RANDOM_COMMON_RELIC","is_daily":false,"chose_seed":false,"campfire_upgraded":7,"win_rate":0.0,"timestamp":1611451084,"path_taken":["M","?","M","?","M","E","R","M","T","R","?","E","?","E","R","BOSS","M","?","M","?","$","R","?","?","T","?","M","R","M","E","R","BOSS","M","$","?","?","M","R","M","R","T","?","$","R","?","?","R","BOSS"],"items_purchased_type":["Card","Relic","Relic","Relic"],"build_version":"2020-12-22","purchased_purges":3,"victory":true,"max_hp_per_floor":[72,72,72,72,72,72,72,72,72,72,72,72,72,72,72,72,72,72,72,72,72,72,72,72,72,72,72,72,72,72,72,72,72,72,72,79,79,79,79,79,79,79,79,79,79,79,79,79,79,79],"relic_stats":{"Sozu":2,"Regal Pillow":45,"Centennial Puzzle":[21],"TheAbacus":[120],"counters":[20,91],"Mummified Hand":[72],"Art of War":[10],"Smiling Mask":125,"Question Card":9,"obtain_stats":[{"Regal Pillow":9,"Lantern":12,"Oddly Smooth Stone":36,"Smiling Mask":25,"Question Card":26,"Mercury Hourglass":6,"Sozu":34,"Centennial Puzzle":31,"TheAbacus":22,"Mummified Hand":14,"MutagenicStrength":21,"Strawberry":36,"HolyWater":17,"Art of War":0,"PureWater":0,"Meat on the Bone":43},{"Regal Pillow":5,"Lantern":6,"Oddly Smooth Stone":15,"Smiling Mask":10,"Question Card":10,"Mercury Hourglass":4,"Sozu":14,"Centennial Puzzle":13,"TheAbacus":10,"Mummified Hand":7,"MutagenicStrength":10,"Strawberry":15,"HolyWater":8,"Art of War":0,"PureWater":0,"Meat on the Bone":18},{"Regal Pillow":16,"Lantern":23,"Oddly Smooth Stone":70,"Smiling Mask":46,"Question Card":46,"Mercury Hourglass":13,"Sozu":67,"Centennial Puzzle":59,"TheAbacus":46,"Mummified Hand":27,"MutagenicStrength":46,"Strawberry":70,"HolyWater":38,"Art of War":0,"PureWater":0,"Meat on the Bone":80}],"Mercury Hourglass":[289],"Meat on the Bone":0},"card_choices":[{"not_picked":["FlyingSleeves","EmptyBody"],"picked":"Conclude","floor":1},{"not_picked":["FollowUp","SashWhip"],"picked":"FlurryOfBlows","floor":3},{"not_picked":["Consecrate","CrushJoints"],"picked":"Evaluate","floor":5},{"not_picked":["WreathOfFlame","Pray","EmptyFist"],"picked":"SKIP","floor":6},{"not_picked":["WindmillStrike","Halt","FlyingSleeves"],"picked":"SKIP","floor":8},{"not_picked":["ClearTheMind","DeusExMachina"],"picked":"MentalFortress","floor":12},{"not_picked":["Wallop","Study","WaveOfTheHand"],"picked":"SKIP","floor":14},{"not_picked":["Establishment","Scrawl"],"picked":"DevaForm","floor":16},{"not_picked":["CarveReality","Halt","PathToVictory"],"picked":"SKIP","floor":18},{"not_picked":["FlurryOfBlows","Pray+1","FollowUp"],"picked":"SKIP","floor":20},{"not_picked":["ThirdEye","CarveReality","Pray+1"],"picked":"SandsOfTime","floor":28},{"not_picked":["BowlingBash","EmptyFist","DeusExMachina","PathToVictory"],"picked":"SKIP","floor":30},{"not_picked":["CutThroughFate+1","BowlingBash","Pray","Evaluate+1"],"picked":"SKIP","floor":31},{"not_picked":["DevaForm","Judgement","Scrawl"],"picked":"Alpha","floor":33},{"not_picked":["Prostrate+1","EmptyFist+1","FlurryOfBlows+1","PathToVictory+1"],"picked":"SKIP","floor":35},{"not_picked":["Halt+1","TalkToTheHand+1","ReachHeaven"],"picked":"Devotion","floor":38},{"not_picked":["ThirdEye","Collect","EmptyFist+1"],"picked":"Prostrate","floor":39},{"not_picked":["CutThroughFate+1","CrushJoints+1","BowlingBash+1","Protect"],"picked":"SKIP","floor":41},{"not_picked":["Weave+1","FollowUp+1","Consecrate+1","Vengeance+1"],"picked":"SKIP","floor":47}],"player_experience":598155,"relics_obtained":[{"floor":6,"key":"Mercury Hourglass"},{"floor":9,"key":"Regal Pillow"},{"floor":12,"key":"Lantern"},{"floor":14,"key":"Mummified Hand"},{"floor":26,"key":"Question Card"},{"floor":31,"key":"Centennial Puzzle"},{"floor":43,"key":"Meat on the Bone"}],"event_choices":[{"damage_healed":0,"gold_gain":0,"player_choice":"Grow","damage_taken":0,"max_hp_gain":0,"max_hp_loss":0,"event_name":"Living Wall","floor":2,"gold_loss":0,"cards_upgraded":["Eruption"]},{"cards_removed":["Strike_P"],"damage_healed":0,"gold_gain":0,"player_choice":"Card Removal","damage_taken":0,"max_hp_gain":0,"max_hp_loss":0,"event_name":"The Cleric","floor":4,"gold_loss":50},{"damage_healed":0,"gold_gain":0,"player_choice":"Ignored","damage_taken":0,"max_hp_gain":0,"max_hp_loss":0,"event_name":"Liars Game","floor":11,"gold_loss":0},{"cards_removed":["Defend_P"],"damage_healed":0,"gold_gain":0,"player_choice":"Card Removal","damage_taken":7,"max_hp_gain":0,"max_hp_loss":0,"event_name":"Golden Wing","floor":13,"gold_loss":0},{"cards_removed":["Strike_P"],"damage_healed":0,"gold_gain":0,"player_choice":"Gave Gold","damage_taken":0,"max_hp_gain":0,"max_hp_loss":0,"event_name":"Beggar","floor":19,"gold_loss":75},{"damage_healed":0,"gold_gain":0,"player_choice":"Inject Mutagens","damage_taken":0,"relics_obtained":["MutagenicStrength"],"max_hp_gain":0,"max_hp_loss":0,"event_name":"Drug Dealer","floor":21,"gold_loss":0},{"damage_healed":0,"gold_gain":99,"player_choice":"Stole From Cult","damage_taken":0,"max_hp_gain":0,"max_hp_loss":0,"event_name":"Nest","floor":24,"gold_loss":0},{"damage_healed":0,"gold_gain":0,"player_choice":"Opened","damage_taken":0,"relics_obtained":["Smiling Mask"],"max_hp_gain":0,"max_hp_loss":0,"event_name":"The Mausoleum","floor":25,"gold_loss":0},{"damage_healed":0,"gold_gain":100,"player_choice":"Pray","damage_taken":0,"max_hp_gain":0,"max_hp_loss":0,"event_name":"Golden Shrine","floor":27,"gold_loss":0},{"cards_removed":["Strike_P"],"damage_healed":0,"gold_gain":0,"player_choice":"Purged","damage_taken":0,"max_hp_gain":0,"max_hp_loss":0,"event_name":"Purifier","floor":37,"gold_loss":0},{"damage_healed":0,"gold_gain":0,"player_choice":"Copied","damage_taken":0,"max_hp_gain":0,"max_hp_loss":0,"event_name":"Duplicator","floor":44,"gold_loss":0,"cards_obtained":["Devotion"]},{"cards_removed":["Conclude"],"damage_healed":0,"gold_gain":0,"player_choice":"Removed Attack","damage_taken":0,"max_hp_gain":0,"max_hp_loss":0,"event_name":"Falling","floor":48,"gold_loss":0}],"is_beta":false,"boss_relics":[{"not_picked":["Tiny House","Pandora\u0027s Box"],"picked":"HolyWater"},{"not_picked":["Runic Dome","Philosopher\u0027s Stone"],"picked":"Sozu"}],"items_purged_floors":[22,36,45],"is_endless":false,"potions_floor_spawned":[3,6,12,20,30,39,41],"ascension_level":1}}