{"host":"bor2qt8pkh75ni8l","time":1611474474,"event":{"mods":["Act Like it!","BaseMod","Downfall","Minty Spire (QoL Compilation)","StSLib"],"gold_per_floor":[99,118,137,137,150,12,12,30,30,47,47,32,132,160,179,284,284,284,302,33,50,65,65,65,65,93,93,93,93,113,145,157,261,261,261,280,625,69,69,79,102,130,145,145,45,95,140,25,45,45,45,45],"floor_reached":50,"language":"ENG","playtime":3128,"items_purged":["Injury","bronze:Strike","downfall:Bewildered"],"score":561,"play_id":"ca36b08a-6062-4b54-913b-943d36db1807","local_time":"20210123234754","is_ascension_mode":true,"campfire_choices":[{"data":"bronze:Replicate","floor":1.0,"key":"SMITH"},{"data":"bronze:InfiniteLoop","floor":9.0,"key":"SMITH"},{"data":"bronze:DelayedSlice","floor":11.0,"key":"SMITH"},{"data":"bronze:ThunderWave","floor":18.0,"key":"SMITH"},{"data":"bronze:CloningBeam","floor":27.0,"key":"SMITH"},{"data":"bronze:Boost","floor":29.0,"key":"SMITH"},{"data":"bronze:Boost","floor":35.0,"key":"SMITH"},{"data":"bronze:Iterate","floor":45,"key":"SMITH"}],"circlet_count":0,"master_deck":["bronze:Strike","bronze:Strike","bronze:Strike","bronze:Defend","bronze:Defend","bronze:Defend","bronze:Defend","bronze:Replicate+1","bronze:Goto","bronze:CutThrough","bronze:DelayedSlice+1","bronze:Fortify","bronze:InfiniteLoop+1","bronze:Constructor","bronze:ForLoop","bronze:Boost+1","bronze:Iterate+1","bronze:FineTuning","bronze:ThunderWave+1","bronze:Boost+1","bronze:CloningBeam+1","bronze:DelayedSlice+1","bronze:Flail","bronze:BronzeOrb","bronze:Verify","Master of Strategy","bronze:Philosophize+1","bronze:SpaghettiCode","bronze:Iterate+1"],"relics":["bronze:BronzeCore","Thread and Needle","Eternal Feather","TungstenRod","Philosopher\u0027s Stone","Bronze Scales","sneckomod:BabySnecko","The Courier","Orichalcum","Mercury Hourglass","Coffee Dripper","Shuriken","Nunchaku","Omamori","downfall:HeartBlessingGreen","Ice Cream","Torii","Bag of Preparation"],"acts_visited":["Exordium","TheCity","TheBeyond"],"potions_floor_usage":[],"damage_taken":[{"damage":0.0,"enemies":"2 Louse","floor":2.0,"turns":3.0},{"damage":0.0,"enemies":"Cultist","floor":3.0,"turns":4.0},{"damage":0.0,"enemies":"Small Slimes","floor":5.0,"turns":2.0},{"damage":1.0,"enemies":"downfall:FleeingMerchant","floor":6.0,"turns":4.0},{"damage":0.0,"enemies":"3 Louse","floor":8.0,"turns":2.0},{"damage":0.0,"enemies":"Red Slaver","floor":10.0,"turns":3.0},{"damage":6.0,"enemies":"downfall:FleeingMerchant","floor":12.0,"turns":4.0},{"damage":5.0,"enemies":"3 Sentries","floor":14.0,"turns":5.0},{"damage":0.0,"enemies":"Blue Slaver","floor":15.0,"turns":4.0},{"damage":12.0,"enemies":"WA_ARCHETYPE_RETAIN","floor":16.0,"turns":7.0},{"damage":4.0,"enemies":"Shell Parasite","floor":19.0,"turns":4.0},{"damage":0.0,"enemies":"downfall:FleeingMerchant","floor":20.0,"turns":4.0},{"damage":0.0,"enemies":"Chosen","floor":21.0,"turns":4.0},{"damage":0.0,"enemies":"3 Cultists","floor":22.0,"turns":1.0},{"damage":24.0,"enemies":"Slavers","floor":26.0,"turns":5.0},{"damage":3.0,"enemies":"Centurion and Healer","floor":30.0,"turns":2.0},{"damage":3.0,"enemies":"Book of Stabbing","floor":31.0,"turns":3.0},{"damage":0.0,"enemies":"Cultist and Chosen","floor":32.0,"turns":3.0},{"damage":35.0,"enemies":"DF_ARCHETYPE_CLAW","floor":33.0,"turns":6.0},{"damage":4.0,"enemies":"3 Shapes","floor":36.0,"turns":3.0},{"damage":11.0,"enemies":"downfall:FleeingMerchant","floor":37.0,"turns":4.0},{"damage":0,"enemies":"Orb Walker","floor":40,"turns":2},{"damage":25,"enemies":"Giant Head","floor":42,"turns":7},{"damage":0,"enemies":"4 Shapes","floor":43,"turns":1},{"damage":0,"enemies":"4 Shapes","floor":46,"turns":3},{"damage":0,"enemies":"2 Orb Walkers","floor":47,"turns":2},{"damage":8,"enemies":"Writhing Mass","floor":49,"turns":3},{"damage":198,"enemies":"IC_BLOCK_ARCHETYPE","floor":50,"turns":4}],"seed_played":"1242266577114650605","potions_obtained":[{"floor":4.0,"key":"downfall:CursedFountainPotion"},{"floor":5.0,"key":"EssenceOfSteel"},{"floor":10.0,"key":"Block Potion"},{"floor":16.0,"key":"Dexterity Potion"},{"floor":19.0,"key":"Block Potion"},{"floor":33.0,"key":"Strength Potion"},{"floor":40,"key":"bronze:FreeFunctionsPotion"},{"floor":49,"key":"Swift Potion"}],"is_trial":false,"path_per_floor":["R","M","M","?","M","$","T","M","R","M","R","$","?","E","M","B",null,"R","M","$","M","M","?","T","?","E","R","?","R","M","E","M","B",null,"R","M","$","$","?","M","T","E","M","?","R","?","?","$","M","B"],"character_chosen":"THE_AUTOMATON","items_purchased":["bronze:Constructor","Bronze Scales","bronze:RecursiveStrike","Master of Strategy","Shuriken","Bag of Preparation"],"campfire_rested":0,"item_purchase_floors":[6,20,38,38,38,48],"current_hp_per_floor":[70,70,70,70,70,69,69,69,70,70,70,64,64,59,59,47,70,70,66,66,66,66,66,66,66,42,54,54,66,63,60,60,25,70,70,66,55,55,55,55,55,30,30,80,80,80,80,80,72,0,0,0],"gold":45,"neow_bonus":"ONE_RARE_RELIC","is_daily":false,"chose_seed":false,"campfire_upgraded":8,"win_rate":0.0,"timestamp":1611474474,"path_taken":["R","M","M","?","?","$","T","M","R","M","R","$","?","E","M","BOSS","R","M","$","M","?","?","T","?","E","R","?","R","M","E","M","BOSS","R","M","?","$","?","M","T","E","?","?","R","?","?","$","M","BOSS"],"items_purchased_type":["Card","Relic","Card","Card","Relic","Relic"],"build_version":"2020-12-22","purchased_purges":3,"victory":false,"max_hp_per_floor":[70,70,70,70,70,70,70,70,70,70,70,70,70,70,70,70,70,70,70,70,70,70,70,70,70,70,70,70,70,70,70,70,70,70,70,70,70,70,70,70,70,70,70,80,80,80,80,80,80,80,80,80],"card_choices":[{"not_picked":["bronze:Branch","bronze:Constructor"],"picked":"bronze:CutThrough","floor":2.0},{"not_picked":["bronze:Turbo","bronze:DelayedGuard"],"picked":"bronze:DelayedSlice","floor":3.0},{"not_picked":["bronze:Branch","bronze:BugBarrage"],"picked":"bronze:Fortify","floor":5.0},{"not_picked":["bronze:DelayedSlice","bronze:WhirlingStrike"],"picked":"bronze:InfiniteLoop","floor":6.0},{"not_picked":["bronze:Shell","bronze:ClassDefault"],"picked":"bronze:ForLoop","floor":8.0},{"not_picked":["bronze:Iterate","bronze:Backtrace"],"picked":"bronze:Boost","floor":10.0},{"not_picked":["bronze:OilSpill","bronze:Allocate","bronze:Repair"],"picked":"SKIP","floor":12.0},{"not_picked":["bronze:Overload","bronze:Backtrace"],"picked":"bronze:Iterate","floor":14.0},{"not_picked":["bronze:Optimize","bronze:Iterate"],"picked":"bronze:FineTuning","floor":15.0},{"not_picked":["bronze:Virus","bronze:Format"],"picked":"bronze:ThunderWave","floor":16.0},{"not_picked":["bronze:DelayedGuard","bronze:Iterate"],"picked":"bronze:Boost","floor":19.0},{"not_picked":["bronze:WhirlingStrike","bronze:NullPointer","bronze:FineTuning"],"picked":"SKIP","floor":20.0},{"not_picked":["bronze:Overheat","bronze:BuggyMess+1","bronze:Constructor"],"picked":"SKIP","floor":21.0},{"not_picked":["bronze:Fortify","bronze:InfiniteBeams","bronze:Repair"],"picked":"SKIP","floor":22.0},{"not_picked":["bronze:Constructor+1","bronze:ItsAFeature"],"picked":"bronze:CloningBeam","floor":26.0},{"not_picked":["bronze:MaxOutput","bronze:Constructor"],"picked":"bronze:Flail","floor":30.0},{"not_picked":["bronze:InfiniteLoop","bronze:Safeguard"],"picked":"bronze:BronzeOrb","floor":31.0},{"not_picked":["bronze:FineTuning+1","bronze:Boost","bronze:Invalidate+1"],"picked":"SKIP","floor":32.0},{"not_picked":["bronze:Break","bronze:Assembly"],"picked":"bronze:Verify","floor":33.0},{"not_picked":["bronze:OilSpill","bronze:FineTuning+1","bronze:CutThrough"],"picked":"SKIP","floor":36.0},{"not_picked":["bronze:WhirlingStrike+1","bronze:ChildClass+1","bronze:Repair+1"],"picked":"SKIP","floor":40},{"not_picked":["bronze:Optimize","bronze:WhirlingStrike+1","bronze:Shell+1"],"picked":"SKIP","floor":42},{"not_picked":["bronze:FineTuning+1","bronze:InfiniteBeams+1"],"picked":"bronze:Philosophize+1","floor":43},{"not_picked":["bronze:Flail+1","bronze:Overload"],"picked":"bronze:SpaghettiCode","floor":46},{"not_picked":["bronze:WildBeam","bronze:CutThrough+1"],"picked":"bronze:Iterate+1","floor":47},{"not_picked":["bronze:Invalidate+1","bronze:WildBeam","bronze:DelayedGuard"],"picked":"SKIP","floor":49}],"player_experience":602698,"relics_obtained":[{"floor":7.0,"key":"Eternal Feather"},{"floor":14.0,"key":"TungstenRod"},{"floor":24.0,"key":"The Courier"},{"floor":26.0,"key":"Orichalcum"},{"floor":31.0,"key":"Mercury Hourglass"},{"floor":41,"key":"Nunchaku"},{"floor":42,"key":"Omamori"},{"floor":46,"key":"Ice Cream"},{"floor":47,"key":"Torii"}],"event_choices":[{"damage_healed":0.0,"max_hp_gain":0.0,"max_hp_loss":0.0,"gold_gain":0.0,"event_name":"Vampires","player_choice":"Ignored","floor":25.0,"gold_loss":0.0,"damage_taken":0.0},{"damage_healed":0,"gold_gain":0,"player_choice":"Ignored","damage_taken":0,"max_hp_gain":0,"max_hp_loss":0,"event_name":"Vampires","floor":37,"gold_loss":0},{"damage_healed":0,"gold_gain":0,"player_choice":"Fight","damage_taken":0,"max_hp_gain":0,"max_hp_loss":0,"event_name":"Mysterious Sphere","floor":47,"gold_loss":0}],"is_beta":false,"boss_relics":[{"not_picked":["Tiny House","Snecko Eye"],"picked":"Philosopher\u0027s Stone"},{"not_picked":["Black Star","bronze:MakeshiftBattery"],"picked":"Coffee Dripper"}],"items_purged_floors":[6,20,38],"is_endless":false,"potions_floor_spawned":[5,10,15,16,19,21,26,33,40,46,47,49],"killed_by":"IC_BLOCK_ARCHETYPE","ascension_level":1}}