{"host":"dyzdf8svqmiivg97","time":1611459454,"event":{"mods":["AchievementEnabler","BaseMod","Colored Map","DeckTracker","Minty Spire (QoL Compilation)","Permanent Neow","Quick Restart","Rare Cards Sparkle","SuperFastMode"],"gold_per_floor":[109,128,128,141,153,185,185,185,185],"floor_reached":8,"language":"KOR","playtime":207,"items_purged":[],"score":64,"play_id":"dbb3b8fe-726b-4bdb-adce-f8321c5c167c","local_time":"20210124123734","is_ascension_mode":true,"campfire_choices":[{"floor":7,"key":"REST"}],"circlet_count":0,"master_deck":["Strike_P","Strike_P","Strike_P","Strike_P","Defend_P+1","Defend_P","Defend_P","Defend_P","Eruption","Vigilance","DeusExMachina","FlurryOfBlows+1","BowlingBash"],"relics":["PureWater","Regal Pillow"],"acts_visited":["Exordium"],"potions_floor_usage":[4,8],"damage_taken":[{"damage":7,"enemies":"Small Slimes","floor":1,"turns":4},{"damage":0,"enemies":"Jaw Worm","floor":2,"turns":3},{"damage":12,"enemies":"Cultist","floor":4,"turns":4},{"damage":0,"enemies":"Exordium Wildlife","floor":5,"turns":2},{"damage":17,"enemies":"3 Sentries","floor":6,"turns":7},{"damage":46,"enemies":"Lagavulin","floor":8,"turns":3}],"seed_played":"8494919803200545867","potions_obtained":[{"floor":2,"key":"Regen Potion"},{"floor":6,"key":"StancePotion"}],"is_trial":false,"path_per_floor":["M","M","?","M","M","E","R","E"],"character_chosen":"WATCHER","items_purchased":[],"campfire_rested":1,"item_purchase_floors":[],"current_hp_per_floor":[44,44,30,27,27,10,46,0,0],"gold":185,"neow_bonus":"THREE_RARE_CARDS","is_daily":false,"chose_seed":false,"campfire_upgraded":0,"win_rate":0.0,"timestamp":1611459454,"path_taken":["M","M","?","M","M","E","R","E"],"items_purchased_type":[],"build_version":"2020-12-22","purchased_purges":0,"victory":false,"max_hp_per_floor":[72,72,72,72,72,72,72,72,72],"card_choices":[{"not_picked":["MasterReality","Alpha"],"picked":"DeusExMachina","floor":0},{"not_picked":["Crescendo","Vengeance"],"picked":"FlurryOfBlows","floor":1},{"not_picked":["SignatureMove","EmptyBody","Collect"],"picked":"SKIP","floor":2},{"not_picked":["EmptyBody","ThirdEye","SashWhip"],"picked":"SKIP","floor":4},{"not_picked":["Conclude","FlurryOfBlows"],"picked":"BowlingBash","floor":5},{"not_picked":["PathToVictory","Fasting2","FollowUp"],"picked":"SKIP","floor":6}],"player_experience":552127,"relics_obtained":[{"floor":6,"key":"Regal Pillow"}],"event_choices":[{"damage_healed":0,"gold_gain":0,"player_choice":"Entered Light","damage_taken":14,"max_hp_gain":0,"max_hp_loss":0,"event_name":"Shining Light","floor":3,"gold_loss":0,"cards_upgraded":["Defend_P","FlurryOfBlows"]}],"is_beta":false,"boss_relics":[],"items_purged_floors":[],"is_endless":false,"potions_floor_spawned":[2,6],"killed_by":"Lagavulin","ascension_level":2}}