{"host":"313mh4uoe5sucao3","time":1611475829,"event":{"mods":["Arknights The Spire","BaseMod","Dota2Spire","Downfall","Good Game Mod","Hero for Fun","Minty Spire (QoL Compilation)","Quick Restart","Shop Mod","StSLib","Td1madao Mod","The Bladedancer","UnlockEverythingMod","[IsaacMod]ÒÔÈö¼âËþ"],"gold_per_floor":[115,131,56,131,81,97,97,97],"floor_reached":7,"language":"ZHS","playtime":926,"items_purged":["Defend_C"],"score":41,"play_id":"112482c3-2220-4c29-9f9f-b55aba5a0ba7","local_time":"20210124161029","is_ascension_mode":false,"campfire_choices":[],"circlet_count":0,"master_deck":["Strike_C","Strike_C","Strike_C","Defend_C","Defend_C","Defend_C","Knight Kick","Chip","Guardian:ExploitGems","Oblique Hack"],"relics":["Apod","REME:ComplimentaryCards","HushsDoor","GuppysTail"],"acts_visited":["Exordium"],"potions_floor_usage":[7,7],"damage_taken":[{"damage":7.0,"enemies":"Jaw Worm","floor":1.0,"turns":4.0},{"damage":1.0,"enemies":"2 Louse","floor":2.0,"turns":3.0},{"damage":1.0,"enemies":"Small Slimes","floor":6.0,"turns":3.0},{"damage":70,"enemies":"Lagavulin","floor":7,"turns":11}],"seed_played":"-8675911533989983134","potions_obtained":[{"floor":2.0,"key":"SkillPotion"},{"floor":6.0,"key":"Explosive Potion"}],"is_trial":false,"path_per_floor":["M","M","$","?","?","M","E"],"character_chosen":"TD1MADAO_CLASS","items_purchased":[],"campfire_rested":0,"item_purchase_floors":[],"current_hp_per_floor":[70,69,69,58,58,57,0,0],"gold":97,"neow_bonus":"TEN_PERCENT_HP_BONUS","is_daily":false,"chose_seed":false,"campfire_upgraded":0,"win_rate":0.0,"timestamp":1611475829,"path_taken":["M","M","$","?","?","M","E"],"items_purchased_type":[],"build_version":"2020-12-22","purchased_purges":1,"victory":false,"max_hp_per_floor":[77,77,77,77,77,77,77,77],"card_choices":[{"not_picked":[],"picked":"ChaosCard","floor":0.0},{"not_picked":["Preparedness","Oblique Hack","Load Balancing"],"picked":"SKIP","floor":1.0},{"not_picked":["Machining","Fire Up"],"picked":"Oblique Hack","floor":2.0},{"not_picked":["Gravity Defend","Black Shadow","Perfect Defend"],"picked":"SKIP","floor":6.0}],"player_experience":17522,"relics_obtained":[],"event_choices":[{"damage_healed":0.0,"max_hp_gain":0.0,"max_hp_loss":0.0,"gold_gain":75.0,"event_name":"World of Goop","player_choice":"Gather Gold","floor":4.0,"gold_loss":0.0,"damage_taken":11.0},{"cards_removed":["Strike_C"],"damage_healed":0.0,"max_hp_gain":0.0,"max_hp_loss":0.0,"gold_gain":0.0,"event_name":"The Cleric","player_choice":"Card Removal","floor":5.0,"gold_loss":50.0,"damage_taken":0.0}],"is_beta":false,"boss_relics":[],"items_purged_floors":[3],"is_endless":false,"potions_floor_spawned":[2,6],"killed_by":"Lagavulin","ascension_level":0}}