{"host":"qhn6g0owdgjb77rz","time":1611480239,"event":{"mods":["BaseMod","BetterRewards","Colored Map","Downfall","Minty Spire (QoL Compilation)","Relic Sorter","StSLib"],"gold_per_floor":[99,113,123,137,137,153,208,15,15,44,44,56,56,78,96,96,96,96],"floor_reached":16,"language":"ENG","playtime":735,"items_purged":[],"score":102,"play_id":"65f29f15-b3b7-46fc-8127-10a90ebd84fb","local_time":"20210124182359","is_ascension_mode":false,"campfire_choices":[{"floor":1.0,"key":"RECALL"},{"data":"expansioncontent:DashGenerateEvil","floor":9,"key":"SMITH"},{"data":"bronze:Replicate","floor":11,"key":"SMITH"},{"data":"bronze:Optimize","floor":13,"key":"SMITH"}],"circlet_count":0,"master_deck":["bronze:Strike","bronze:Strike+1","bronze:Strike","bronze:Strike+1","bronze:Defend","bronze:Defend","bronze:Defend","bronze:Defend","bronze:Replicate+1","bronze:Goto","bronze:FineTuning","bronze:Optimize+1","bronze:ForceShield","bronze:FineTuning","bronze:Assembly","expansioncontent:DashGenerateEvil+1","bronze:OilSpill","bronze:OilSpill","bronze:DelayedGuard"],"relics":["bronze:BronzeCore","downfall:ShatteredFragment","Whetstone","Strawberry","Odd Mushroom"],"acts_visited":["Exordium"],"potions_floor_usage":[8,16,16,16],"damage_taken":[{"damage":0.0,"enemies":"Small Slimes","floor":2.0,"turns":5.0},{"damage":1.0,"enemies":"Jaw Worm","floor":3.0,"turns":6.0},{"damage":1.0,"enemies":"2 Louse","floor":4.0,"turns":4.0},{"damage":15.0,"enemies":"Red Slaver","floor":6.0,"turns":4.0},{"damage":5,"enemies":"downfall:FleeingMerchant","floor":8,"turns":4},{"damage":16,"enemies":"Lagavulin","floor":10,"turns":6},{"damage":1,"enemies":"2 Fungi Beasts","floor":12,"turns":2},{"damage":12,"enemies":"The Mushroom Lair","floor":14,"turns":4},{"damage":2,"enemies":"Blue Slaver","floor":15,"turns":2},{"damage":12,"enemies":"SI_SHIV_ARCHETYPE","floor":16,"turns":3}],"seed_played":"7855548532776064513","potions_obtained":[{"floor":3.0,"key":"SneckoOil"},{"floor":4.0,"key":"Explosive Potion"},{"floor":10,"key":"DuplicationPotion"},{"floor":14,"key":"Fire Potion"}],"is_trial":false,"path_per_floor":["R","M","M","M","?","M","T","$","R","E","R","M","R","?","M","B"],"character_chosen":"THE_AUTOMATON","items_purchased":["expansioncontent:DashGenerateEvil"],"campfire_rested":0,"item_purchase_floors":[8],"current_hp_per_floor":[77,77,76,75,54,39,39,34,34,25,25,24,24,12,10,0,0,0],"gold":96,"neow_bonus":"TEN_PERCENT_HP_BONUS","is_daily":false,"chose_seed":false,"campfire_upgraded":3,"win_rate":0.0,"timestamp":1611480239,"path_taken":["R","M","M","M","?","M","T","$","R","E","R","M","R","?","M","BOSS"],"items_purchased_type":["Card"],"build_version":"2020-12-22","purchased_purges":0,"victory":false,"max_hp_per_floor":[77,77,77,77,77,77,77,77,77,84,84,84,84,84,84,84,84,84],"card_choices":[{"not_picked":["bronze:Turbo","bronze:WhirlingStrike"],"picked":"bronze:FineTuning","floor":2.0},{"not_picked":["bronze:Deprecate","bronze:WhirlingStrike"],"picked":"bronze:Optimize","floor":3.0},{"not_picked":["bronze:Overheat","bronze:BugBarrage"],"picked":"bronze:ForceShield","floor":4.0},{"not_picked":["bronze:Safeguard","bronze:Turbo"],"picked":"bronze:FineTuning","floor":6.0},{"not_picked":["bronze:Deprecate","bronze:Safeguard"],"picked":"bronze:Assembly","floor":8},{"not_picked":["bronze:BuggyMess","bronze:Overheat"],"picked":"bronze:OilSpill","floor":10},{"not_picked":["bronze:Allocate","bronze:DarkDash","bronze:BitShift"],"picked":"SKIP","floor":12},{"not_picked":["bronze:Flail","bronze:DarkDash"],"picked":"bronze:OilSpill","floor":14},{"not_picked":["bronze:FineTuning","bronze:Frontload"],"picked":"bronze:DelayedGuard","floor":15}],"player_experience":635969,"relics_obtained":[{"floor":7.0,"key":"Whetstone"},{"floor":10,"key":"Strawberry"},{"floor":14,"key":"Odd Mushroom"}],"event_choices":[{"damage_healed":0,"gold_gain":0,"player_choice":"Fought Mushrooms","damage_taken":0,"max_hp_gain":0,"max_hp_loss":0,"event_name":"Mushrooms","floor":14,"gold_loss":0}],"is_beta":false,"boss_relics":[],"items_purged_floors":[],"is_endless":false,"potions_floor_spawned":[3,4,10,14],"killed_by":"SI_SHIV_ARCHETYPE","ascension_level":0}}