{"host":"szzymzkf8nw8othj","time":1611462253,"event":{"mods":["AchievementEnabler","BaseMod","Downfall","Minty Spire (QoL Compilation)","Replay The Spire","StSLib","The Animator"],"gold_per_floor":[99,117,137,122,141,141,165,150,167,180,200,219,319,347,362,461,461,161,161,176,176,191,191,269,269,269,182,201,201,2,13,25,121,121,121,141,141,152,1,31,56,56,56,69,69,84,112,112,112,112,124,124,124,124],"floor_reached":52,"language":"ENG","playtime":5044,"items_purged":["Shame","bronze:NullPointer"],"score":541,"play_id":"6c9b5a46-d48a-4289-8582-ef40f7ba20c9","local_time":"20210123232413","is_ascension_mode":false,"campfire_choices":[{"floor":1,"key":"RECALL"},{"data":"bronze:GetLatest","floor":18,"key":"SMITH"},{"data":"bronze:Mutator","floor":23,"key":"SMITH"},{"data":"bronze:SpaghettiCode","floor":26,"key":"SMITH"},{"data":"bronze:SpaghettiCode","floor":29,"key":"SMITH"},{"data":"bronze:CloningBeam","floor":35,"key":"SMITH"},{"data":"bronze:Flail","floor":35,"key":"SMITH"},{"floor":43,"key":"REST"},{"data":"bronze:ThunderWave","floor":45,"key":"SMITH"},{"data":"bronze:Optimize","floor":45,"key":"SMITH"}],"circlet_count":0,"master_deck":["bronze:Strike","bronze:Strike","bronze:Strike","bronze:Strike","bronze:Defend+1","bronze:Defend","bronze:Defend","bronze:Defend","bronze:Replicate","bronze:Goto","bronze:Flail","bronze:DelayedSlice","bronze:Format","bronze:Flail+1","bronze:FineTuning+1","bronze:GetLatest+1","bronze:DelayedSlice","bronze:Mutator+1","bronze:SpaghettiCode+1","bronze:OilSpill","bronze:SpaghettiCode+1","bronze:WildBeam+1","bronze:CloningBeam+1","bronze:DelayedSlice","bronze:Optimize+1","bronze:BurnOut","bronze:FineTuning+1","bronze:ThunderWave+1"],"relics":["bronze:BronzeCore","bronze:CableSpool","Velvet Choker","downfall:HeartBlessingRed","downfall:HeartBlessingGreen","downfall:HeartBlessingBlue","Bottled Tornado","Eternal Feather","ReplayTheSpireMod:CursedCoin","hexamod:BolsterEngine","Replay:Arrowhead","Black Star","bronze:SilverBullet","War Paint","Orichalcum","Anchor","ReplayFunnel","Omamori","CaptainsWheel"],"acts_visited":["Exordium","TheCity","TheBeyond"],"potions_floor_usage":[5,9,11,16,16,22,33,33,33,38,40,40,44,52],"damage_taken":[{"damage":6,"enemies":"2 Louse","floor":2,"turns":2},{"damage":0,"enemies":"Cultist","floor":3,"turns":3},{"damage":0,"enemies":"downfall:FleeingMerchant","floor":4,"turns":4},{"damage":0,"enemies":"Jaw Worm","floor":5,"turns":2},{"damage":0,"enemies":"downfall:FleeingMerchant","floor":8,"turns":4},{"damage":1,"enemies":"3 Louse","floor":9,"turns":3},{"damage":10,"enemies":"Exordium Thugs","floor":10,"turns":2},{"damage":0,"enemies":"Large Slime","floor":11,"turns":4},{"damage":0,"enemies":"3 Louse","floor":12,"turns":2},{"damage":6,"enemies":"3 Sentries","floor":14,"turns":2},{"damage":0,"enemies":"Gremlin Gang","floor":15,"turns":1},{"damage":38,"enemies":"IC_STATUS_ARCHETYPE","floor":16,"turns":10},{"damage":0,"enemies":"Spheric Guardian","floor":20,"turns":3},{"damage":0,"enemies":"Snake Plant","floor":22,"turns":3},{"damage":0,"enemies":"downfall:FleeingMerchant","floor":27,"turns":4},{"damage":8,"enemies":"Sentry and Sphere","floor":28,"turns":4},{"damage":6,"enemies":"downfall:FleeingMerchant","floor":30,"turns":4},{"damage":9,"enemies":"Snecko","floor":31,"turns":3},{"damage":4,"enemies":"Cultist and Chosen","floor":32,"turns":3},{"damage":35,"enemies":"SI_MIRROR_ARCHETYPE","floor":33,"turns":6},{"damage":10,"enemies":"Orb Walker","floor":36,"turns":2},{"damage":0,"enemies":"3 Darklings","floor":38,"turns":2},{"damage":21,"enemies":"Reptomancer","floor":40,"turns":5},{"damage":0,"enemies":"Spire Growth","floor":44,"turns":3},{"damage":16,"enemies":"Writhing Mass","floor":46,"turns":6},{"damage":48,"enemies":"Nemesis","floor":47,"turns":5},{"damage":0,"enemies":"Transient","floor":51,"turns":5},{"damage":23,"enemies":"DF_ARCHETYPE_ORBS","floor":52,"turns":5}],"seed_played":"-4544255954897656221","potions_obtained":[{"floor":3,"key":"LifebloodPotion"},{"floor":5,"key":"Guardian:BlockOnCardUsePotion"},{"floor":10,"key":"Guardian:BlockOnCardUsePotion"},{"floor":12,"key":"LiquidBronze"},{"floor":15,"key":"SkillPotion"},{"floor":16,"key":"Explosive Potion"},{"floor":19,"key":"Strength Potion"},{"floor":19,"key":"CultistPotion"},{"floor":28,"key":"ColorlessPotion"},{"floor":33,"key":"SpeedPotion"},{"floor":36,"key":"bronze:CleanCodePotion"},{"floor":38,"key":"Fire Potion"},{"floor":40,"key":"AttackPotion"},{"floor":51,"key":"SkillPotion"}],"is_trial":false,"path_per_floor":["R","M","M","$","M","?","T","$","M","M","M","M","?","E","M","B",null,"R","?","M","T","M","R","T","?","R","$","M","R","$","M","M","B",null,"R","M","?","M","$","E","T","T","R","M","R","M","E","PTL","PTL","?","M","B"],"character_chosen":"THE_AUTOMATON","items_purchased":["ReplayTheSpireMod:CursedCoin","hexamod:BolsterEngine","Replay:Arrowhead","PowerPotion","bronze:BuildAFunctionPotion","bronze:SilverBullet"],"campfire_rested":1,"item_purchase_floors":[27,27,30,30,30,39],"current_hp_per_floor":[70,64,64,64,64,64,64,64,63,53,53,53,53,47,47,9,70,80,80,80,80,80,80,80,80,80,80,72,80,74,65,61,26,80,80,70,70,70,70,49,49,49,80,80,80,64,16,16,16,16,16,0,0,0],"gold":124,"neow_bonus":"RANDOM_COMMON_RELIC","is_daily":false,"chose_seed":false,"campfire_upgraded":8,"win_rate":0.0,"timestamp":1611462253,"path_taken":["R","M","M","$","M","?","T","$","M","M","?","M","?","E","M","BOSS","R","?","?","?","M","R","T","?","R","$","M","R","$","M","M","BOSS","R","M","?","?","$","E","T","?","R","M","R","M","E","PTL","PTL","?","M","BOSS"],"items_purchased_type":["Relic","Relic","Relic","Potion","Potion","Relic"],"build_version":"2020-12-22","purchased_purges":2,"victory":false,"max_hp_per_floor":[70,70,70,70,70,70,70,70,70,70,70,70,70,70,70,70,70,80,80,80,80,80,80,80,80,80,80,80,80,80,80,80,80,80,80,80,80,80,80,80,80,80,80,80,80,80,80,80,80,80,80,80,80,80],"card_choices":[{"not_picked":["bronze:Frontload","bronze:Turbo"],"picked":"bronze:Flail","floor":2},{"not_picked":["bronze:Invalidate","bronze:BugBarrage"],"picked":"bronze:DelayedSlice","floor":3},{"not_picked":["bronze:Invalidate","bronze:ChosenStrike"],"picked":"bronze:NullPointer","floor":4},{"not_picked":["bronze:Return","bronze:DelayedGuard"],"picked":"bronze:Format","floor":5},{"not_picked":["bronze:BuggyMess","bronze:Turbo","bronze:Invalidate"],"picked":"SKIP","floor":8},{"not_picked":["bronze:Frontload","bronze:Branch"],"picked":"bronze:Flail","floor":9},{"not_picked":["bronze:DelayedGuard","bronze:OilSpill"],"picked":"bronze:FineTuning","floor":10},{"not_picked":["bronze:Allocate","bronze:Iterate"],"picked":"bronze:GetLatest","floor":11},{"not_picked":["bronze:Repulsor","bronze:Terminator"],"picked":"bronze:DelayedSlice","floor":12},{"not_picked":["bronze:Frontload","bronze:Deprecate","bronze:NullPointer"],"picked":"SKIP","floor":14},{"not_picked":["bronze:BronzeArmor","bronze:Iterate"],"picked":"bronze:Mutator","floor":15},{"not_picked":["bronze:FindAndReplace","bronze:ShipIt"],"picked":"bronze:SpaghettiCode","floor":16},{"not_picked":["bronze:Iterate","bronze:Turbo"],"picked":"bronze:OilSpill","floor":20},{"not_picked":["bronze:OilSpill","bronze:Shield+1"],"picked":"bronze:SpaghettiCode","floor":22},{"not_picked":["bronze:FineTuning","bronze:Constructor"],"picked":"bronze:WildBeam+1","floor":27},{"not_picked":["bronze:Boost+1","bronze:WhirlingStrike","bronze:Frontload"],"picked":"SKIP","floor":28},{"not_picked":["bronze:DelayedGuard+1","bronze:Separator+1"],"picked":"bronze:CloningBeam","floor":30},{"not_picked":["bronze:Shield","bronze:Overheat+1"],"picked":"bronze:DelayedSlice","floor":31},{"not_picked":["bronze:Overheat+1","bronze:MaxOutput"],"picked":"bronze:Optimize","floor":32},{"not_picked":["bronze:Assembly","bronze:Verify"],"picked":"bronze:BurnOut","floor":33},{"not_picked":["bronze:Shield","bronze:Frontload+1","bronze:DelayedGuard"],"picked":"SKIP","floor":36},{"not_picked":["bronze:BitShift+1","bronze:WildBeam"],"picked":"bronze:FineTuning+1","floor":38},{"not_picked":["bronze:WhirlingStrike","bronze:ForLoop"],"picked":"bronze:ThunderWave","floor":40},{"not_picked":["bronze:FineTuning","bronze:Deprecate","bronze:CutThrough+1"],"picked":"SKIP","floor":44},{"not_picked":["bronze:Flail","bronze:WhirlingStrike+1","bronze:NullPointer"],"picked":"SKIP","floor":46},{"not_picked":["bronze:FollowUp","bronze:NullPointer+1","bronze:BuggyMess+1"],"picked":"SKIP","floor":47},{"not_picked":["bronze:CutThrough","bronze:Separator","bronze:Shell+1"],"picked":"SKIP","floor":51}],"player_experience":786869,"relics_obtained":[{"floor":14,"key":"bronze:CableSpool"},{"floor":21,"key":"Bottled Tornado"},{"floor":24,"key":"Eternal Feather"},{"floor":40,"key":"War Paint"},{"floor":40,"key":"Orichalcum"},{"floor":41,"key":"Anchor"},{"floor":42,"key":"ReplayFunnel"},{"floor":47,"key":"Omamori"},{"floor":47,"key":"CaptainsWheel"}],"event_choices":[{"damage_healed":0,"gold_gain":0,"player_choice":"Ignored","damage_taken":0,"max_hp_gain":0,"max_hp_loss":0,"event_name":"NoteForYourself","floor":6,"gold_loss":0}],"is_beta":false,"boss_relics":[{"not_picked":["Replay:Ancient Bell","Cursed Key"],"picked":"Velvet Choker"},{"not_picked":["Replay:Wanted Poster","Runic Pyramid"],"picked":"Black Star"}],"items_purged_floors":[27,30],"is_endless":false,"potions_floor_spawned":[3,5,10,12,15,16,28,32,33,36,38,40,51],"killed_by":"DF_ARCHETYPE_ORBS","ascension_level":0}}