{"host":"q0qnzbgdx8oqogg9","time":1611464380,"event":{"mods":["BaseMod","Minty Spire (QoL Compilation)","StSLib"],"gold_per_floor":[110,110,125,90,104,104,134,134,161,161,189,203,203,221,221,320,320,334,334,334,351,25,56,70,70,70,88,88,88,13,28,28,132,132,151,201,201,211,231,231,2,2,2,18,50,50,78,28,28,28],"floor_reached":51,"language":"ENG","playtime":1894,"items_purged":["Strike_B","Shame"],"score":1040,"play_id":"0d457620-aa3e-465c-8d95-c216ce4b37e5","local_time":"20210123235940","is_ascension_mode":true,"campfire_choices":[{"data":"Gash","floor":6.0,"key":"SMITH"},{"data":"Self Repair","floor":8.0,"key":"SMITH"},{"floor":10.0,"key":"REST"},{"data":"Rebound","floor":15.0,"key":"SMITH"},{"data":"Hologram","floor":29.0,"key":"SMITH"},{"data":"Defragment","floor":32.0,"key":"SMITH"},{"floor":40.0,"key":"RECALL"},{"floor":42.0,"key":"REST"},{"floor":49.0,"key":"REST"}],"circlet_count":0,"master_deck":["Strike_B","Strike_B","Defend_B+1","Defend_B+1","Defend_B+1","Dualcast","FTL","Rebound+1","Gash+1","Self Repair+1","Chill","Sweeping Beam","All For One","Go for the Eyes","Streamline+1","Defragment+1","Hologram+1","Skim+1","Gash","Fission","Self Repair+1","Seek","Gash+1","Coolheaded","Loop+1"],"relics":["Cracked Core","Bronze Scales","Juzu Bracelet","Pear","Thread and Needle","Nuclear Battery","War Paint","DataDisk","Bag of Marbles","Regal Pillow","Symbiotic Virus","MutagenicStrength","Fusion Hammer","Prayer Wheel","OrangePellets","Blue Candle","Potion Belt","Smiling Mask"],"acts_visited":["Exordium","TheCity","TheBeyond"],"potions_floor_usage":[50,50],"damage_taken":[{"damage":3.0,"enemies":"Small Slimes","floor":1.0,"turns":4.0},{"damage":0.0,"enemies":"2 Louse","floor":3.0,"turns":2.0},{"damage":0.0,"enemies":"Cultist","floor":5.0,"turns":2.0},{"damage":16.0,"enemies":"Gremlin Nob","floor":7.0,"turns":3.0},{"damage":24.0,"enemies":"3 Sentries","floor":11.0,"turns":6.0},{"damage":6.0,"enemies":"2 Fungi Beasts","floor":12.0,"turns":3.0},{"damage":0.0,"enemies":"3 Louse","floor":14.0,"turns":3.0},{"damage":27.0,"enemies":"The Guardian","floor":16.0,"turns":11.0},{"damage":18.0,"enemies":"Shell Parasite","floor":18.0,"turns":4.0},{"damage":0.0,"enemies":"Spheric Guardian","floor":21.0,"turns":3.0},{"damage":21.0,"enemies":"Gremlin Leader","floor":23.0,"turns":7.0},{"damage":10.0,"enemies":"Snake Plant","floor":24.0,"turns":4.0},{"damage":0.0,"enemies":"Cultist and Chosen","floor":27.0,"turns":3.0},{"damage":4.0,"enemies":"Snecko","floor":31.0,"turns":4.0},{"damage":20.0,"enemies":"Collector","floor":33.0,"turns":7.0},{"damage":12.0,"enemies":"Orb Walker","floor":35.0,"turns":2.0},{"damage":0.0,"enemies":"Mind Bloom Boss Battle","floor":36.0,"turns":4.0},{"damage":0.0,"enemies":"3 Shapes","floor":38.0,"turns":7.0},{"damage":7.0,"enemies":"Sphere and 2 Shapes","floor":39.0,"turns":6.0},{"damage":16.0,"enemies":"Spire Growth","floor":44.0,"turns":3.0},{"damage":22.0,"enemies":"Reptomancer","floor":45.0,"turns":4.0},{"damage":11.0,"enemies":"Nemesis","floor":47.0,"turns":5.0},{"damage":33,"enemies":"Donu and Deca","floor":50,"turns":8}],"seed_played":"-1280583095055676938","potions_obtained":[{"floor":1.0,"key":"SteroidPotion"},{"floor":3.0,"key":"AttackPotion"},{"floor":7.0,"key":"Dexterity Potion"},{"floor":12.0,"key":"FairyPotion"},{"floor":33.0,"key":"SneckoOil"},{"floor":36.0,"key":"Strength Potion"},{"floor":47.0,"key":"DistilledChaos"}],"is_trial":false,"path_per_floor":["M","?","M","?","M","R","E","R","T","R","E","M","?","M","R","B",null,"M","?","?","M","$","E","M","?","T","M","?","R","$","M","R","B",null,"M","?","?","M","M","R","$","R","T","M","E","?","E","$","R","B",null],"character_chosen":"DEFECT","items_purchased":["Defragment","DataDisk","Bag of Marbles","Seek","OrangePellets"],"campfire_rested":3,"item_purchase_floors":[22,22,22,41,41],"current_hp_per_floor":[47,32,32,50,50,50,34,34,34,56,52,56,49,59,59,42,74,66,66,66,66,66,45,45,45,45,55,55,55,55,51,51,41,74,72,85,81,81,81,81,81,81,81,81,79,79,78,78,81,68],"gold":28,"neow_bonus":"REMOVE_TWO","is_daily":false,"chose_seed":false,"campfire_upgraded":5,"win_rate":0.0,"timestamp":1611464380,"path_taken":["M","?","M","?","M","R","E","R","T","R","E","M","?","M","R","BOSS","M","?","?","M","$","E","M","?","T","M","?","R","$","M","R","BOSS","M","?","?","M","M","R","$","R","T","M","E","?","E","$","R","BOSS"],"items_purchased_type":["Card","Relic","Relic","Card","Relic"],"build_version":"2020-12-22","purchased_purges":2,"victory":true,"max_hp_per_floor":[75,75,75,75,75,75,75,75,75,75,85,85,85,85,85,85,85,85,85,85,85,85,85,85,85,85,85,85,85,85,85,85,85,85,85,85,81,81,81,81,81,81,81,81,81,81,81,81,81,81],"card_choices":[{"not_picked":["Steam Power","Hologram"],"picked":"FTL","floor":1.0},{"not_picked":["Static Discharge","Lockon"],"picked":"Rebound","floor":3.0},{"not_picked":["Streamline","Go for the Eyes"],"picked":"Gash","floor":5.0},{"not_picked":["Tempest","Hello World"],"picked":"Self Repair","floor":7.0},{"not_picked":["Stack","Hello World"],"picked":"Chill","floor":11.0},{"not_picked":["Fusion","Hello World","Steam"],"picked":"SKIP","floor":12.0},{"not_picked":["Force Field","Glacier"],"picked":"Sweeping Beam","floor":14.0},{"not_picked":["Thunder Strike","Creative AI"],"picked":"All For One","floor":16.0},{"not_picked":["Conserve Battery","Compile Driver"],"picked":"Go for the Eyes","floor":18.0},{"not_picked":["Chill","Ball Lightning"],"picked":"Streamline+1","floor":21.0},{"not_picked":["Blizzard","Rebound"],"picked":"Hologram","floor":23.0},{"not_picked":["Sweeping Beam+1","Steam","Conserve Battery+1"],"picked":"SKIP","floor":24.0},{"not_picked":["Sweeping Beam","Creative AI"],"picked":"Skim+1","floor":27.0},{"not_picked":["Leap+1","Ball Lightning"],"picked":"Gash","floor":31.0},{"not_picked":["Hyperbeam","Thunder Strike"],"picked":"Fission","floor":33.0},{"not_picked":["Undo+1","Auto Shields"],"picked":"Self Repair+1","floor":35.0},{"not_picked":["Reinforced Body+1","Darkness+1","Barrage+1"],"picked":"SKIP","floor":38.0},{"not_picked":["Redo","Double Energy","Lockon+1"],"picked":"SKIP","floor":38.0},{"not_picked":["Heatsinks+1","Skim","Leap+1"],"picked":"SKIP","floor":39.0},{"not_picked":["Tempest+1","Ball Lightning+1","Compile Driver+1"],"picked":"SKIP","floor":39.0},{"not_picked":["White Noise+1","Redo"],"picked":"Gash+1","floor":44.0},{"not_picked":["Stack+1","Tempest+1"],"picked":"Coolheaded","floor":44.0},{"not_picked":["Genetic Algorithm","Hyperbeam"],"picked":"Loop+1","floor":45.0},{"not_picked":["Streamline","Storm+1","Reprogram+1"],"picked":"SKIP","floor":47.0}],"player_experience":291290,"relics_obtained":[{"floor":7.0,"key":"Bronze Scales"},{"floor":9.0,"key":"Juzu Bracelet"},{"floor":11.0,"key":"Pear"},{"floor":23.0,"key":"Regal Pillow"},{"floor":26.0,"key":"Symbiotic Virus"},{"floor":36.0,"key":"Prayer Wheel"},{"floor":43.0,"key":"Blue Candle"},{"floor":45.0,"key":"Potion Belt"},{"floor":47.0,"key":"Smiling Mask"}],"event_choices":[{"damage_healed":0.0,"max_hp_gain":0.0,"max_hp_loss":0.0,"gold_gain":0.0,"event_name":"Shining Light","player_choice":"Entered Light","floor":2.0,"gold_loss":0.0,"damage_taken":15.0,"cards_upgraded":["Zap","Defend_B"]},{"damage_healed":18.0,"max_hp_gain":0.0,"max_hp_loss":0.0,"gold_gain":0.0,"event_name":"The Cleric","player_choice":"Healed","floor":4.0,"gold_loss":35.0,"damage_taken":0.0},{"damage_healed":0.0,"max_hp_gain":0.0,"max_hp_loss":0.0,"gold_gain":0.0,"event_name":"Scrap Ooze","player_choice":"Success","floor":13.0,"gold_loss":0.0,"damage_taken":7.0,"relics_obtained":["Thread and Needle"]},{"damage_healed":0.0,"max_hp_gain":0.0,"max_hp_loss":0.0,"gold_gain":0.0,"event_name":"The Woman in Blue","player_choice":"Bought 0 Potions","floor":19.0,"gold_loss":0.0,"damage_taken":0.0},{"damage_healed":0.0,"max_hp_gain":0.0,"max_hp_loss":0.0,"gold_gain":0.0,"event_name":"Addict","player_choice":"Stole Relic","floor":20.0,"gold_loss":0.0,"damage_taken":0.0,"relics_obtained":["War Paint"],"cards_obtained":["Shame"]},{"damage_healed":0.0,"max_hp_gain":0.0,"max_hp_loss":0.0,"gold_gain":0.0,"event_name":"Vampires","player_choice":"Ignored","floor":25.0,"gold_loss":0.0,"damage_taken":0.0},{"damage_healed":0.0,"max_hp_gain":0.0,"max_hp_loss":0.0,"gold_gain":0.0,"event_name":"Drug Dealer","player_choice":"Inject Mutagens","floor":28.0,"gold_loss":0.0,"damage_taken":0.0,"relics_obtained":["MutagenicStrength"]},{"damage_healed":0.0,"max_hp_gain":0.0,"max_hp_loss":0.0,"gold_gain":0.0,"event_name":"MindBloom","player_choice":"Fight","floor":36.0,"gold_loss":0.0,"damage_taken":0.0},{"damage_healed":0.0,"max_hp_gain":0.0,"max_hp_loss":4.0,"gold_gain":0.0,"event_name":"Winding Halls","player_choice":"Max HP","floor":37.0,"gold_loss":0.0,"damage_taken":0.0},{"cards_removed":["Zap"],"damage_healed":0.0,"max_hp_gain":0.0,"max_hp_loss":0.0,"gold_gain":0.0,"event_name":"Falling","player_choice":"Removed Skill","floor":46.0,"gold_loss":0.0,"damage_taken":0.0}],"is_beta":false,"boss_relics":[{"not_picked":["Philosopher\u0027s Stone","Velvet Choker"],"picked":"Nuclear Battery"},{"not_picked":["FrozenCore","Astrolabe"],"picked":"Fusion Hammer"}],"items_purged_floors":[30,48],"is_endless":false,"potions_floor_spawned":[1,3,7,12,23,24,31,33,36,39,47],"ascension_level":9}}