{"host":"2c1pg2m9wpz3w4c0","time":1611464537,"event":{"mods":["AchievementEnabler","Act Like it!","Aspiration","BaseMod","Better Note","BetterRewards","Curses Come First","Disable Question Mark Monsters","Halation","Hubris","Infinite Spire","Lotus Mark","Marisa????????","Minty Spire (QoL Compilation)","Replay The Spire","StSLib","SuperFastMode","The Clintock","The Jungle","The Marked","The Runesmith","Transform Curses"],"gold_per_floor":[111,127,127,138,150,150,54,85,85,85,85],"floor_reached":10,"language":"ENG","playtime":378,"items_purged":[],"score":68,"play_id":"9261426e-0c20-476a-85c1-47f308237009","local_time":"20210123220217","is_ascension_mode":false,"campfire_choices":[{"data":"Runesmith:Attraction","floor":6,"key":"SMITH"}],"circlet_count":0,"master_deck":["Runesmith:Strike_RS","Runesmith:Strike_RS","Runesmith:Strike_RS","Runesmith:Defend_RS","Runesmith:Defend_RS","Runesmith:Defend_RS","Runesmith:Defend_RS","Runesmith:CraftFirestone","Runesmith:Fortify","Runesmith:CraftProtectio","Runesmith:Refine","Runesmith:RuneHurl","Dark Shackles","Runesmith:Attraction+1","Runesmith:WhiteBalance","Runesmith:GenerateForcefield","Runesmith:HeatedChisel","Runesmith:RuneHurl","Runesmith:ChiselStab","Runesmith:HammerThrow","Runesmith:Grindstone"],"relics":["Runesmith:BrokenRuby","hubris:OldNail","Pet Ghost"],"acts_visited":["Exordium"],"potions_floor_usage":[8,8,10],"damage_taken":[{"damage":0,"enemies":"2 Louse","floor":1,"turns":4},{"damage":0,"enemies":"Cultist","floor":2,"turns":3},{"damage":0,"enemies":"Small Slimes","floor":4,"turns":4},{"damage":7,"enemies":"Red Slaver","floor":5,"turns":4},{"damage":32,"enemies":"Lagavulin","floor":8,"turns":7},{"damage":29,"enemies":"Gremlin Nob","floor":10,"turns":4}],"seed_played":"2398173656499404829","potions_obtained":[{"floor":4,"key":"Energy Potion"},{"floor":8,"key":"Weak Potion"}],"is_trial":false,"path_per_floor":["M","M","?","M","M","R","$","E","T","E"],"character_chosen":"RUNESMITH_CLASS","items_purchased":["Runesmith:CraftProtectio","Runesmith:Refine","Runesmith:RuneHurl","Dark Shackles","Dexterity Potion","Runesmith:ChiselStab","Runesmith:HammerThrow"],"campfire_rested":0,"item_purchase_floors":[0,0,0,0,0,7,7],"current_hp_per_floor":[61,61,61,61,54,54,54,22,22,0,0],"gold":85,"neow_bonus":"","is_daily":false,"chose_seed":false,"campfire_upgraded":1,"win_rate":0.0,"timestamp":1611464537,"path_taken":["M","M","?","M","?","R","$","E","T","E"],"items_purchased_type":["Card","Card","Card","Card","Potion","Card","Card"],"build_version":"2020-12-22","purchased_purges":0,"victory":false,"max_hp_per_floor":[70,70,70,70,70,70,70,70,70,70,70],"card_choices":[{"not_picked":["Runesmith:MakeshiftArmor","Runesmith:Repurpose"],"picked":"Runesmith:Attraction","floor":1},{"not_picked":["Runesmith:ShiftingStrike","Runesmith:HammerThrow"],"picked":"Runesmith:WhiteBalance","floor":2},{"not_picked":["Runesmith:CraftProtectio","Runesmith:Empowerment"],"picked":"Runesmith:HeatedChisel","floor":4},{"not_picked":["Runesmith:ShiftingStrike","Runesmith:ElementalConversion"],"picked":"Runesmith:RuneHurl","floor":5},{"not_picked":["Runesmith:Accelerate","Runesmith:EnergizedChisel"],"picked":"Runesmith:Grindstone","floor":8}],"player_experience":1190777,"relics_obtained":[{"floor":8,"key":"hubris:OldNail"},{"floor":9,"key":"Pet Ghost"}],"event_choices":[{"damage_healed":0,"gold_gain":0,"cards_transformed":["Runesmith:Strike_RS"],"player_choice":"Transformed","damage_taken":0,"max_hp_gain":0,"max_hp_loss":0,"event_name":"Transmorgrifier","floor":3,"gold_loss":0,"cards_obtained":["Runesmith:GenerateForcefield"]}],"is_beta":false,"boss_relics":[],"items_purged_floors":[],"is_endless":false,"potions_floor_spawned":[4,8],"killed_by":"Gremlin Nob","ascension_level":0}}