{"host":"8s7r99mpv862ws6o","time":1611497199,"event":{"mods":["AchievementEnabler","Act Like it!","BaseMod","Gensokyo","GifTheSpireLib","Minty Spire (QoL Compilation)","Quick Restart","StSLib","Yuyuko"],"gold_per_floor":[111,111,111,111,186,186,202,202,225,13,44,44,62,389,389,492,492,492,492],"floor_reached":18,"language":"ZHS","playtime":1459,"items_purged":[],"score":191,"play_id":"bb768205-708f-4e1d-8317-9b30f7e9b1dd","local_time":"20210124220639","is_ascension_mode":false,"campfire_choices":[{"data":"Wandering Soul","floor":6.0,"key":"SMITH"},{"data":"Ghastly Dream","floor":8.0,"key":"SMITH"},{"data":"Phantom Gift","floor":12.0,"key":"SMITH"},{"data":"Fondling of Papilio","floor":15,"key":"SMITH"}],"circlet_count":0,"master_deck":["Fantasy Butterflies","Fantasy Butterflies","Fantasy Butterflies","Fantasy Butterflies","Dreamy Sakura","Dreamy Sakura","Dreamy Sakura","Dreamy Sakura","Dreamy Sakura","Deathly Ground","Faramita\u0027s Temptation","Phantom Gift+1","Wandering Soul+1","Gauzy Sakura","Ghastly Dream+1","Fondling of Papilio+1","Open The Fan","Suicide","Remain Here"],"relics":["Coronal","Yuyuko\u0027s fan","NeowsBlessing","Strawberry","Eternal Feather","Oddly Smooth Stone","Strange Spoon","Blue Candle","Juzu Bracelet","Letter Opener","Sozu"],"acts_visited":["Exordium","Gensokyo:Gensokyo"],"potions_floor_usage":[],"damage_taken":[{"damage":1.0,"enemies":"Gensokyo:2_Kodama","floor":1.0,"turns":1.0},{"damage":1.0,"enemies":"Gensokyo:3_Fairies","floor":7.0,"turns":1.0},{"damage":2.0,"enemies":"Gensokyo:Cirno","floor":11.0,"turns":2.0},{"damage":63.0,"enemies":"Gensokyo:Python","floor":13.0,"turns":7.0},{"damage":31,"enemies":"Gensokyo:Mamizou","floor":14,"turns":9},{"damage":30,"enemies":"Gensokyo:Kokoro","floor":16,"turns":13},{"damage":17,"enemies":"Gensokyo:2_Gloops","floor":18,"turns":5}],"seed_played":"2690900369810194884","potions_obtained":[{"floor":1.0,"key":"Ancient Potion"},{"floor":11.0,"key":"GamblersBrew"},{"floor":16,"key":"Dexterity Potion"}],"is_trial":false,"path_per_floor":["M","?","?","?","T","R","M","R","T","COS","E","R","M","E","R","B",null,"M"],"character_chosen":"YUYOKO","items_purchased":[],"campfire_rested":0,"item_purchase_floors":[],"current_hp_per_floor":[39,36,36,36,36,42,41,47,47,47,45,47,10,34,43,34,47,0,0],"gold":492,"neow_bonus":"THREE_ENEMY_KILL","is_daily":false,"chose_seed":false,"campfire_upgraded":4,"win_rate":0.0,"timestamp":1611497199,"path_taken":["M","?","?","?","?","R","M","R","T","COS","E","R","M","E","R","BOSS","M"],"items_purchased_type":[],"build_version":"2020-12-22","purchased_purges":0,"victory":false,"max_hp_per_floor":[40,47,47,47,47,47,47,47,47,47,47,47,47,47,47,47,47,47,47],"card_choices":[{"not_picked":["Chase The Sukhavati","Unstable Ward"],"picked":"Phantom Gift","floor":1.0},{"not_picked":["Ghostdom Sakura","Butterflies Rainbow"],"picked":"Wandering Soul","floor":4.0},{"not_picked":["Suicide","Dark Wind"],"picked":"Gauzy Sakura","floor":4.0},{"not_picked":["Bomb","Gone"],"picked":"Ghastly Dream","floor":7.0},{"not_picked":["City of Death","Song of Papilio"],"picked":"Fondling of Papilio","floor":11.0},{"not_picked":["Ghostdom Sakura","Unreal"],"picked":"Open The Fan","floor":13.0},{"not_picked":["Unborn Light","Open The Fan"],"picked":"Suicide","floor":14},{"not_picked":["Infinite Reviving","Snowing Sakura"],"picked":"Remain Here","floor":16}],"player_experience":594426,"relics_obtained":[{"floor":5.0,"key":"Eternal Feather"},{"floor":9.0,"key":"Oddly Smooth Stone"},{"floor":11.0,"key":"Blue Candle"},{"floor":14,"key":"Letter Opener"}],"event_choices":[],"is_beta":false,"boss_relics":[{"not_picked":["Ectoplasm","Philosopher\u0027s Stone"],"picked":"Sozu"}],"items_purged_floors":[],"is_endless":false,"potions_floor_spawned":[1,11,16],"killed_by":"Gensokyo:2_Gloops","ascension_level":0}}