{"host":"5gc11emcm5chfr5t","time":1611458222,"event":{"mods":["2.2 Compatiblity","AchievementEnabler","BaseMod","Bestiary","Better Note","Colored Map","Colored Powertips","Downfall","Googly Eyes","Minty Spire (QoL Compilation)","Rare Cards Sparkle","StSLib"],"gold_per_floor":[99,99,99,99,99,129,129,39,39,24,24,34,34,64,74,148,148,48,48,33,33,51,51,100,174,35,35,61,77,77,91,103,181,181,81,98,22,42,67,67,67,167,67,85,116,126,126,146,163,163,163,163],"floor_reached":50,"language":"ENG","playtime":2414,"items_purged":["downfall:Malfunctioning","Pain"],"score":1018,"play_id":"a81fe5e8-da80-4bd1-92cf-09b224eb67d7","local_time":"20210123221702","is_ascension_mode":true,"campfire_choices":[{"floor":1.0,"key":"RECALL"},{"data":"sneckomod:QuickMove","floor":9.0,"key":"SMITH"},{"floor":13.0,"key":"REST"},{"floor":18.0,"key":"REST"},{"data":"sneckomod:WideSting","floor":27.0,"key":"SMITH"},{"floor":30.0,"key":"REST"},{"data":"sneckomod:UnendingSupply","floor":35.0,"key":"SMITH"},{"floor":40.0,"key":"REST"},{"floor":43.0,"key":"REST"},{"floor":47,"key":"REST"}],"circlet_count":0,"master_deck":["AscendersBane","sneckomod:Strike+1","sneckomod:Strike+1","sneckomod:Defend","sneckomod:Defend","sneckomod:Defend","sneckomod:TailWhip+1","sneckomod:SnekBite","sneckomod:Unknown+1","sneckomod:Unknown+1","sneckomod:UnknownClassRED","sneckomod:QuickMove+1","sneckomod:UnknownClassRED","sneckomod:ImprovisedGuard","sneckomod:UnknownDexterity+1","sneckomod:UnknownDraw+1","sneckomod:UnknownVulnerable+1","sneckomod:UnknownWeak+1","sneckomod:SoulCleanse+1","sneckomod:UnknownUncommonPower","sneckomod:UnknownRarePower","sneckomod:UnendingSupply+1","sneckomod:TrashToTreasure+1","sneckomod:UnknownClassGREEN+1","sneckomod:SoulRoll+1","sneckomod:WideSting+1","sneckomod:Unknown2Cost+1","sneckomod:DangerNoodle","sneckomod:WideSting+1","sneckomod:UnknownDraw+1","sneckomod:UnknownRareAttack","sneckomod:Unknown2Cost+1","sneckomod:SoulRoll+1","sneckomod:Nope+1","Parasite","sneckomod:SnakeSap+1","sneckomod:UnknownClassTHE_BRONZE_AUTOMATON+1","sneckomod:MixItUp+1","sneckomod:UnknownClassTHE_CHAMP_GRAY+1","sneckomod:SoulRoll+1"],"relics":["sneckomod:SneckoSoul","downfall:HeartsMalice","Happy Flower","Toxic Egg 2","Odd Mushroom","expansioncontent:StudyCardRelic","downfall:HeartBlessingRed","WarpedTongs","MutagenicStrength","Oddly Smooth Stone","sneckomod:ConfusingCodex","Busted Crown","downfall:HeartBlessingBlue","Chemical X","Letter Opener","Whetstone","Molten Egg 2","Toy Ornithopter","downfall:HeartBlessingGreen","Vajra"],"acts_visited":["Exordium","TheCity","TheBeyond"],"potions_floor_usage":[49,50,50],"damage_taken":[{"damage":0.0,"enemies":"Jaw Worm","floor":3.0,"turns":1.0},{"damage":0.0,"enemies":"Small Slimes","floor":4.0,"turns":1.0},{"damage":0.0,"enemies":"Cultist","floor":5.0,"turns":1.0},{"damage":12.0,"enemies":"Gremlin Nob","floor":6.0,"turns":3.0},{"damage":5.0,"enemies":"downfall:FleeingMerchant","floor":8.0,"turns":4.0},{"damage":0.0,"enemies":"downfall:FleeingMerchant","floor":10.0,"turns":4.0},{"damage":1.0,"enemies":"Large Slime","floor":12.0,"turns":6.0},{"damage":8.0,"enemies":"The Mushroom Lair","floor":14.0,"turns":5.0},{"damage":0.0,"enemies":"3 Louse","floor":15.0,"turns":2.0},{"damage":68.0,"enemies":"SI_SHIV_ARCHETYPE","floor":16.0,"turns":13.0},{"damage":0.0,"enemies":"downfall:FleeingMerchant","floor":20.0,"turns":4.0},{"damage":0.0,"enemies":"Chosen","floor":22.0,"turns":4.0},{"damage":5.0,"enemies":"downfall:FleeingMerchant","floor":26.0,"turns":4.0},{"damage":30.0,"enemies":"Book of Stabbing","floor":28.0,"turns":4.0},{"damage":0.0,"enemies":"Spheric Guardian","floor":29.0,"turns":2.0},{"damage":3.0,"enemies":"Centurion and Healer","floor":31.0,"turns":8.0},{"damage":20.0,"enemies":"Snecko","floor":32.0,"turns":4.0},{"damage":36.0,"enemies":"WA_ARCHETYPE_CALM","floor":33.0,"turns":7.0},{"damage":4.0,"enemies":"Orb Walker","floor":36.0,"turns":3.0},{"damage":0.0,"enemies":"downfall:FleeingMerchant","floor":37.0,"turns":1.0},{"damage":36.0,"enemies":"3 Shapes","floor":38.0,"turns":6.0},{"damage":20.0,"enemies":"downfall:LadyInBlue","floor":42.0,"turns":4.0},{"damage":40.0,"enemies":"Writhing Mass","floor":44.0,"turns":4.0},{"damage":36.0,"enemies":"Reptomancer","floor":45.0,"turns":4.0},{"damage":9,"enemies":"Transient","floor":46,"turns":6},{"damage":13,"enemies":"4 Shapes","floor":48,"turns":3},{"damage":13,"enemies":"Spire Growth","floor":49,"turns":3},{"damage":33,"enemies":"DF_ARCHETYPE_ORBS","floor":50,"turns":2}],"seed_played":"6345868148563229213","potions_obtained":[{"floor":6.0,"key":"BlessingOfTheForge"},{"floor":12.0,"key":"sneckomod:CheatPotion"},{"floor":15.0,"key":"champ:CounterPotion"},{"floor":29.0,"key":"sneckomod:CheatPotion"},{"floor":31.0,"key":"Fire Potion"},{"floor":32.0,"key":"SteroidPotion"},{"floor":33.0,"key":"BlessingOfTheForge"},{"floor":42.0,"key":"DistilledChaos"},{"floor":42.0,"key":"EssenceOfSteel"},{"floor":42.0,"key":"DuplicationPotion"},{"floor":46,"key":"Ancient Potion"},{"floor":48,"key":"DuplicationPotion"},{"floor":49,"key":"EssenceOfSteel"}],"is_trial":false,"path_per_floor":["R","?","M","M","M","E","T","$","R","$","?","M","R","?","M","B",null,"R","?","$","?","M","?","T","T","$","R","E","M","R","M","M","B",null,"R","M","$","M","?","R","T","?","R","M","E","M","R","M","M","B"],"character_chosen":"THE_SNECKO","items_purchased":["sneckomod:WideSting","Chemical X","Letter Opener"],"campfire_rested":6,"item_purchase_floors":[26,37,37],"current_hp_per_floor":[75,75,75,75,75,63,63,58,58,58,58,57,81,73,73,5,64,83,83,83,83,83,83,83,83,78,78,48,48,72,69,49,13,66,76,72,72,36,36,63,63,43,70,30,19,10,37,24,16,0,0,0],"gold":163,"neow_bonus":"THREE_ENEMY_KILL","is_daily":false,"chose_seed":false,"campfire_upgraded":3,"win_rate":0.0,"timestamp":1611458222,"path_taken":["R","?","M","M","M","E","T","$","R","$","?","?","R","?","M","BOSS","R","?","$","?","?","?","T","?","?","R","E","M","R","M","M","BOSS","R","M","$","M","?","R","T","?","R","?","E","M","R","M","M","BOSS"],"items_purchased_type":["Card","Relic","Relic"],"build_version":"2020-12-22","purchased_purges":2,"victory":false,"max_hp_per_floor":[83,83,83,83,83,83,83,83,83,83,83,83,83,83,83,83,83,83,83,83,83,83,83,83,83,83,83,83,83,83,83,83,83,83,93,93,93,93,93,93,93,93,93,93,93,93,93,93,93,93,93,93],"card_choices":[{"not_picked":["sneckomod:UnknownClassTHE_CHAMP_GRAY","sneckomod:UnknownClassHEXA_GHOST_PURPLE"],"picked":"sneckomod:UnknownClassRED","floor":3.0},{"not_picked":["sneckomod:UnendingSupply","sneckomod:Nope"],"picked":"sneckomod:QuickMove","floor":4.0},{"not_picked":["sneckomod:DiceBoulder","sneckomod:UnknownDraw"],"picked":"sneckomod:UnknownClassRED","floor":5.0},{"not_picked":["sneckomod:MixItUp","sneckomod:UnknownClassGREEN"],"picked":"sneckomod:ImprovisedGuard","floor":6.0},{"not_picked":["sneckomod:SoulDraw+1","sneckomod:UnknownX+1"],"picked":"sneckomod:UnknownDexterity+1","floor":8.0},{"not_picked":["sneckomod:UnknownBlock+1","sneckomod:DiceBoulder"],"picked":"sneckomod:UnknownDraw+1","floor":10.0},{"not_picked":["sneckomod:TrashToTreasure+1","sneckomod:UnknownClassTHE_BRONZE_AUTOMATON+1"],"picked":"sneckomod:UnknownWeak+1","floor":12.0},{"not_picked":["sneckomod:UnlimitedRolls","sneckomod:UnknownClassHEXA_GHOST_PURPLE+1"],"picked":"sneckomod:SoulCleanse+1","floor":14.0},{"not_picked":["sneckomod:SoulDraw+1","sneckomod:UnknownClassSLIMEBOUND+1"],"picked":"sneckomod:UnknownUncommonPower","floor":15.0},{"not_picked":["sneckomod:SerpentMind","sneckomod:Unknown3Cost+1"],"picked":"sneckomod:UnknownRarePower","floor":16.0},{"not_picked":["sneckomod:Nope+1","sneckomod:Memorize+1"],"picked":"sneckomod:TrashToTreasure+1","floor":20.0},{"not_picked":["sneckomod:UnknownClassRED+1","sneckomod:IronFang+1"],"picked":"sneckomod:UnknownClassGREEN+1","floor":22.0},{"not_picked":["sneckomod:ImprovisedAttack","sneckomod:UnknownClassTHE_CHAMP_GRAY+1"],"picked":"sneckomod:SoulRoll+1","floor":26.0},{"not_picked":["sneckomod:DiceCrush","sneckomod:UnknownClassTHE_BRONZE_AUTOMATON+1"],"picked":"sneckomod:Unknown2Cost+1","floor":28.0},{"not_picked":["sneckomod:PureSnecko+1","sneckomod:UnknownClassHEXA_GHOST_PURPLE+1"],"picked":"sneckomod:DangerNoodle","floor":29.0},{"not_picked":["sneckomod:UnknownClassTHE_BRONZE_AUTOMATON+1","sneckomod:SnekBeam"],"picked":"sneckomod:WideSting","floor":31.0},{"not_picked":["sneckomod:UnknownStrike+1","sneckomod:Unknown1Cost+1"],"picked":"sneckomod:UnknownDraw+1","floor":32.0},{"not_picked":["sneckomod:UnknownRarePower","sneckomod:UnlimitedRolls"],"picked":"sneckomod:UnknownRareAttack","floor":33.0},{"not_picked":["sneckomod:DiceCrush"],"picked":"SKIP","floor":36.0},{"not_picked":[],"picked":"sneckomod:Unknown2Cost+1","floor":37.0},{"not_picked":[],"picked":"sneckomod:SoulRoll+1","floor":38.0},{"not_picked":[],"picked":"sneckomod:Nope+1","floor":42.0},{"not_picked":[],"picked":"sneckomod:SnakeSap+1","floor":44.0},{"not_picked":[],"picked":"sneckomod:UnknownClassTHE_BRONZE_AUTOMATON+1","floor":45.0},{"not_picked":[],"picked":"sneckomod:MixItUp+1","floor":46},{"not_picked":[],"picked":"sneckomod:UnknownClassTHE_CHAMP_GRAY+1","floor":48},{"not_picked":[],"picked":"sneckomod:SoulRoll+1","floor":49}],"player_experience":564616,"relics_obtained":[{"floor":6.0,"key":"Happy Flower"},{"floor":7.0,"key":"Toxic Egg 2"},{"floor":14.0,"key":"Odd Mushroom"},{"floor":24.0,"key":"Oddly Smooth Stone"},{"floor":28.0,"key":"sneckomod:ConfusingCodex"},{"floor":39.0,"key":"Whetstone"},{"floor":41.0,"key":"Molten Egg 2"},{"floor":42.0,"key":"Toy Ornithopter"},{"floor":45.0,"key":"Vajra"}],"event_choices":[{"damage_healed":0.0,"max_hp_gain":0.0,"max_hp_loss":0.0,"gold_gain":0.0,"event_name":"Mushrooms","player_choice":"Fought Mushrooms","floor":14.0,"gold_loss":0.0,"damage_taken":0.0},{"damage_healed":0.0,"max_hp_gain":0.0,"max_hp_loss":0.0,"gold_gain":0.0,"event_name":"The Library","player_choice":"Read","floor":19.0,"gold_loss":0.0,"damage_taken":0.0,"cards_obtained":["sneckomod:UnendingSupply"]},{"damage_healed":0.0,"max_hp_gain":0.0,"max_hp_loss":0.0,"gold_gain":0.0,"event_name":"Accursed Blacksmith","player_choice":"Rummage","floor":21.0,"gold_loss":0.0,"damage_taken":0.0,"relics_obtained":["WarpedTongs"],"cards_obtained":["Pain"]},{"damage_healed":0.0,"max_hp_gain":0.0,"max_hp_loss":0.0,"gold_gain":0.0,"event_name":"Drug Dealer","player_choice":"Inject Mutagens","floor":23.0,"gold_loss":0.0,"damage_taken":0.0,"relics_obtained":["MutagenicStrength"]}],"is_beta":false,"boss_relics":[{"not_picked":["Philosopher\u0027s Stone","Runic Pyramid"],"picked":"expansioncontent:StudyCardRelic"},{"not_picked":["Coffee Dripper","Empty Cage"],"picked":"Busted Crown"}],"items_purged_floors":[8,26],"is_endless":false,"potions_floor_spawned":[6,12,15,29,31,32,33,42,44,46,48,49],"killed_by":"DF_ARCHETYPE_ORBS","ascension_level":20}}