{"host":"h1qktzcccqnez8tx","time":1611455690,"event":{"mods":["BaseMod","Block Reminder","Colored Map","Colored Powertips","Curses Come First","Highlight Path","Infinite Spire","Minty Spire (QoL Compilation)","Permanent Neow","Quick Restart","Replay The Spire","StSLib","The Jungle"],"gold_per_floor":[114,114,129,129,144,174,189,204,279,294,69,99,63,78,78,178,178,178,178],"floor_reached":18,"language":"ENG","playtime":1148,"items_purged":[],"score":224,"play_id":"ff0b982f-f797-42d4-a7c2-8e954f7b9083","local_time":"20210124033450","daily_mods":["Draft","Colorless Cards","Terminal"],"is_ascension_mode":false,"campfire_choices":[{"data":"Accuracy","floor":15,"key":"SMITH"}],"circlet_count":0,"master_deck":["Dagger Throw","Dagger Throw","Blind","Backflip","Dodge and Roll","Quick Slash","Sucker Punch","ReplayTheSpireMod:Scrap Shanks","Underhanded Strike","ReplayTheSpireMod:Private Reserves","Flying Knee","Backflip","Dodge and Roll","Prepared","Sucker Punch","Backflip","Underhanded Strike","Leg Sweep","Leg Sweep","Accuracy+1","Spreading Infection","Flying Knee+1","PiercingWail","Tactician"],"relics":["Ring of the Snake","Divine Protection","Matryoshka","ReplayTheSpireMod:CursedCoin","Prayer Wheel","ReplayTheSpireMod:TigerMarble","HoveringKite"],"acts_visited":["Exordium","TheCity"],"potions_floor_usage":[6,18],"damage_taken":[{"damage":0,"enemies":"Small Slimes","floor":1,"turns":2},{"damage":0,"enemies":"2 Louse","floor":3,"turns":2},{"damage":0,"enemies":"Jaw Worm","floor":5,"turns":2},{"damage":2,"enemies":"Gremlin Nob","floor":6,"turns":3},{"damage":0,"enemies":"Lots of Slimes","floor":7,"turns":4},{"damage":1,"enemies":"Gremlin Gang","floor":8,"turns":4},{"damage":0,"enemies":"2 Fungi Beasts","floor":10,"turns":2},{"damage":0,"enemies":"3 Sentries","floor":12,"turns":6},{"damage":0,"enemies":"Blue Slaver","floor":14,"turns":2},{"damage":5,"enemies":"Fading Forest","floor":16,"turns":11},{"damage":0,"enemies":"3 Byrds","floor":18,"turns":4}],"seed_played":"-992185634128019100","potions_obtained":[{"floor":3,"key":"DistilledChaos"},{"floor":5,"key":"Poison Potion"},{"floor":6,"key":"Fire Potion"},{"floor":12,"key":"PowerPotion"}],"is_trial":false,"path_per_floor":["M","?","M","?","M","E","M","M","T","M","$","E","$","M","R","B",null,"M"],"character_chosen":"THE_SILENT","items_purchased":["Accuracy","ReplayTheSpireMod:CursedCoin","Prayer Wheel","Flying Knee+1"],"campfire_rested":0,"item_purchase_floors":[11,11,11,13],"current_hp_per_floor":[68,72,71,70,69,67,67,66,65,64,63,62,61,60,59,58,57,57,57],"gold":178,"neow_bonus":"","is_daily":true,"chose_seed":false,"campfire_upgraded":1,"win_rate":0.0,"timestamp":1611455690,"path_taken":["M","?","M","?","M","E","M","M","T","M","?","E","$","M","R","BOSS","M"],"items_purchased_type":["Card","Relic","Relic","Card"],"build_version":"2020-12-22","purchased_purges":0,"victory":false,"max_hp_per_floor":[68,72,71,70,69,68,67,66,65,64,63,62,61,60,59,58,57,57,57],"card_choices":[{"not_picked":["Skewer","Hidden Blade"],"picked":"Dagger Throw","floor":0},{"not_picked":["Deflect","Deadly Poison"],"picked":"Dagger Throw","floor":0},{"not_picked":["Riddle With Holes","Deadly Poison"],"picked":"Blind","floor":0},{"not_picked":["Dagger Throw","Jack Of All Trades"],"picked":"Backflip","floor":0},{"not_picked":["Concentrate","Cloak And Dagger"],"picked":"Dodge and Roll","floor":0},{"not_picked":["Cloak And Dagger","ReplayTheSpireMod:Exploit Weakness"],"picked":"Quick Slash","floor":0},{"not_picked":["Acrobatics","Slice"],"picked":"Sucker Punch","floor":0},{"not_picked":["Prepared","Slice"],"picked":"ReplayTheSpireMod:Scrap Shanks","floor":0},{"not_picked":["Reflex","Hidden Blade"],"picked":"Underhanded Strike","floor":0},{"not_picked":["Deadly Poison","Masterful Stab"],"picked":"ReplayTheSpireMod:Private Reserves","floor":0},{"not_picked":["Dagger Spray","Backstab"],"picked":"Choke","floor":0},{"not_picked":["Poisoned Stab","Deadly Poison"],"picked":"Flying Knee","floor":0},{"not_picked":["Deadly Poison","Poisoned Stab"],"picked":"Backflip","floor":0},{"not_picked":["ReplayTheSpireMod:Speed Training","All Out Attack"],"picked":"Dodge and Roll","floor":0},{"not_picked":["Outmaneuver","Choke"],"picked":"Prepared","floor":0},{"not_picked":["Deflect","Acrobatics"],"picked":"Sucker Punch","floor":1},{"not_picked":["Poisoned Stab","Sneak Up"],"picked":"Backflip","floor":3},{"not_picked":["Acrobatics","Survey Options"],"picked":"Underhanded Strike","floor":5},{"not_picked":["Footwork","Outmaneuver"],"picked":"Leg Sweep","floor":6},{"not_picked":["ReplayTheSpireMod:From All Sides","Dagger Throw"],"picked":"Leg Sweep","floor":7},{"not_picked":["Impatience","Poisoned Stab","Outmaneuver"],"picked":"SKIP","floor":8},{"not_picked":["Bane","Hidden Blade","Sucker Punch"],"picked":"SKIP","floor":10},{"not_picked":["Dagger Spray","Poisoned Stab","ReplayTheSpireMod:Uncanny Aura"],"picked":"SKIP","floor":12},{"not_picked":["Cloak And Dagger","Blade Dance"],"picked":"PiercingWail","floor":14},{"not_picked":["Flying Knee","Sucker Punch"],"picked":"Tactician","floor":14}],"player_experience":118358,"relics_obtained":[{"floor":6,"key":"Divine Protection"},{"floor":9,"key":"Matryoshka"},{"floor":12,"key":"ReplayTheSpireMod:TigerMarble"}],"event_choices":[{"damage_healed":0,"gold_gain":0,"player_choice":"Donut","damage_taken":0,"max_hp_gain":5,"max_hp_loss":0,"event_name":"Big Fish","floor":2,"gold_loss":0},{"cards_removed":["Choke"],"damage_healed":0,"gold_gain":0,"player_choice":"Forget","damage_taken":0,"max_hp_gain":0,"max_hp_loss":0,"event_name":"Living Wall","floor":4,"gold_loss":0}],"is_beta":false,"boss_relics":[{"not_picked":["Ectoplasm","infinitespire:Cupcake"],"picked":"HoveringKite"}],"items_purged_floors":[],"is_endless":false,"potions_floor_spawned":[3,5,6,12],"killed_by":"3 Byrds","ascension_level":0}}