{"host":"2se5dq1do2gp0x9k","time":1611460062,"event":{"mods":["AchievementEnabler","BaseMod","Block Reminder","Colored Map","Colored Powertips","Minty Spire (QoL Compilation)","Relic Stats","StSLib","SuperFastMode"],"gold_per_floor":[111,121,196,34,184,209,209,209,290,290,77,91,132,150,150,240,240,253,274,133,133,178,218,143,143,143,166,0,0,0,33,33,132,132,155,173,173,173,173,173,173],"floor_reached":40,"language":"ENG","playtime":1397,"items_purged":["Doubt","Strike_G"],"score":910,"play_id":"5438bf75-aaaf-413f-a95a-c192230fd72d","local_time":"20210123194742","is_ascension_mode":true,"campfire_choices":[{"data":"Deadly Poison","floor":7,"key":"SMITH"},{"data":"Blade Dance","floor":10,"key":"SMITH"},{"floor":15,"key":"REST"},{"data":"Malaise","floor":25,"key":"SMITH"},{"data":"Noxious Fumes","floor":32,"key":"SMITH"}],"circlet_count":0,"master_deck":["AscendersBane","Strike_G+1","Defend_G+1","Defend_G+1","Defend_G+1","Defend_G+1","Defend_G+1","Survivor","Neutralize","Blade Dance+1","Deadly Poison+1","Bane","Deadly Poison+1","Noxious Fumes+1","Backflip","Venomology","Deadly Poison+1","Bouncing Flask","Flash of Steel","Leg Sweep","Malaise+1","Backflip","Well Laid Plans","PanicButton","Writhe"],"relics":["Ring of the Snake","NeowsBlessing","Toolbox","Smiling Mask","Golden Idol","Mercury Hourglass","DollysMirror","WingedGreaves","Coffee Dripper","Snake Skull","Turnip","Membership Card","Strawberry","Empty Cage"],"acts_visited":["Exordium","TheCity","TheBeyond"],"potions_floor_usage":[16,18,22,23,27,31,33,33,33,40],"damage_taken":[{"damage":0,"enemies":"Jaw Worm","floor":1,"turns":1},{"damage":0,"enemies":"2 Louse","floor":2,"turns":1},{"damage":0,"enemies":"3 Sentries","floor":6,"turns":1},{"damage":3,"enemies":"Small Slimes","floor":12,"turns":2},{"damage":27,"enemies":"Lagavulin","floor":13,"turns":5},{"damage":9,"enemies":"Exordium Wildlife","floor":14,"turns":4},{"damage":16,"enemies":"The Guardian","floor":16,"turns":8},{"damage":4,"enemies":"Chosen","floor":18,"turns":3},{"damage":11,"enemies":"Spheric Guardian","floor":19,"turns":4},{"damage":11,"enemies":"Snake Plant","floor":22,"turns":4},{"damage":22,"enemies":"Slavers","floor":23,"turns":5},{"damage":0,"enemies":"3 Cultists","floor":27,"turns":4},{"damage":2,"enemies":"Gremlin Leader","floor":31,"turns":6},{"damage":33,"enemies":"Automaton","floor":33,"turns":9},{"damage":41,"enemies":"3 Darklings","floor":35,"turns":7},{"damage":6,"enemies":"Orb Walker","floor":36,"turns":4},{"damage":31,"enemies":"Nemesis","floor":40,"turns":7}],"seed_played":"-667026625215707969","potions_obtained":[{"floor":2,"key":"PowerPotion"},{"floor":13,"key":"Regen Potion"},{"floor":14,"key":"Poison Potion"},{"floor":16,"key":"GamblersBrew"},{"floor":23,"key":"Weak Potion"}],"is_trial":false,"path_per_floor":["M","M","?","$","?","E","R","?","T","R","$","M","E","M","R","B",null,"M","M","$","?","M","E","?","R","T","M","$","?","$","E","R","B",null,"M","M","?","?","?","E"],"character_chosen":"THE_SILENT","items_purchased":["Toolbox","DollysMirror","Flash of Steel","Membership Card"],"campfire_rested":1,"item_purchase_floors":[4,11,20,28],"current_hp_per_floor":[59,59,48,48,48,48,48,48,48,48,48,45,18,9,27,11,48,44,33,33,33,34,12,12,12,12,12,12,60,60,65,65,40,60,19,13,13,13,26,0,0],"gold":173,"neow_bonus":"THREE_ENEMY_KILL","is_daily":false,"chose_seed":false,"campfire_upgraded":4,"win_rate":0.0,"timestamp":1611460062,"path_taken":["M","M","?","$","?","E","R","?","T","R","$","M","E","M","R","BOSS","M","M","$","?","M","E","?","R","T","M","$","?","$","E","R","BOSS","M","M","?","?","?","E"],"items_purchased_type":["Relic","Relic","Card","Relic"],"build_version":"2020-12-22","purchased_purges":2,"victory":false,"max_hp_per_floor":[66,66,66,66,66,66,66,60,60,60,60,60,60,60,60,60,60,60,60,60,60,60,60,60,60,60,60,60,60,60,67,67,67,67,67,67,67,67,67,67,67],"relic_stats":{"counters":[17,73],"Golden Idol":94,"Snake Skull":[85],"Turnip":[0],"Smiling Mask":75,"obtain_stats":[{"NeowsBlessing":0,"Golden Idol":8,"Snake Skull":23,"Smiling Mask":6,"Empty Cage":34,"Mercury Hourglass":9,"DollysMirror":11,"Strawberry":31,"Toolbox":4,"WingedGreaves":13,"Turnip":26,"Coffee Dripper":17,"Membership Card":28,"Ring of the Snake":0},{"NeowsBlessing":0,"Golden Idol":3,"Snake Skull":11,"Smiling Mask":3,"Empty Cage":14,"Mercury Hourglass":3,"DollysMirror":3,"Strawberry":13,"Toolbox":2,"WingedGreaves":5,"Turnip":11,"Coffee Dripper":7,"Membership Card":12,"Ring of the Snake":0},{"NeowsBlessing":0,"Golden Idol":3,"Snake Skull":37,"Smiling Mask":3,"Empty Cage":55,"Mercury Hourglass":3,"DollysMirror":3,"Strawberry":47,"Toolbox":2,"WingedGreaves":9,"Turnip":37,"Coffee Dripper":21,"Membership Card":41,"Ring of the Snake":0}],"Ring of the Snake":[34],"Mercury Hourglass":[281]},"card_choices":[{"not_picked":["Dagger Throw","All Out Attack"],"picked":"Blade Dance","floor":1},{"not_picked":["Underhanded Strike","Poisoned Stab"],"picked":"Deadly Poison","floor":2},{"not_picked":["Flying Knee","Setup"],"picked":"Bane","floor":6},{"not_picked":["Escape Plan","Predator"],"picked":"Noxious Fumes","floor":12},{"not_picked":["Flechettes","Calculated Gamble"],"picked":"Backflip","floor":13},{"not_picked":["Dagger Throw","Slice","Skewer"],"picked":"SKIP","floor":14},{"not_picked":["Die Die Die","Glass Knife"],"picked":"Venomology","floor":16},{"not_picked":["Terror","Dagger Spray"],"picked":"Deadly Poison+1","floor":18},{"not_picked":["Tactician","Underhanded Strike"],"picked":"Bouncing Flask","floor":19},{"not_picked":["Flying Knee","PiercingWail"],"picked":"Leg Sweep","floor":22},{"not_picked":["Skewer","Dodge and Roll+1"],"picked":"Malaise","floor":23},{"not_picked":["Blade Dance+1","Underhanded Strike"],"picked":"Backflip","floor":27},{"not_picked":["Skewer","Quick Slash","Deflect"],"picked":"SKIP","floor":31},{"not_picked":["Underhanded Strike","Poisoned Stab"],"picked":"Well Laid Plans","floor":35},{"not_picked":["Slice+1","Dodge and Roll","Finisher"],"picked":"SKIP","floor":36},{"not_picked":["Deep Breath","Trip"],"picked":"PanicButton","floor":38}],"player_experience":3941980,"relics_obtained":[{"floor":6,"key":"Smiling Mask"},{"floor":9,"key":"Mercury Hourglass"},{"floor":13,"key":"WingedGreaves"},{"floor":23,"key":"Snake Skull"},{"floor":26,"key":"Turnip"},{"floor":31,"key":"Strawberry"}],"event_choices":[{"damage_healed":0,"gold_gain":75,"player_choice":"Gather Gold","damage_taken":11,"max_hp_gain":0,"max_hp_loss":0,"event_name":"World of Goop","floor":3,"gold_loss":0},{"damage_healed":0,"gold_gain":150,"player_choice":"AGREE","damage_taken":0,"max_hp_gain":0,"max_hp_loss":0,"event_name":"Liars Game","floor":5,"gold_loss":0,"cards_obtained":["Doubt"]},{"damage_healed":0,"gold_gain":0,"player_choice":"Lose Max HP","damage_taken":0,"relics_obtained":["Golden Idol"],"max_hp_gain":0,"max_hp_loss":6,"event_name":"Golden Idol","floor":8,"gold_loss":0},{"damage_healed":0,"gold_gain":0,"player_choice":"Simplicity","damage_taken":0,"max_hp_gain":0,"max_hp_loss":0,"event_name":"Back to Basics","floor":21,"gold_loss":0,"cards_upgraded":["Strike_G","Strike_G","Strike_G","Strike_G","Defend_G","Defend_G","Defend_G","Defend_G","Defend_G"]},{"cards_removed":["Strike_G"],"damage_healed":0,"gold_gain":0,"player_choice":"Gave Gold","damage_taken":0,"max_hp_gain":0,"max_hp_loss":0,"event_name":"Beggar","floor":24,"gold_loss":75},{"damage_healed":48,"gold_gain":0,"player_choice":"Full Heal","damage_taken":0,"max_hp_gain":0,"max_hp_loss":0,"event_name":"Wheel of Change","floor":29,"gold_loss":0},{"damage_healed":0,"gold_gain":0,"player_choice":"Ignored","damage_taken":0,"max_hp_gain":0,"max_hp_loss":0,"event_name":"Tomb of Lord Red Mask","floor":37,"gold_loss":0},{"damage_healed":0,"gold_gain":0,"player_choice":"Memory 1","damage_taken":0,"max_hp_gain":0,"max_hp_loss":0,"event_name":"SensoryStone","floor":38,"gold_loss":0},{"damage_healed":13,"gold_gain":0,"player_choice":"Writhe","damage_taken":0,"max_hp_gain":0,"max_hp_loss":0,"event_name":"Winding Halls","floor":39,"gold_loss":0,"cards_obtained":["Writhe"]}],"is_beta":false,"boss_relics":[{"not_picked":["Ectoplasm","Runic Dome"],"picked":"Coffee Dripper"},{"not_picked":["Ring of the Serpent","Calling Bell"],"picked":"Empty Cage"}],"items_purged_floors":[11,20],"is_endless":false,"potions_floor_spawned":[2,13,14,16,19,23,27,36],"killed_by":"Nemesis","ascension_level":20}}