{"host":"minbhrtlkaoly5f0","time":1611532646,"event":{"mods":["Act Like it!","BaseMod","Colored Map","Minty Spire (QoL Compilation)","Quick Restart","StSLib"],"gold_per_floor":[112,126,26,26,26,59,59,59,59,33,64,64,64,78,78,177,177,195,24,43,57,57,57,57,77,77,77,89,99,109,126,126,126,126],"floor_reached":33,"language":"ZHS","playtime":1112,"items_purged":["Strike_G","Defend_G"],"score":282,"play_id":"73fee601-8df2-402a-9619-2daefced2286","local_time":"20210125075726","is_ascension_mode":false,"campfire_choices":[{"floor":13.0,"key":"REST"},{"data":"Deadly Poison","floor":15.0,"key":"SMITH"},{"floor":24.0,"key":"REST"},{"floor":27.0,"key":"REST"},{"floor":32.0,"key":"REST"}],"circlet_count":0,"master_deck":["Strike_G","Strike_G","Strike_G","Defend_G","Defend_G","Defend_G","Defend_G","Survivor","Neutralize","Poisoned Stab","Deadly Poison+1","Acrobatics","All Out Attack","Noxious Fumes","Adrenaline","Crippling Poison","Noxious Fumes","Tactician","Slice+1","Calculated Gamble","Eviscerate","Deflect+1","Outmaneuver","Prepared"],"relics":["Ring of the Snake","NeowsBlessing","Omamori","Tingsha","MealTicket","White Beast Statue","Unceasing Top","Snake Skull","Fusion Hammer","HornCleat"],"acts_visited":["Exordium","TheCity"],"potions_floor_usage":[33,33,33],"damage_taken":[{"damage":0.0,"enemies":"2 Louse","floor":1.0,"turns":1.0},{"damage":0.0,"enemies":"Cultist","floor":2.0,"turns":1.0},{"damage":0.0,"enemies":"Lagavulin","floor":6.0,"turns":1.0},{"damage":20.0,"enemies":"Gremlin Nob","floor":11.0,"turns":4.0},{"damage":10.0,"enemies":"Small Slimes","floor":14.0,"turns":2.0},{"damage":32.0,"enemies":"Slime Boss","floor":16.0,"turns":7.0},{"damage":18.0,"enemies":"3 Byrds","floor":18.0,"turns":3.0},{"damage":19.0,"enemies":"2 Thieves","floor":20.0,"turns":4.0},{"damage":23.0,"enemies":"Centurion and Healer","floor":21.0,"turns":5.0},{"damage":20.0,"enemies":"Sentry and Sphere","floor":25.0,"turns":5.0},{"damage":40.0,"enemies":"Shelled Parasite and Fungi","floor":28.0,"turns":5.0},{"damage":6.0,"enemies":"Chosen and Byrds","floor":29.0,"turns":3.0},{"damage":0.0,"enemies":"Snake Plant","floor":30.0,"turns":3.0},{"damage":7.0,"enemies":"Snecko","floor":31.0,"turns":4.0},{"damage":44,"enemies":"Champ","floor":33,"turns":10}],"seed_played":"-8235660134448720275","potions_obtained":[{"floor":2.0,"key":"Dexterity Potion"},{"floor":11.0,"key":"GamblersBrew"},{"floor":14.0,"key":"Swift Potion"},{"floor":16.0,"key":"GhostInAJar"},{"floor":18.0,"key":"Weak Potion"},{"floor":20.0,"key":"CunningPotion"},{"floor":21.0,"key":"SneckoOil"},{"floor":25.0,"key":"EssenceOfSteel"},{"floor":28.0,"key":"SteroidPotion"},{"floor":30.0,"key":"GamblersBrew"}],"is_trial":false,"path_per_floor":["M","M","$","?","$","E","?","T","T","$","E","?","R","M","R","B",null,"M","$","M","M","$","?","R","M","T","R","M","M","M","M","R","B"],"character_chosen":"THE_SILENT","items_purchased":["Deadly Poison","Acrobatics","Noxious Fumes"],"campfire_rested":4,"item_purchase_floors":[3,10,19],"current_hp_per_floor":[70,70,70,70,70,70,63,63,63,70,50,38,59,49,49,17,70,52,67,48,25,40,45,66,46,46,67,27,21,21,14,35,0,0],"gold":126,"neow_bonus":"THREE_ENEMY_KILL","is_daily":false,"chose_seed":false,"campfire_upgraded":1,"win_rate":0.0,"timestamp":1611532646,"path_taken":["M","M","$","?","?","E","?","?","T","?","E","?","R","?","R","BOSS","M","$","M","M","$","?","R","?","T","R","M","M","M","?","R","BOSS"],"items_purchased_type":["Card","Card","Card"],"build_version":"2020-12-22","purchased_purges":2,"victory":false,"max_hp_per_floor":[70,70,70,70,70,70,70,70,70,70,70,70,70,70,70,70,70,70,70,70,70,70,70,70,70,70,70,70,70,70,70,70,70,70],"card_choices":[{"not_picked":["Acrobatics","Underhanded Strike"],"picked":"Poisoned Stab","floor":1.0},{"not_picked":["Flying Knee","Tactician"],"picked":"Slice","floor":2.0},{"not_picked":["Backstab","Dagger Spray","Infinite Blades"],"picked":"SKIP","floor":6.0},{"not_picked":["Deflect","Escape Plan"],"picked":"All Out Attack","floor":11.0},{"not_picked":["Footwork","Flying Knee"],"picked":"Noxious Fumes","floor":14.0},{"not_picked":["Unload","Malaise"],"picked":"Adrenaline","floor":16.0},{"not_picked":["Skewer","Flying Knee+1"],"picked":"Crippling Poison","floor":18.0},{"not_picked":["Choke+1","Outmaneuver"],"picked":"Tactician","floor":20.0},{"not_picked":["Sucker Punch","Outmaneuver"],"picked":"Slice+1","floor":21.0},{"not_picked":["Slice","Deadly Poison"],"picked":"Calculated Gamble","floor":25.0},{"not_picked":["Deflect","Dagger Spray"],"picked":"Eviscerate","floor":28.0},{"not_picked":["Crippling Poison","Backflip+1"],"picked":"Deflect+1","floor":29.0},{"not_picked":["Endless Agony","Predator"],"picked":"Outmaneuver","floor":30.0},{"not_picked":["Dagger Spray","Underhanded Strike"],"picked":"Prepared","floor":31.0}],"player_experience":32841,"relics_obtained":[{"floor":6.0,"key":"Tingsha"},{"floor":8.0,"key":"MealTicket"},{"floor":9.0,"key":"White Beast Statue"},{"floor":11.0,"key":"Unceasing Top"},{"floor":26.0,"key":"HornCleat"}],"event_choices":[{"damage_healed":0.0,"max_hp_gain":0.0,"max_hp_loss":0.0,"gold_gain":0.0,"event_name":"WeMeetAgain","player_choice":"Gave Potion","floor":4.0,"gold_loss":0.0,"damage_taken":0.0,"relics_obtained":["Omamori"]},{"cards_removed":["Strike_G"],"damage_healed":0.0,"max_hp_gain":0.0,"max_hp_loss":0.0,"gold_gain":0.0,"event_name":"Golden Wing","player_choice":"Card Removal","floor":7.0,"gold_loss":0.0,"damage_taken":7.0},{"damage_healed":0.0,"max_hp_gain":0.0,"max_hp_loss":0.0,"gold_gain":0.0,"event_name":"Scrap Ooze","player_choice":"Success","floor":12.0,"gold_loss":0.0,"damage_taken":12.0,"relics_obtained":["Snake Skull"]},{"cards_removed":["Slice"],"damage_healed":5.0,"max_hp_gain":0.0,"max_hp_loss":0.0,"gold_gain":0.0,"event_name":"Bonfire Elementals","player_choice":"Offered Common","floor":23.0,"gold_loss":0.0,"damage_taken":0.0},{"cards_removed":["Slice"],"damage_healed":5.0,"max_hp_gain":0.0,"max_hp_loss":0.0,"gold_gain":0.0,"event_name":"Bonfire Elementals","player_choice":"Offered Special","floor":23.0,"gold_loss":0.0,"damage_taken":0.0}],"is_beta":false,"boss_relics":[{"not_picked":["WristBlade","Ectoplasm"],"picked":"Fusion Hammer"}],"items_purged_floors":[3,19],"is_endless":false,"potions_floor_spawned":[2,11,14,16,18,20,21,25,28,29,30,31],"killed_by":"Champ","ascension_level":0}}