{"host":"d73an99q9oevilk5","time":1611454958,"event":{"mods":["2.2 Compatiblity","AchievementEnabler","Act Like it!","Aspiration","BaseMod","Beaked The Cultist","Better Third Choice","BetterRewards","Colored Map","Colored Powertips","Conspire","GifTheSpireLib","Halation","Hubris","Infinite Spire","Mimic Mod","Minty Spire (QoL Compilation)","Quick Restart","Relic Sorter","Replay The Spire","Shop Mod","Spikes Relics","StSLib","Stuff the Spire","The Cursed","The Necromancer","The Saiyan","Waifu the Spire","egg","slay the spire mod where everything is the same but ironclad has a cowboy hat","vexMod"],"gold_per_floor":[115,115,115,134,144,154,154,154,185,104,115,148,161,173,173,276,276,296,310,324,324,356,356,356,373,399,399,674,684,711,728,728,728,728],"floor_reached":33,"language":"ENG","playtime":1613,"items_purged":[],"score":396,"play_id":"21d3dde4-041e-4e31-8842-5666f9281420","local_time":"20210123192238","is_ascension_mode":false,"campfire_choices":[{"data":"TheCursedMod:Torture","floor":8,"key":"SMITH"},{"data":"TheCursedMod:ShockAndAwe","floor":15,"key":"SMITH"},{"floor":24,"key":"REST"},{"data":"TheCursedMod:OutForBlood","floor":27,"key":"SMITH"}],"circlet_count":0,"master_deck":["Mirror Shield+1","TheCursedMod:Strike_TheCursed","TheCursedMod:Strike_TheCursed","TheCursedMod:Strike_TheCursed","TheCursedMod:Strike_TheCursed","TheCursedMod:Defend_TheCursed","TheCursedMod:Defend_TheCursed","TheCursedMod:Defend_TheCursed","TheCursedMod:Defend_TheCursed","TheCursedMod:CursedWand","TheCursedMod:CleanUpWorkshop","TheCursedMod:Dregs","TheCursedMod:SmokeScreen","Regret","TheCursedMod:WearCloak","TheCursedMod:Torture+1","TheCursedMod:SurpriseAttack","TheCursedMod:HellfireBreathing","TheCursedMod:ShockAndAwe+1","TheCursedMod:OutForBlood+1","TheCursedMod:CursedArmor+1","TheCursedMod:VitalStrike","TheCursedMod:SmokeScreen+1","Hallucinations","hubris:Despair","infinitespire:Punishment","TheCursedMod:CollectTribute","TheCursedMod:Torture+1","TheCursedMod:WearCloak+1"],"relics":["Lee\u0027s Waffle","conspire:TreasureMap","TheCursedMod:BloodyHarpoon","Replay:Towering Pillar of Hats","SnailShell","infinitespire:Cubic Diamond","Replay:Bottled Flurry","MerchantsRug","infinitespire:FocusingShard","conspire:SpecialSausage","halation:Trompette","StuffTheSpire:Experiment12","Pondfish Scales"],"acts_visited":["Exordium","TheCity"],"potions_floor_usage":[12,18,33,33],"damage_taken":[{"damage":0,"enemies":"2 Louse","floor":1,"turns":2},{"damage":0,"enemies":"Jaw Worm","floor":4,"turns":3},{"damage":0,"enemies":"Cultist","floor":5,"turns":5},{"damage":0,"enemies":"2 Fungi Beasts","floor":6,"turns":4},{"damage":13,"enemies":"Exordium Wildlife","floor":9,"turns":19},{"damage":2,"enemies":"Exordium Wildlife","floor":11,"turns":4},{"damage":2,"enemies":"3 Sentries","floor":12,"turns":10},{"damage":0,"enemies":"Lots of Slimes","floor":13,"turns":6},{"damage":10,"enemies":"2 Fungi Beasts","floor":14,"turns":4},{"damage":31,"enemies":"Hexaghost","floor":16,"turns":9},{"damage":2,"enemies":"Spheric Guardian","floor":18,"turns":5},{"damage":31,"enemies":"conspire:FuzzyDice","floor":19,"turns":6},{"damage":3,"enemies":"Centurion and Healer","floor":20,"turns":8},{"damage":20,"enemies":"3 Cultists","floor":22,"turns":12},{"damage":10,"enemies":"3 Cultists","floor":25,"turns":6},{"damage":8,"enemies":"Snake Plant","floor":29,"turns":3},{"damage":18,"enemies":"Book of Stabbing","floor":30,"turns":4},{"damage":10,"enemies":"Cultist and Chosen","floor":31,"turns":6},{"damage":21,"enemies":"hubris:MusketHawk","floor":33,"turns":6}],"seed_played":"-9216033415098536129","potions_obtained":[{"floor":1,"key":"SpeedPotion"},{"floor":3,"key":"BlessingOfTheForge"},{"floor":3,"key":"Cursed Concoction"},{"floor":5,"key":"BlessingOfTheForge"},{"floor":16,"key":"Block Potion"},{"floor":19,"key":"DuplicationPotion"}],"is_trial":false,"path_per_floor":["M","?","?","M","M","M","?","R","MIM","$","M","E","M","M","R","B",null,"M","M","M","?","MIM","?","R","M","T","R","?","M","E","M","R_BF","B"],"character_chosen":"THE_CURSED","items_purchased":["Lee\u0027s Waffle","conspire:TreasureMap","TheCursedMod:BloodyHarpoon","MerchantsRug"],"campfire_rested":1,"item_purchase_floors":[0,0,0,10],"current_hp_per_floor":[82,82,82,82,82,82,82,82,75,75,73,71,71,61,61,30,82,80,49,46,54,34,34,58,48,48,48,48,40,22,12,12,0,0],"gold":728,"neow_bonus":"","is_daily":false,"chose_seed":false,"campfire_upgraded":3,"win_rate":0.0,"timestamp":1611454958,"path_taken":["M","?","?","M","?","M","?","R","MIM","$","M","E","M","M","R","BOSS","M","M","M","?","?","?","R","M","T","R","?","M","E","M","R_BF","BOSS"],"items_purchased_type":["Relic","Relic","Relic","Relic"],"build_version":"2020-12-22","purchased_purges":0,"victory":false,"max_hp_per_floor":[82,82,82,82,82,82,82,82,82,82,82,82,82,82,82,82,82,82,82,82,82,82,82,82,82,82,82,82,82,82,82,82,82,82],"card_choices":[{"not_picked":["TheCursedMod:CursedShiv","TheCursedMod:CircleOfBlood"],"picked":"TheCursedMod:SmokeScreen","floor":1},{"not_picked":["TheCursedMod:LuckyCharm","TheCursedMod:CursedStaff"],"picked":"TheCursedMod:WearCloak","floor":4},{"not_picked":["TheCursedMod:Wield","TheCursedMod:CircleOfCorruption","TheCursedMod:RapidMovement"],"picked":"SKIP","floor":5},{"not_picked":["TheCursedMod:CircleOfFlame","TheCursedMod:CursedBlade"],"picked":"TheCursedMod:Torture","floor":6},{"not_picked":["beaked:WildInstinct","beaked:WarriorEssence"],"picked":"TheCursedMod:SurpriseAttack","floor":9},{"not_picked":["TheCursedMod:Wield","TheCursedMod:SpitefulStrike","beaked:BloodForTheGods"],"picked":"SKIP","floor":11},{"not_picked":["TheCursedMod:WearCloak","TheCursedMod:HellfireBreathing","TheCursedMod:BloodBarrier"],"picked":"SKIP","floor":12},{"not_picked":["TheCursedMod:WearCloak","TheCursedMod:BloodBarrier"],"picked":"TheCursedMod:HellfireBreathing","floor":12},{"not_picked":["TheCursedMod:RavingStaff","TheCursedMod:SpitefulStrike"],"picked":"TheCursedMod:ShockAndAwe","floor":13},{"not_picked":["TheCursedMod:TacticalStrike","TheCursedMod:RavingStaff","TheCursedMod:SurpriseAttack"],"picked":"SKIP","floor":14},{"not_picked":["TheCursedMod:CircleOfAbyss","beaked:SacrificialScars"],"picked":"TheCursedMod:OutForBlood","floor":16},{"not_picked":["TheCursedMod:SurpriseAttack","TheCursedMod:SpitefulStrike"],"picked":"TheCursedMod:CursedArmor+1","floor":18},{"not_picked":["TheCursedMod:HellfireBreathing+1","TheCursedMod:SmokeScreen+1"],"picked":"TheCursedMod:VitalStrike","floor":19},{"not_picked":["TheCursedMod:RapidMovement","TheCursedMod:CursedShiv","TheCursedMod:CircleOfCorruption"],"picked":"SKIP","floor":20},{"not_picked":["TheCursedMod:CursedBlade","TheCursedMod:CursedMace"],"picked":"TheCursedMod:SmokeScreen+1","floor":22},{"not_picked":["Replay:Fractal Strike","ReplayTheSpireMod:Haul"],"picked":"infinitespire:Punishment","floor":23},{"not_picked":["TheCursedMod:CursedMace","TheCursedMod:CircleOfCorruption","TheCursedMod:CursedBlade"],"picked":"SKIP","floor":25},{"not_picked":["TheCursedMod:Stigma","TheCursedMod:TacticalStrike"],"picked":"TheCursedMod:CollectTribute","floor":29},{"not_picked":["TheCursedMod:EmpowerCircles+1","TheCursedMod:CircleOfCorruption"],"picked":"TheCursedMod:Torture+1","floor":30},{"not_picked":["TheCursedMod:AbyssShockwave","TheCursedMod:CursedShiv+1"],"picked":"TheCursedMod:WearCloak+1","floor":31}],"player_experience":1772268,"relics_obtained":[{"floor":9,"key":"Replay:Bottled Flurry"},{"floor":12,"key":"infinitespire:FocusingShard"},{"floor":22,"key":"halation:Trompette"},{"floor":26,"key":"StuffTheSpire:Experiment12"},{"floor":30,"key":"Pondfish Scales"}],"event_choices":[{"damage_healed":0,"gold_gain":0,"player_choice":"Box","damage_taken":0,"relics_obtained":["SnailShell"],"max_hp_gain":0,"max_hp_loss":0,"event_name":"Big Fish","floor":2,"gold_loss":0,"cards_obtained":["Regret"]},{"damage_healed":0,"gold_gain":0,"player_choice":"Got Potions","damage_taken":0,"max_hp_gain":0,"max_hp_loss":0,"event_name":"Lab","floor":3,"gold_loss":0},{"damage_healed":0,"gold_gain":275,"player_choice":"Desecrate","damage_taken":0,"max_hp_gain":0,"max_hp_loss":0,"event_name":"Golden Shrine","floor":28,"gold_loss":0,"cards_obtained":["Regret"]},{"cards_removed":["Regret"],"damage_healed":0,"gold_gain":0,"player_choice":"Card Removal","damage_taken":0,"max_hp_gain":0,"max_hp_loss":0,"event_name":"Wheel of Change","floor":32,"gold_loss":0}],"is_beta":false,"boss_relics":[{"not_picked":["vexMod:DeviousBotling","hubris:RunicObelisk"],"picked":"conspire:SpecialSausage"}],"items_purged_floors":[],"is_endless":false,"potions_floor_spawned":[1,5,6,16,19,20,31],"killed_by":"hubris:MusketHawk","ascension_level":0}}