{"host":"¿à÷økuyou","time":1611495991,"event":{"mods":["ATMod(°¢èªMod)","Act Like it!","BaseMod","BetterRewards","Minty Spire (QoL Compilation)","Quick Restart","StSLib"],"gold_per_floor":[114,129,304,41,56,56,71,146,221,236,36,66,3,18,18,118,118,133,148,163,178,193,193,223,238,238,268,118,118,118,183,183,358,358,448,588,888,928,1043,1173,1173,767,767,767,822,862,917,957,957,1082],"floor_reached":51,"language":"ZHS","playtime":2610,"items_purged":["Doubt","Outmaneuver","AT_FocusSwordFire","AT_WindFlip","Outmaneuver"],"score":1083,"play_id":"49ead5fb-bfea-40ec-b73c-f39e43f815ce","local_time":"20210124214631","daily_mods":["Draft","Colorless Cards","Terminal"],"is_ascension_mode":false,"campfire_choices":[{"data":"AT_EssenceShift","floor":6.0,"key":"SMITH"},{"data":"Footwork","floor":15.0,"key":"SMITH"},{"data":"Purity","floor":23.0,"key":"SMITH"},{"data":"Acrobatics","floor":29.0,"key":"SMITH"},{"data":"Madness","floor":32.0,"key":"SMITH"},{"data":"Blade Dance","floor":41,"key":"SMITH"},{"data":"Tactician","floor":49,"key":"SMITH"}],"circlet_count":0,"master_deck":["AT_EssenceShift+1","Acrobatics+1","Deadly Poison","Acrobatics+1","Finesse","Blade Dance+1","Prepared","AT_WindFlip","Catalyst+1","Purity+1","Backflip","Footwork+1","Deflect","Finesse","Accuracy","Madness+1","Blade Dance+1","Grand Finale+1","Die Die Die+1","Reflex+1","Concentrate","Calculated Gamble","After Image","Enlightenment","AT_BreakingExtremeWeapon","Madness","Tactician+1","Blur+1"],"relics":["Ring of the Snake","AT_ATBox","Membership Card","Snake Skull","AT_SilvercatRing","Incense Burner","Molten Egg 2","Runic Pyramid","Boot","AT_ImmortalShieldbow","Oddly Smooth Stone","AT_MibuBalloonWealth","Sozu","AT_RedTearstoneRing","Strawberry","Gremlin Horn","Toolbox","AT_DeathDance","White Beast Statue","AT_EbonyIvory"],"acts_visited":["Exordium","TheCity","TheBeyond"],"potions_floor_usage":[40,50,50],"damage_taken":[{"damage":0.0,"enemies":"Small Slimes","floor":1.0,"turns":2.0},{"damage":0.0,"enemies":"2 Louse","floor":2.0,"turns":2.0},{"damage":0.0,"enemies":"Jaw Worm","floor":5.0,"turns":3.0},{"damage":0.0,"enemies":"Lots of Slimes","floor":7.0,"turns":3.0},{"damage":0.0,"enemies":"Gremlin Gang","floor":10.0,"turns":2.0},{"damage":19.0,"enemies":"Lagavulin","floor":12.0,"turns":5.0},{"damage":0.0,"enemies":"2 Fungi Beasts","floor":14.0,"turns":2.0},{"damage":0.0,"enemies":"The Guardian","floor":16.0,"turns":6.0},{"damage":0.0,"enemies":"3 Byrds","floor":18.0,"turns":3.0},{"damage":0.0,"enemies":"Spheric Guardian","floor":19.0,"turns":3.0},{"damage":0.0,"enemies":"Centurion and Healer","floor":20.0,"turns":2.0},{"damage":12.0,"enemies":"Snake Plant","floor":21.0,"turns":4.0},{"damage":1.0,"enemies":"3 Cultists","floor":22.0,"turns":3.0},{"damage":0.0,"enemies":"Book of Stabbing","floor":24.0,"turns":4.0},{"damage":9.0,"enemies":"Snecko","floor":25.0,"turns":6.0},{"damage":0.0,"enemies":"Gremlin Leader","floor":27.0,"turns":4.0},{"damage":1.0,"enemies":"Shelled Parasite and Fungi","floor":31.0,"turns":4.0},{"damage":0.0,"enemies":"Collector","floor":33.0,"turns":3.0},{"damage":3.0,"enemies":"3 Shapes","floor":35.0,"turns":4.0},{"damage":0.0,"enemies":"3 Darklings","floor":36.0,"turns":3.0},{"damage":0,"enemies":"Writhing Mass","floor":38,"turns":4},{"damage":1,"enemies":"4 Shapes","floor":39,"turns":3},{"damage":0,"enemies":"Reptomancer","floor":40,"turns":3},{"damage":0,"enemies":"Giant Head","floor":45,"turns":4},{"damage":0,"enemies":"Transient","floor":46,"turns":5},{"damage":0,"enemies":"Nemesis","floor":47,"turns":3},{"damage":0,"enemies":"Writhing Mass","floor":48,"turns":3},{"damage":12,"enemies":"Awakened One","floor":50,"turns":4}],"seed_played":"-992185634128019100","potions_obtained":[{"floor":2.0,"key":"GamblersBrew"},{"floor":5.0,"key":"LiquidMemories"},{"floor":14.0,"key":"PowerPotion"},{"floor":16.0,"key":"Fire Potion"},{"floor":19.0,"key":"AttackPotion"},{"floor":24.0,"key":"Fire Potion"},{"floor":27.0,"key":"Strength Potion"}],"is_trial":false,"path_per_floor":["M","M","?","$","M","R","M","?","T","M","$","E","$","M","R","B",null,"M","M","M","M","M","R","E","M","T","E","$","R","?","M","R","B",null,"M","M","?","M","M","E","R","$","T","?","E","M","E","M","R","B",null],"character_chosen":"THE_SILENT","items_purchased":["Membership Card","Snake Skull","Incense Burner","AT_MibuBalloonWealth","Strawberry","Gremlin Horn","Toolbox","Madness"],"campfire_rested":0,"item_purchase_floors":[4,4,11,28,42,42,42,42],"current_hp_per_floor":[68,67,66,65,64,63,62,51,51,51,51,32,32,32,32,32,52,51,50,49,37,36,36,36,27,27,27,27,27,39,38,37,36,35,32,32,32,31,30,29,28,34,33,32,31,30,29,28,27,15],"gold":1082,"neow_bonus":"","is_daily":true,"chose_seed":false,"campfire_upgraded":7,"win_rate":0.0,"timestamp":1611495991,"path_taken":["M","M","?","$","M","R","M","?","T","M","?","E","$","M","R","BOSS","M","?","M","?","M","R","E","M","T","E","$","R","?","M","R","BOSS","M","M","?","?","M","E","R","$","T","?","E","M","E","M","R","BOSS"],"items_purchased_type":["Relic","Relic","Relic","Relic","Relic","Relic","Relic","Card"],"build_version":"2020-12-18","purchased_purges":5,"victory":true,"max_hp_per_floor":[68,67,66,65,64,63,62,61,60,59,58,57,56,55,54,53,52,51,50,49,48,47,46,45,44,43,42,41,40,39,38,37,36,35,34,33,32,31,30,29,28,34,33,32,31,30,29,28,27,26],"card_choices":[{"not_picked":["Bane","Dagger Throw"],"picked":"Acrobatics","floor":0.0},{"not_picked":["Flechettes","AT_WindRun"],"picked":"Deadly Poison","floor":0.0},{"not_picked":["Deadly Poison","Infinite Blades"],"picked":"Acrobatics","floor":0.0},{"not_picked":["Finisher","Flechettes"],"picked":"AT_FocusSwordFire","floor":0.0},{"not_picked":["Good Instincts","Quick Slash"],"picked":"Finesse","floor":0.0},{"not_picked":["AT_WindFlip","Slice"],"picked":"Blade Dance","floor":0.0},{"not_picked":["Sucker Punch","Slice"],"picked":"Prepared","floor":0.0},{"not_picked":["Dagger Spray","Bane"],"picked":"AT_WindFlip","floor":0.0},{"not_picked":["Deadly Poison","Dagger Throw"],"picked":"Catalyst","floor":0.0},{"not_picked":["Acrobatics","Dagger Spray"],"picked":"Purity","floor":0.0},{"not_picked":["Poisoned Stab","Flying Knee"],"picked":"Outmaneuver","floor":0.0},{"not_picked":["Deadly Poison","Poisoned Stab"],"picked":"Backflip","floor":0.0},{"not_picked":["Terror","All Out Attack"],"picked":"Footwork","floor":0.0},{"not_picked":["AT_LightSaberMaster","Prepared"],"picked":"Outmaneuver","floor":0.0},{"not_picked":["Poisoned Stab","Outmaneuver"],"picked":"Deflect","floor":0.0},{"not_picked":["AT_WindFlip","Dark Shackles"],"picked":"Finesse","floor":1.0},{"not_picked":["PiercingWail","Dagger Spray"],"picked":"Accuracy","floor":2.0},{"not_picked":["Dagger Spray","Backflip"],"picked":"Madness","floor":5.0},{"not_picked":["Dramatic Entrance","Flying Knee"],"picked":"Blade Dance","floor":7.0},{"not_picked":["Sucker Punch","AT_ThistleTea"],"picked":"AT_WindFlip","floor":10.0},{"not_picked":["Deep Breath","Expertise"],"picked":"Grand Finale+1","floor":12.0},{"not_picked":["Outmaneuver","Dagger Spray+1","Slice+1"],"picked":"SKIP","floor":14.0},{"not_picked":["Phantasmal Killer","Unload+1"],"picked":"Die Die Die+1","floor":16.0},{"not_picked":["All Out Attack+1","Flying Knee+1"],"picked":"Reflex+1","floor":18.0},{"not_picked":["Prepared","Underhanded Strike+1"],"picked":"Concentrate","floor":19.0},{"not_picked":["Dodge and Roll","Prepared+1","Underhanded Strike+1"],"picked":"SKIP","floor":20.0},{"not_picked":["Deep Breath","Backstab+1","Sucker Punch+1"],"picked":"SKIP","floor":21.0},{"not_picked":["Dagger Spray+1","Cloak And Dagger+1","Outmaneuver"],"picked":"SKIP","floor":22.0},{"not_picked":["AT_WindRun","Outmaneuver"],"picked":"Calculated Gamble","floor":24.0},{"not_picked":["Swift Strike+1","Quick Slash+1"],"picked":"After Image","floor":25.0},{"not_picked":["Sucker Punch+1","Dagger Spray+1","Bane+1"],"picked":"SKIP","floor":27.0},{"not_picked":["Caltrops","Trip"],"picked":"Enlightenment","floor":31.0},{"not_picked":["The Bomb","Storm of Steel"],"picked":"AT_BreakingExtremeWeapon","floor":33.0},{"not_picked":["Calculated Gamble","Bouncing Flask","Blade Dance"],"picked":"SKIP","floor":35.0},{"not_picked":["AT_WindFlip+1","Enlightenment+1","Deep Breath"],"picked":"SKIP","floor":36},{"not_picked":["AT_WindFlip+1","Poisoned Stab+1","PanicButton"],"picked":"SKIP","floor":38},{"not_picked":["Deadly Poison+1","Acrobatics+1","Sucker Punch+1"],"picked":"SKIP","floor":39},{"not_picked":["Backstab+1","Poisoned Stab+1","Flying Knee+1"],"picked":"SKIP","floor":40},{"not_picked":["Calculated Gamble+1","Dodge and Roll","Magnetism"],"picked":"SKIP","floor":45},{"not_picked":["Cloak And Dagger+1","Concentrate+1","Prepared"],"picked":"SKIP","floor":46},{"not_picked":["Dagger Spray+1","Crippling Poison"],"picked":"Tactician","floor":47},{"not_picked":["Flying Knee+1","Bane+1"],"picked":"Blur+1","floor":48}],"player_experience":183994,"relics_obtained":[{"floor":9.0,"key":"AT_SilvercatRing"},{"floor":12.0,"key":"Molten Egg 2"},{"floor":24.0,"key":"Boot"},{"floor":26.0,"key":"AT_ImmortalShieldbow"},{"floor":27.0,"key":"Oddly Smooth Stone"},{"floor":40,"key":"AT_RedTearstoneRing"},{"floor":43,"key":"AT_DeathDance"},{"floor":45,"key":"White Beast Statue"},{"floor":47,"key":"AT_EbonyIvory"}],"event_choices":[{"damage_healed":0.0,"max_hp_gain":0.0,"max_hp_loss":0.0,"gold_gain":175.0,"event_name":"Liars Game","player_choice":"AGREE","floor":3.0,"gold_loss":0.0,"damage_taken":0.0,"cards_obtained":["Doubt"]},{"damage_healed":0.0,"max_hp_gain":0.0,"max_hp_loss":0.0,"gold_gain":75.0,"event_name":"World of Goop","player_choice":"Gather Gold","floor":8.0,"gold_loss":0.0,"damage_taken":11.0},{"damage_healed":13.0,"max_hp_gain":0.0,"max_hp_loss":0.0,"gold_gain":0.0,"event_name":"The Library","player_choice":"Heal","floor":30.0,"gold_loss":0.0,"damage_taken":0.0},{"damage_healed":0,"gold_gain":300,"player_choice":"Gold","damage_taken":0,"max_hp_gain":0,"max_hp_loss":0,"event_name":"Wheel of Change","floor":37,"gold_loss":0},{"damage_healed":0,"gold_gain":0,"player_choice":"Memory 1","damage_taken":0,"max_hp_gain":0,"max_hp_loss":0,"event_name":"SensoryStone","floor":44,"gold_loss":0}],"is_beta":true,"boss_relics":[{"not_picked":["Astrolabe","Black Star"],"picked":"Runic Pyramid"},{"not_picked":["HoveringKite","SlaversCollar"],"picked":"Sozu"}],"items_purged_floors":[4,11,13,28,42],"is_endless":false,"potions_floor_spawned":[2,5,14,16,19,24,27,33,35,40,46,47,48],"ascension_level":0}}