{"host":"nh70f3bv2bgakzh3","time":1611480278,"event":{"mods":["BaseMod","Downfall","Minty Spire (QoL Compilation)","StSLib","The Construct","The Mystic"],"gold_per_floor":[99,112,130,65,75,94,94,123,223,223,223,223],"floor_reached":10,"language":"ENG","playtime":701,"items_purged":[],"score":68,"play_id":"e353a639-bd63-4c04-af5b-5957f3c3279a","local_time":"20210124042438","is_ascension_mode":false,"campfire_choices":[{"data":"Magnetism","floor":1,"key":"SMITH"}],"circlet_count":0,"master_deck":["bronze:Strike","bronze:Strike","bronze:Strike","bronze:Strike","bronze:Defend","bronze:Defend","bronze:Defend","bronze:Defend","bronze:Replicate","bronze:Goto","Magnetism+1","bronze:BitShift","bronze:Fortify","bronze:BurnOut","bronze:WildBeam","bronze:CloningBeam","bronze:FineTuning","bronze:NullPointer"],"relics":["bronze:BronzeCore","bronze:CableSpool","Bottled Tornado"],"acts_visited":["Exordium"],"potions_floor_usage":[6,10],"damage_taken":[{"damage":0,"enemies":"2 Louse","floor":2,"turns":3},{"damage":0,"enemies":"Cultist","floor":3,"turns":3},{"damage":10,"enemies":"downfall:FleeingMerchant","floor":4,"turns":4},{"damage":0,"enemies":"Small Slimes","floor":5,"turns":3},{"damage":15,"enemies":"Exordium Thugs","floor":6,"turns":5},{"damage":18,"enemies":"3 Sentries","floor":8,"turns":5},{"damage":22,"enemies":"Lagavulin","floor":10,"turns":3}],"seed_played":"-2929811227960878190","potions_obtained":[{"floor":5,"key":"Strength Potion"},{"floor":6,"key":"FearPotion"}],"is_trial":false,"path_per_floor":["R","M","M","$","M","M","T","E","?","E"],"character_chosen":"THE_AUTOMATON","items_purchased":["bronze:WildBeam"],"campfire_rested":0,"item_purchase_floors":[4],"current_hp_per_floor":[49,49,49,39,39,24,24,6,6,0,0,0],"gold":223,"neow_bonus":"RANDOM_COLORLESS_2","is_daily":false,"chose_seed":false,"campfire_upgraded":1,"win_rate":0.0,"timestamp":1611480278,"path_taken":["R","M","M","$","M","M","T","E","?","E"],"items_purchased_type":["Card"],"build_version":"2020-12-22","purchased_purges":0,"victory":false,"max_hp_per_floor":[70,70,70,70,70,70,70,70,70,70,70,70],"card_choices":[{"not_picked":["The Bomb","Secret Technique"],"picked":"Magnetism","floor":0},{"not_picked":["bronze:Shell","bronze:WhirlingStrike"],"picked":"bronze:BitShift","floor":2},{"not_picked":["bronze:DarkDash","bronze:DelayedSlice"],"picked":"bronze:Fortify","floor":3},{"not_picked":["bronze:Philosophize","bronze:CutThrough"],"picked":"bronze:BurnOut","floor":4},{"not_picked":["bronze:Frontload","bronze:WhirlingStrike"],"picked":"bronze:CloningBeam","floor":5},{"not_picked":["bronze:Repulsor","bronze:Iterate"],"picked":"bronze:FineTuning","floor":6},{"not_picked":["bronze:ChildClass","bronze:Frontload"],"picked":"bronze:NullPointer","floor":8}],"player_experience":61352,"relics_obtained":[{"floor":7,"key":"bronze:CableSpool"},{"floor":8,"key":"Bottled Tornado"}],"event_choices":[{"damage_healed":0,"gold_gain":100,"player_choice":"Gold","damage_taken":0,"max_hp_gain":0,"max_hp_loss":0,"event_name":"Wheel of Change","floor":9,"gold_loss":0}],"is_beta":false,"boss_relics":[],"items_purged_floors":[],"is_endless":false,"potions_floor_spawned":[5,6],"killed_by":"Lagavulin","ascension_level":0}}