{"host":"2yhbarjh4s9lrrzt","time":1611455085,"event":{"mods":["BaseMod","Better Third Choice","Minty Spire (QoL Compilation)","Replay The Spire","StSLib"],"gold_per_floor":[117,135,16,26,26,26,43,43,43,62,90,110,123,137,137,233,233,200,7,7,7,7,7,23,23,23,35,35,54,67,82,82,180,180,194,194,194,46,56,72,4,4,4],"floor_reached":42,"language":"ENG","playtime":4371,"items_purged":[],"score":706,"play_id":"27a71002-aa4a-4fa0-9199-a14032fbfc06","local_time":"20210123212445","is_ascension_mode":false,"campfire_choices":[{"data":"ReplayUltimateDefense","floor":6,"key":"SMITH"},{"data":"Collect","floor":8,"key":"SMITH"},{"floor":15,"key":"REST"},{"floor":23,"key":"REST"},{"floor":32,"key":"REST"}],"circlet_count":0,"master_deck":["Strike_P+1","Strike_P+1","Strike_P+1","Strike_P+1","Defend_P+1","Defend_P+1","Defend_P+1","Defend_P+1","Eruption","Vigilance","Swivel","CarveReality","Secret Weapon","ReplayUltimateDefense+1","Crow Ritual","Collect+1","PathToVictory","Wish","Weave","Meditate","BattleHymn","Replay:Vibes","Establishment","Replay:Hum","ReplayUltimateDefense+1","ThirdEye","ThirdEye","Replay:ManipulateFuture","EmptyMind","BattleHymn+1","ClearTheMind","EmptyMind+1","SpiritShield","PathToVictory+1","Writhe","LessonLearned","Replay:DivineShield","Protect+1","CutThroughFate+1","WreathOfFlame"],"relics":["HolyWater","NeowsBlessing","ReplayTheSpireMod:ShopPack","Garlic","Onion Ring","VioletLotus","DollysMirror"],"acts_visited":["Exordium","TheCity","TheBeyond"],"potions_floor_usage":[11,13,16,25,27,31,33,33,33,40],"damage_taken":[{"damage":0,"enemies":"Small Slimes","floor":1,"turns":1},{"damage":0,"enemies":"Jaw Worm","floor":2,"turns":1},{"damage":0,"enemies":"Cultist","floor":4,"turns":1},{"damage":2,"enemies":"Blue Slaver","floor":7,"turns":6},{"damage":15,"enemies":"3 Louse","floor":10,"turns":5},{"damage":0,"enemies":"Replay:BlueRogue","floor":11,"turns":9},{"damage":2,"enemies":"Looter","floor":12,"turns":3},{"damage":0,"enemies":"2 Fungi Beasts","floor":13,"turns":6},{"damage":14,"enemies":"Gremlin Gang","floor":14,"turns":6},{"damage":27,"enemies":"Slime Boss","floor":16,"turns":8},{"damage":22,"enemies":"2 Thieves","floor":18,"turns":5},{"damage":15,"enemies":"Chosen","floor":24,"turns":6},{"damage":0,"enemies":"Snake Plant","floor":25,"turns":1},{"damage":32,"enemies":"3 Cultists","floor":27,"turns":11},{"damage":1,"enemies":"Centurion and Healer","floor":29,"turns":7},{"damage":6,"enemies":"Chosen and Byrds","floor":30,"turns":9},{"damage":35,"enemies":"Sentry and Sphere","floor":31,"turns":7},{"damage":16,"enemies":"Pondfish","floor":33,"turns":15},{"damage":17,"enemies":"3 Shapes","floor":35,"turns":6},{"damage":5,"enemies":"Orb Walker","floor":39,"turns":5},{"damage":9,"enemies":"Jaw Worm Horde","floor":40,"turns":6},{"damage":80,"enemies":"Transient","floor":42,"turns":5}],"seed_played":"-2112055443313447189","potions_obtained":[{"floor":1,"key":"PowerPotion"},{"floor":7,"key":"Cursed Concoction"},{"floor":13,"key":"Fruit Juice"},{"floor":16,"key":"Elixir"},{"floor":18,"key":"ColorlessPotion"},{"floor":24,"key":"SmokeBomb"},{"floor":29,"key":"Block Potion"},{"floor":30,"key":"Venom Potion"},{"floor":31,"key":"SneckoOil"},{"floor":39,"key":"BottledMiracle"}],"is_trial":false,"path_per_floor":["M","M","$","M","$","R","M","R","T","M","E","M","M","M","R","B",null,"M","$","?","?","$","R","M","M","T","M","?","M","M","M","R","B",null,"M","?","?","$","M","M","$","M"],"character_chosen":"WATCHER","items_purchased":["ReplayTheSpireMod:ShopPack","DollysMirror","ThirdEye","LessonLearned","Replay:DivineShield","WreathOfFlame"],"campfire_rested":3,"item_purchase_floors":[3,19,19,38,38,41],"current_hp_per_floor":[72,72,72,72,72,72,70,70,70,55,55,53,58,44,67,40,77,55,55,55,55,55,77,62,62,62,30,77,76,70,35,58,42,77,60,60,77,77,72,63,63,0,0],"gold":4,"neow_bonus":"THREE_ENEMY_KILL","is_daily":false,"chose_seed":false,"campfire_upgraded":2,"win_rate":0.0,"timestamp":1611455085,"path_taken":["M","M","$","M","$","R","M","R","T","M","E","M","M","M","R","BOSS","M","$","?","?","$","R","M","M","T","?","?","M","M","M","R","BOSS","M","?","?","$","M","M","$","M"],"items_purchased_type":["Relic","Relic","Card","Card","Card","Card"],"build_version":"2020-12-22","purchased_purges":0,"victory":false,"max_hp_per_floor":[72,72,72,72,72,72,72,72,72,72,72,72,77,77,77,77,77,77,77,77,77,77,77,77,77,77,77,77,77,77,77,77,77,77,77,77,77,77,77,77,77,77,77],"card_choices":[{"not_picked":["Perseverance","CutThroughFate"],"picked":"Swivel","floor":1},{"not_picked":["ClearTheMind","Replay:BluntJabs"],"picked":"CarveReality","floor":2},{"not_picked":["ReplayTheSpireMod:Necrogeddon","Panache"],"picked":"Secret Weapon","floor":3},{"not_picked":["Discovery","PanicButton"],"picked":"ReplayUltimateDefense","floor":3},{"not_picked":["Bandage Up","Good Instincts"],"picked":"Crow Ritual","floor":3},{"not_picked":["ThirdEye","Protect"],"picked":"Collect","floor":4},{"not_picked":["ForeignInfluence","ClearTheMind"],"picked":"PathToVictory","floor":7},{"not_picked":["EmptyFist","CrushJoints"],"picked":"Wish","floor":10},{"not_picked":["CarveReality","FollowUp"],"picked":"Weave","floor":11},{"not_picked":["FollowUp","ClearTheMind"],"picked":"Meditate","floor":12},{"not_picked":["FlyingSleeves","Perseverance"],"picked":"BattleHymn","floor":13},{"not_picked":["JustLucky","BowlingBash"],"picked":"Replay:Vibes","floor":14},{"not_picked":["Vault","Alpha"],"picked":"Establishment","floor":16},{"not_picked":["Indignation","Protect"],"picked":"Replay:Hum","floor":18},{"not_picked":["SignatureMove+1","JustLucky"],"picked":"Replay:ManipulateFuture","floor":24},{"not_picked":["CutThroughFate","Wish"],"picked":"EmptyMind","floor":27},{"not_picked":["EmptyFist","Consecrate+1"],"picked":"BattleHymn+1","floor":29},{"not_picked":["FlurryOfBlows","ThirdEye"],"picked":"ClearTheMind","floor":30},{"not_picked":["PathToVictory","EmptyBody"],"picked":"EmptyMind+1","floor":31},{"not_picked":["Devotion","Blasphemy"],"picked":"SpiritShield","floor":33},{"not_picked":["WindmillStrike+1","Crescendo+1"],"picked":"PathToVictory+1","floor":35},{"not_picked":["JustLucky","Swivel"],"picked":"Protect+1","floor":39},{"not_picked":["Adaptation","Crescendo+1"],"picked":"CutThroughFate+1","floor":40}],"player_experience":237752,"relics_obtained":[{"floor":9,"key":"Garlic"},{"floor":11,"key":"Onion Ring"}],"event_choices":[{"damage_healed":0,"gold_gain":0,"player_choice":"Simplicity","damage_taken":0,"max_hp_gain":0,"max_hp_loss":8,"event_name":"betterThird:BetterWriting","floor":20,"gold_loss":0},{"damage_healed":47,"gold_gain":0,"player_choice":"Full Heal","damage_taken":0,"max_hp_gain":0,"max_hp_loss":0,"event_name":"Wheel of Change","floor":28,"gold_loss":0},{"damage_healed":0,"gold_gain":0,"player_choice":"Ignored","damage_taken":0,"max_hp_gain":0,"max_hp_loss":0,"event_name":"Tomb of Lord Red Mask","floor":36,"gold_loss":0},{"damage_healed":19,"gold_gain":0,"player_choice":"Writhe","damage_taken":0,"max_hp_gain":0,"max_hp_loss":0,"event_name":"Winding Halls","floor":37,"gold_loss":0,"cards_obtained":["Writhe"]}],"is_beta":false,"boss_relics":[{"not_picked":["Cursed Key","Replay:Wanted Poster"],"picked":"VioletLotus"},{"not_picked":["Snecko Eye","Kintsugi"],"picked":"HolyWater"}],"items_purged_floors":[],"is_endless":false,"potions_floor_spawned":[1,7,13,16,18,24,29,30,31,39],"killed_by":"Transient","ascension_level":0}}