{"host":"c3lc60y5x60jlt1y","time":1611508740,"event":{"mods":["AchievementEnabler","BaseMod","Bestiary","Colored Map","Minty Spire (QoL Compilation)","Quick Restart","StSLib","ojb\u0027s Info Mod"],"gold_per_floor":[112,131,103,178,103,103,128,128,128,158,169,169,40,54,54,54,54],"floor_reached":16,"language":"ENG","playtime":779,"items_purged":["Parasite"],"score":216,"play_id":"1cf7bd79-609d-4ff5-930e-c8b1a4cde450","local_time":"20210124191900","is_ascension_mode":true,"campfire_choices":[{"data":"Reboot","floor":6,"key":"SMITH"},{"data":"Sweeping Beam","floor":8,"key":"SMITH"},{"floor":15,"key":"REST"}],"circlet_count":0,"master_deck":["AscendersBane","Strike_B","Strike_B","Strike_B","Defend_B","Defend_B","Defend_B","Defend_B","Zap","Dualcast","Reboot+1","Sweeping Beam+1","Consume","Hologram","Undo","Leap","Go for the Eyes","Beam Cell","Ball Lightning"],"relics":["Cracked Core","Sundial","Eternal Feather","Boot"],"acts_visited":["Exordium"],"potions_floor_usage":[7,10,14,16],"damage_taken":[{"damage":4,"enemies":"Small Slimes","floor":1,"turns":3},{"damage":0,"enemies":"2 Louse","floor":2,"turns":3},{"damage":31,"enemies":"Lagavulin","floor":7,"turns":8},{"damage":8,"enemies":"Gremlin Nob","floor":10,"turns":3},{"damage":7,"enemies":"Jaw Worm","floor":11,"turns":2},{"damage":17,"enemies":"Red Slaver","floor":14,"turns":5},{"damage":30,"enemies":"Slime Boss","floor":16,"turns":5}],"seed_played":"1814998534559656633","potions_obtained":[{"floor":2,"key":"BlessingOfTheForge"},{"floor":7,"key":"FearPotion"},{"floor":11,"key":"PowerPotion"},{"floor":14,"key":"Explosive Potion"}],"is_trial":false,"path_per_floor":["M","M","$","?","?","R","E","R","T","E","M","?","$","M","R","B"],"character_chosen":"DEFECT","items_purchased":["Hologram","Beam Cell"],"campfire_rested":1,"item_purchase_floors":[3,13],"current_hp_per_floor":[60,60,60,49,49,49,18,18,18,10,3,19,19,2,29,0,0],"gold":54,"neow_bonus":"THREE_RARE_CARDS","is_daily":false,"chose_seed":false,"campfire_upgraded":2,"win_rate":0.0,"timestamp":1611508740,"path_taken":["M","M","$","?","?","R","E","R","T","E","M","?","$","M","R","BOSS"],"items_purchased_type":["Card","Card"],"build_version":"2020-12-22","purchased_purges":1,"victory":false,"max_hp_per_floor":[64,64,64,64,64,64,64,64,64,64,64,64,61,61,61,61,61],"card_choices":[{"not_picked":["Meteor Strike","Buffer"],"picked":"Reboot","floor":0},{"not_picked":["Leap","Cold Snap"],"picked":"Sweeping Beam","floor":1},{"not_picked":["Reinforced Body","Steam Power"],"picked":"Consume","floor":2},{"not_picked":["Ball Lightning","Sweeping Beam"],"picked":"Undo","floor":7},{"not_picked":["Undo","Tempest"],"picked":"Leap","floor":10},{"not_picked":["Gash","Leap"],"picked":"Go for the Eyes","floor":11},{"not_picked":["Rebound","Reinforced Body"],"picked":"Ball Lightning","floor":14}],"player_experience":8499947,"relics_obtained":[{"floor":7,"key":"Sundial"},{"floor":9,"key":"Eternal Feather"},{"floor":10,"key":"Boot"}],"event_choices":[{"damage_healed":0,"gold_gain":75,"player_choice":"Gather Gold","damage_taken":11,"max_hp_gain":0,"max_hp_loss":0,"event_name":"World of Goop","floor":4,"gold_loss":0},{"cards_removed":["Strike_B"],"damage_healed":0,"gold_gain":0,"player_choice":"Card Removal","damage_taken":0,"max_hp_gain":0,"max_hp_loss":0,"event_name":"The Cleric","floor":5,"gold_loss":75},{"damage_healed":16,"gold_gain":0,"player_choice":"Healed and dodged fight","damage_taken":0,"max_hp_gain":0,"max_hp_loss":0,"event_name":"Mushrooms","floor":12,"gold_loss":0,"cards_obtained":["Parasite"]}],"is_beta":false,"boss_relics":[],"items_purged_floors":[13],"is_endless":false,"potions_floor_spawned":[2,7,11,14],"killed_by":"Slime Boss","ascension_level":20}}