{"host":"q1ejl7hv5l3527la","time":1611464748,"event":{"mods":["Aspiration","BaseMod","Better Altar","Better Third Choice","Colored Powertips","Downfall","Energized Spire","Evolution","Highlight Path","Infinite Spire","Jorbs\u0027s Wanderer Trilogy","Minty Spire (QoL Compilation)","Replay The Spire","Shop Mod","StSLib","The Hierophant","The Juggle"],"gold_per_floor":[116,116,116,134,134,161,161,187,187,36,50,69,69,95,95,194,194,194,119,119,119,26,26,26,26,26,26,26,26,26,26,26,26,26,26,26,26,0,0,0,0,0,0,0,0,0,0,0,0,0],"floor_reached":51,"language":"ENG","playtime":3764,"items_purged":["Injury"],"score":956,"play_id":"dcee86c6-3a1e-4a91-b86f-9276c6accb7a","local_time":"20210123230548","is_ascension_mode":false,"campfire_choices":[{"floor":7,"key":"REST"},{"floor":15,"key":"REST"},{"floor":32,"key":"REST"},{"floor":40,"key":"REST"},{"floor":42,"key":"REST"},{"floor":45,"key":"DIG"},{"floor":49,"key":"REST"}],"circlet_count":0,"master_deck":["Strike_G","Strike_G","Strike_G","Strike_G+1","Defend_G","Defend_G","Defend_G","Defend_G","Defend_G","Survivor","Neutralize","Outmaneuver","Cloak And Dagger+1","Noxious Fumes","Quick Slash","Pot Of Greed+1","Pot Of Greed+1","Terror+1","Terror+1","Dramatic Entrance","Acrobatics+1","Noxious Fumes","Storm of Steel+1","Cloak And Dagger+1","Pot Of Greed+1","Envenom","Catalyst+1","Mind Blast","Flying Knee","Outmaneuver+1","Hidden Blade+1","Accuracy","Slice","After Image","Accuracy+1","Sucker Punch","Dodge and Roll+1","Pot Of Greed+1","Blade Dance+1","Finisher+1"],"relics":["EVO:Axolotl","SlaversCollar","Toxic Egg 2","Replay:Rubber Ducky","Strawberry","InkBottle","Grinning Jar","Replay:Baseball","Ectoplasm","aspiration:ArtOfWarUpgrade","Ornamental Fan","infinitespire:EvilPickle","energizedSpire:MagnifyingGlass","Shovel","Red Mask","Ring of Fury","Basket Of Snakes","Lantern"],"acts_visited":["Exordium","TheCity","TheBeyond"],"potions_floor_usage":[8,23,27,27,36,47,50],"damage_taken":[{"damage":4,"enemies":"Cultist","floor":1,"turns":5},{"damage":5,"enemies":"Small Slimes","floor":4,"turns":5},{"damage":0,"enemies":"Replay:BlueRogue","floor":6,"turns":8},{"damage":27,"enemies":"Gremlin Nob","floor":8,"turns":4},{"damage":3,"enemies":"Jaw Worm","floor":11,"turns":3},{"damage":2,"enemies":"2 Fungi Beasts","floor":12,"turns":2},{"damage":1,"enemies":"Lagavulin","floor":14,"turns":4},{"damage":0,"enemies":"Slime Boss","floor":16,"turns":4},{"damage":10,"enemies":"Spheric Guardian","floor":18,"turns":4},{"damage":25,"enemies":"Book of Stabbing","floor":23,"turns":5},{"damage":19,"enemies":"Chosen","floor":24,"turns":5},{"damage":2,"enemies":"Centurion and Healer","floor":27,"turns":4},{"damage":9,"enemies":"Shelled Parasite and Fungi","floor":29,"turns":3},{"damage":19,"enemies":"Colosseum Slavers","floor":30,"turns":3},{"damage":0,"enemies":"Chosen and Byrds","floor":31,"turns":4},{"damage":7,"enemies":"Pondfish","floor":33,"turns":5},{"damage":4,"enemies":"Orb Walker","floor":35,"turns":3},{"damage":43,"enemies":"2 Orb Walkers","floor":36,"turns":6},{"damage":7,"enemies":"3 Shapes","floor":37,"turns":4},{"damage":21,"enemies":"Transient","floor":47,"turns":5},{"damage":0,"enemies":"Jaw Worm Horde","floor":48,"turns":2},{"damage":8,"enemies":"Donu and Deca","floor":50,"turns":6}],"seed_played":"7033094234126737538","potions_obtained":[{"floor":6,"key":"champ:CounterPotion"},{"floor":16,"key":"SteroidPotion"},{"floor":18,"key":"BlessingOfTheForge"},{"floor":24,"key":"Energy Potion"},{"floor":35,"key":"Weak Potion"},{"floor":37,"key":"ColorlessPotion"},{"floor":47,"key":"Dexterity Potion"}],"is_trial":false,"path_per_floor":["M","?","?","M","?","E","R","E","T","$","M","M","?","E","R","B",null,"M","$","?","?","$","E","M","R","T","M","R","M","?","M","R","B",null,"M","?","M","?","$","R","?","R","T","?","R","$","M","M","R","B",null],"character_chosen":"THE_SILENT","items_purchased":["Terror+1","Dramatic Entrance","Mind Blast"],"campfire_rested":6,"item_purchase_floors":[10,10,22],"current_hp_per_floor":[66,66,66,61,58,65,77,50,50,50,47,45,45,44,67,67,77,67,67,77,77,77,52,33,33,33,31,31,22,3,3,26,19,77,73,30,23,23,23,46,46,69,69,69,69,69,48,48,69,61],"gold":0,"neow_bonus":"BOSS_RELIC","is_daily":false,"chose_seed":false,"campfire_upgraded":0,"win_rate":0.0,"timestamp":1611464748,"path_taken":["M","?","?","M","?","E","R","E","T","$","M","M","?","E","R","BOSS","M","$","?","?","$","E","M","R","T","?","R","M","?","M","R","BOSS","M","?","M","?","?","R","?","R","T","?","R","$","?","M","R","BOSS"],"items_purchased_type":["Card","Card","Card"],"build_version":"2020-12-22","purchased_purges":1,"victory":true,"max_hp_per_floor":[70,70,70,70,70,77,77,77,77,77,77,77,77,77,77,77,77,77,77,77,77,77,77,77,77,77,77,77,77,77,77,77,77,77,77,77,77,77,77,77,77,77,77,73,73,73,73,73,73,73],"card_choices":[{"not_picked":["Draining Mist","Calculated Gamble"],"picked":"Outmaneuver","floor":1},{"not_picked":["Riddle With Holes","Slice"],"picked":"Cloak And Dagger+1","floor":4},{"not_picked":["Eviscerate","Finisher"],"picked":"Noxious Fumes","floor":6},{"not_picked":["Hidden Blade+1","Sneak Up+1"],"picked":"Quick Slash","floor":8},{"not_picked":["Expertise+1","PiercingWail+1"],"picked":"Acrobatics+1","floor":11},{"not_picked":["Bane","Prepared+1"],"picked":"Noxious Fumes","floor":12},{"not_picked":["Underhanded Strike","Tools of the Trade"],"picked":"Cloak And Dagger+1","floor":14},{"not_picked":["Tools of the Trade","Poison Darts+1"],"picked":"Envenom","floor":16},{"not_picked":["Leg Sweep+1","PiercingWail+1"],"picked":"Catalyst+1","floor":18},{"not_picked":["ReplayTheSpireMod:Exploit Weakness+1","Corpse Explosion+1"],"picked":"Flying Knee","floor":23},{"not_picked":["Hidden Blade+1","Prepared+1"],"picked":"Outmaneuver+1","floor":24},{"not_picked":["Outmaneuver+1","Poison Darts+1"],"picked":"Hidden Blade+1","floor":27},{"not_picked":["Cloak And Dagger+1","Prepared+1"],"picked":"Accuracy","floor":29},{"not_picked":["Hidden Blade+1","Dash+1"],"picked":"Slice","floor":31},{"not_picked":["Burst+1","infinitespire:Neurotoxin+1"],"picked":"After Image","floor":33},{"not_picked":["PiercingWail+1","Dagger Throw+1"],"picked":"Accuracy+1","floor":35},{"not_picked":["Deadly Poison+1","Storm of Steel+1"],"picked":"Sucker Punch","floor":36},{"not_picked":["Backflip+1","Quick Slash+1"],"picked":"Dodge and Roll+1","floor":37},{"not_picked":["Reflex+1","Quick Slash+1"],"picked":"Blade Dance+1","floor":47},{"not_picked":["Backstab","Crippling Poison+1"],"picked":"Finisher+1","floor":48}],"player_experience":105461,"relics_obtained":[{"floor":6,"key":"Strawberry"},{"floor":8,"key":"InkBottle"},{"floor":9,"key":"Grinning Jar"},{"floor":14,"key":"Replay:Baseball"},{"floor":23,"key":"Art of War"},{"floor":26,"key":"Ornamental Fan"},{"floor":36,"key":"Shovel"},{"floor":41,"key":"Ring of Fury"},{"floor":43,"key":"Basket Of Snakes"},{"floor":45,"key":"Lantern"}],"event_choices":[{"damage_healed":0,"gold_gain":0,"player_choice":"Relic ","damage_taken":3,"max_hp_gain":0,"max_hp_loss":0,"event_name":"betterThird:BetterScrap","floor":5,"gold_loss":0,"cards_obtained":["Juggernaut"]},{"damage_healed":25,"gold_gain":0,"player_choice":"Heal","damage_taken":0,"max_hp_gain":0,"max_hp_loss":0,"event_name":"The Library","floor":20,"gold_loss":0},{"damage_healed":0,"gold_gain":0,"player_choice":"Ignored","damage_taken":0,"max_hp_gain":0,"max_hp_loss":0,"event_name":"NoteForYourself","floor":21,"gold_loss":0},{"damage_healed":0,"gold_gain":0,"player_choice":"Fight","damage_taken":0,"max_hp_gain":0,"max_hp_loss":0,"event_name":"Colosseum","floor":30,"gold_loss":0},{"damage_healed":0,"gold_gain":0,"player_choice":"Fled From Nobs","damage_taken":0,"max_hp_gain":0,"max_hp_loss":0,"event_name":"Colosseum","floor":30,"gold_loss":0},{"damage_healed":0,"gold_gain":0,"player_choice":"Fight","damage_taken":0,"max_hp_gain":0,"max_hp_loss":0,"event_name":"Mysterious Sphere","floor":36,"gold_loss":0},{"damage_healed":0,"gold_gain":0,"player_choice":"Paid","damage_taken":0,"relics_obtained":["Red Mask"],"max_hp_gain":0,"max_hp_loss":0,"event_name":"Tomb of Lord Red Mask","floor":38,"gold_loss":26},{"damage_healed":0,"gold_gain":0,"player_choice":"Max HP","damage_taken":0,"max_hp_gain":0,"max_hp_loss":4,"event_name":"Winding Halls","floor":44,"gold_loss":0}],"is_beta":false,"boss_relics":[{"not_picked":["infinitespire:Cupcake","energizedSpire:CursedPentagram"],"picked":"Ectoplasm"},{"not_picked":["Snecko Scales","Coffee Dripper"],"picked":"energizedSpire:MagnifyingGlass"}],"items_purged_floors":[19],"is_endless":false,"potions_floor_spawned":[6,16,18,24,30,35,37,47],"ascension_level":0}}