{"host":"8d3fefv2347kqkpz","time":1611524540,"event":{"mods":["AchievementEnabler","Act Like it!","Aspiration","BaseMod","Better Vampires","Colored Map","Colored Powertips","Conspire","GifTheSpireLib","Hermit","Highlight Path","Hubris","Marisa£®ÏF”Í°°ƒß¿Ì…≥£©","Mimic Mod","Minty Spire (QoL Compilation)","Quick Restart","Rare Cards Sparkle","Reimu£®≤©¿ˆ¡È√Œ£©","Relic Stats","Remilia£®¿Ÿ√◊¿Ú—«£©","Replay The Spire","Spicy Shops","StSLib","The Cursed","The Jungle","The Servant 0.9.4","Waifu the Spire","Youmu£®ªÍ∆«—˝√Œ£©"],"gold_per_floor":[114,128,141,141,160,160,187,67,67,67,84,139,154,174,174,272,272,283,303,14,30,30,30,30,30,30],"floor_reached":25,"language":"ZHS","playtime":1262,"items_purged":["hermit:Strike_Hermit"],"score":205,"play_id":"802d60ce-ef15-49a5-9915-4919f85c41f0","local_time":"20210125054220","is_ascension_mode":false,"campfire_choices":[{"data":"hermit:Snapshot","floor":6.0,"key":"SMITH"},{"floor":10,"key":"REST"},{"floor":15,"key":"REST"},{"floor":23,"key":"REST"}],"circlet_count":0,"master_deck":["hermit:Strike_Hermit","hermit:Strike_Hermit","hermit:Defend_Hermit","hermit:Defend_Hermit","hermit:Defend_Hermit","hermit:Defend_Hermit","hermit:Snapshot+1","hermit:Covet","hermit:Snipe","hermit:Deadeye","hermit:Vantage","hermit:Dissolve","hermit:CursedWeapon","hermit:Headshot","hermit:TakeAim","hermit:EyeOfTheStorm","hermit:WideOpen","hermit:Gambit","hermit:BigShot","hermit:ShadowCloak"],"relics":["hermit:Momento","Shuriken","Matryoshka","Mastiff:ReiMu","Toy Ornithopter","Black Star","PreservedInsect"],"acts_visited":["Exordium","TheCity"],"potions_floor_usage":[16,21,21],"damage_taken":[{"damage":3.0,"enemies":"Jaw Worm","floor":1.0,"turns":3.0},{"damage":0.0,"enemies":"Cultist","floor":2.0,"turns":4.0},{"damage":6.0,"enemies":"2 Louse","floor":3.0,"turns":2.0},{"damage":7.0,"enemies":"Exordium Thugs","floor":5.0,"turns":5.0},{"damage":41,"enemies":"Replay:BlueRogue","floor":7,"turns":8},{"damage":12,"enemies":"3 Louse","floor":11,"turns":4},{"damage":3,"enemies":"Red Slaver","floor":13,"turns":2},{"damage":15,"enemies":"Exordium Wildlife","floor":14,"turns":7},{"damage":50,"enemies":"Hexaghost","floor":16,"turns":11},{"damage":12,"enemies":"Spheric Guardian","floor":18,"turns":4},{"damage":5,"enemies":"Chosen","floor":19,"turns":5},{"damage":56,"enemies":"3 Cultists","floor":21,"turns":8},{"damage":46,"enemies":"Cultist and Chosen","floor":25,"turns":8}],"seed_played":"1975763447248643460","potions_obtained":[{"floor":5.0,"key":"ColorlessPotion"},{"floor":7,"key":"hermit:Tonic"},{"floor":11,"key":"AttackPotion"},{"floor":24,"key":"Cursed Concoction"},{"floor":24,"key":"SmokeBomb"},{"floor":24,"key":"Doom Potion"}],"is_trial":false,"path_per_floor":["M","M","M","?","M","R","E","$","T","R","M","T","M","M","R","B",null,"M","M","$","M","?","R","?","M"],"character_chosen":"HERMIT","items_purchased":["hermit:Headshot","hermit:TakeAim","hermit:ShadowCloak","PreservedInsect"],"campfire_rested":3,"item_purchase_floors":[8,8,20,20],"current_hp_per_floor":[79,79,73,81,74,74,33,33,33,57,45,45,42,27,51,6,82,70,65,65,19,19,43,43,0,0],"gold":30,"neow_bonus":"TEN_PERCENT_HP_BONUS","is_daily":false,"chose_seed":false,"campfire_upgraded":1,"win_rate":0.0,"timestamp":1611524540,"path_taken":["M","M","M","?","M","R","E","$","T","R","?","?","M","M","R","BOSS","M","M","$","M","?","R","?","?"],"items_purchased_type":["Card","Card","Card","Relic"],"build_version":"2020-12-22","purchased_purges":1,"victory":false,"max_hp_per_floor":[82,82,82,82,82,82,82,82,82,82,82,82,82,82,82,82,82,82,82,82,82,82,82,82,82,82],"relic_stats":{"counters":[13,71],"Shuriken":[13],"PreservedInsect":0,"Black Star":0,"obtain_stats":[{"Matryoshka":9,"Shuriken":7,"Mastiff:ReiMu":12,"PreservedInsect":20,"Black Star":17,"hermit:Momento":0,"Toy Ornithopter":12},{"Matryoshka":5,"Shuriken":5,"Mastiff:ReiMu":6,"PreservedInsect":11,"Black Star":9,"hermit:Momento":0,"Toy Ornithopter":6},{"Matryoshka":22,"Shuriken":22,"Mastiff:ReiMu":26,"PreservedInsect":55,"Black Star":46,"hermit:Momento":0,"Toy Ornithopter":26}],"Toy Ornithopter":15},"card_choices":[{"not_picked":["hermit:Ricochet","hermit:Quickdraw"],"picked":"hermit:Snipe","floor":1.0},{"not_picked":["hermit:EyeOfTheStorm","hermit:Virtue"],"picked":"hermit:Deadeye","floor":2.0},{"not_picked":["hermit:CursedWeapon","hermit:Feint"],"picked":"hermit:Vantage","floor":3.0},{"not_picked":["hermit:Desperado","hermit:Virtue"],"picked":"hermit:Dissolve","floor":5.0},{"not_picked":["hermit:Glare","hermit:CalledShot"],"picked":"hermit:CursedWeapon","floor":7},{"not_picked":["hermit:Desperado","hermit:Virtue"],"picked":"hermit:EyeOfTheStorm","floor":11},{"not_picked":["hermit:HighCaliber","hermit:BodyArmor","hermit:Roulette"],"picked":"SKIP","floor":13},{"not_picked":["hermit:BodyArmor","hermit:TrackingShot"],"picked":"hermit:WideOpen","floor":14},{"not_picked":["hermit:Dissolve","hermit:HighNoon"],"picked":"hermit:Gambit","floor":16},{"not_picked":["hermit:TrackingShot","hermit:HoleUp","hermit:CalledShot+1"],"picked":"SKIP","floor":18},{"not_picked":["hermit:HoleUp+1","hermit:Spite"],"picked":"hermit:BigShot","floor":19},{"not_picked":["hermit:Vantage","hermit:HoleUp","hermit:SprayPray"],"picked":"SKIP","floor":21}],"player_experience":180740,"relics_obtained":[{"floor":7,"key":"Shuriken"},{"floor":9,"key":"Matryoshka"},{"floor":12,"key":"Mastiff:ReiMu"},{"floor":12,"key":"Toy Ornithopter"}],"event_choices":[{"cards_removed":["hermit:Strike_Hermit"],"damage_healed":0,"gold_gain":0,"player_choice":"Elegance","damage_taken":0,"max_hp_gain":0,"max_hp_loss":0,"event_name":"Back to Basics","floor":22,"gold_loss":0},{"damage_healed":0,"gold_gain":0,"player_choice":"Got Potions","damage_taken":0,"max_hp_gain":0,"max_hp_loss":0,"event_name":"Lab","floor":24,"gold_loss":0}],"is_beta":false,"boss_relics":[{"not_picked":["hubris:BlackHole","Replay:Fungal Core"],"picked":"Black Star"}],"items_purged_floors":[20],"is_endless":false,"potions_floor_spawned":[5,7,11,14],"killed_by":"Cultist and Chosen","ascension_level":0}}