{"host":"g8ufh7m4frdlkxwv","time":1611452684,"event":{"mods":["AchievementEnabler","BaseMod","Colored Map","Dark Map","Minty Spire (QoL Compilation)","Relic Stats","StSLib","ojb\u0027s Info Mod"],"gold_per_floor":[109,109,120,169,188,188,188],"floor_reached":6,"language":"ENG","playtime":159,"items_purged":[],"score":72,"play_id":"5f321974-0254-40dc-9210-2d4cb70ce5ef","local_time":"20210124024444","is_ascension_mode":true,"campfire_choices":[],"circlet_count":0,"master_deck":["AscendersBane","Strike_G","Strike_G","Strike_G","Strike_G","Strike_G","Defend_G","Defend_G","Defend_G","Defend_G","Defend_G","Survivor","Neutralize","Masterful Stab","Leg Sweep"],"relics":["Ring of the Snake","NeowsBlessing","PreservedInsect","Blood Vial"],"acts_visited":["Exordium"],"potions_floor_usage":[],"damage_taken":[{"damage":0,"enemies":"2 Louse","floor":1,"turns":1},{"damage":0,"enemies":"Cultist","floor":3,"turns":1},{"damage":0,"enemies":"Jaw Worm","floor":5,"turns":1},{"damage":31,"enemies":"Lagavulin","floor":6,"turns":11}],"seed_played":"-7399682675230730288","potions_obtained":[],"is_trial":false,"path_per_floor":["M","?","M","T","M","E"],"character_chosen":"THE_SILENT","items_purchased":[],"campfire_rested":0,"item_purchase_floors":[],"current_hp_per_floor":[59,59,59,59,61,32,32],"gold":188,"neow_bonus":"THREE_ENEMY_KILL","is_daily":false,"chose_seed":false,"campfire_upgraded":0,"win_rate":0.0,"timestamp":1611452684,"path_taken":["M","?","?","?","M","E"],"items_purchased_type":[],"build_version":"2020-12-22","purchased_purges":0,"victory":false,"max_hp_per_floor":[66,66,66,66,66,66,66],"relic_stats":{"Blood Vial":4,"counters":[4,14],"PreservedInsect":36,"obtain_stats":[{"Blood Vial":4,"NeowsBlessing":0,"PreservedInsect":2,"Ring of the Snake":0},{"Blood Vial":2,"NeowsBlessing":0,"PreservedInsect":1,"Ring of the Snake":0},{"Blood Vial":2,"NeowsBlessing":0,"PreservedInsect":1,"Ring of the Snake":0}],"Ring of the Snake":[8]},"card_choices":[{"not_picked":["Dodge and Roll","Bane"],"picked":"All Out Attack","floor":1},{"not_picked":["Accuracy","Bouncing Flask"],"picked":"Masterful Stab","floor":3},{"not_picked":["Slice","Backflip"],"picked":"Leg Sweep","floor":5}],"player_experience":1090004,"relics_obtained":[{"floor":4,"key":"Blood Vial"}],"event_choices":[{"cards_removed":["All Out Attack"],"damage_healed":0,"gold_gain":0,"player_choice":"Gave Card","damage_taken":0,"relics_obtained":["PreservedInsect"],"max_hp_gain":0,"max_hp_loss":0,"event_name":"WeMeetAgain","floor":2,"gold_loss":0}],"is_beta":false,"boss_relics":[],"items_purged_floors":[],"is_endless":false,"potions_floor_spawned":[],"killed_by":"Lagavulin","ascension_level":20}}