{"host":"htqwg582tjjtn9p7","time":1611484103,"event":{"mods":["2.2 Compatiblity","AchievementEnabler","Act Like it!","Aspiration","BaseMod","Better Third Choice","Colored Map","Conspire","Curses Come First","Displayed Cursed Tome","Energized Spire","Force Act Four","Fox Events","GifTheSpireLib","Hermit","Highlight Path","JesterMod","Mad Scientist","Minty Spire (QoL Compilation)","Pale of the Ancients","Permanent Neow","Random Character Button","Relic Stats","Replay The Spire","Robot Space Explorer","Somnambulant","Spicy Shops","Spikes Relics","StSLib","Stuff the Spire","The Blue Laboratory","The Bug Knight","The Forsaken","The Gatherer","The Judge","The Jungle","The Marked","The Runesmith","The Servant 0.9.4","Uncapped"],"gold_per_floor":[115,3,21,37,54,54,84,96,120,130,130,144,144,144,144,223,223,233,117,117,131,145,145,165,36,105,105,115,133,13,13,13,84,84,97,97,97,97,97,97,97,97,127,140,140,140,169,169,189,48,48,48,66,66,90,159,159,175,175,24,24,24,24],"floor_reached":62,"language":"ENG","playtime":2403,"items_purged":["Strike_G","Writhe"],"score":1393,"play_id":"17bd2c71-fba2-4eaf-974a-fd94899ce6f5","local_time":"20210124112823","is_ascension_mode":true,"campfire_choices":[{"data":"ReplayTheSpireMod:Scrap Shanks","floor":6,"key":"SMITH"},{"floor":11,"key":"REST"},{"data":"Calculated Gamble","floor":15,"key":"SMITH"},{"floor":23,"key":"REST"},{"data":"StuffTheSpire:Harmony","floor":27,"key":"SMITH"},{"floor":32,"key":"REST"},{"data":"After Image","floor":42,"key":"SMITH"},{"floor":48,"key":"REST"},{"floor":51,"key":"REST"},{"data":"Neutralize","floor":57,"key":"SMITH"},{"floor":59,"key":"REST"}],"circlet_count":0,"master_deck":["AscendersBane","Strike_G","Strike_G","Strike_G","Strike_G","Defend_G","Defend_G","Defend_G","Defend_G","Defend_G+1","Survivor+1","Neutralize+1","Dagger Spray","ReplayTheSpireMod:Scrap Shanks+1","Hidden Blade","Backstab","Sucker Punch","Calculated Gamble+1","Reflex","StuffTheSpire:Injection","Storm of Steel","Acrobatics+1","StuffTheSpire:Harmony+1","Blade Dance+1","StuffTheSpire:Shiver","Accuracy","Accuracy","PiercingWail","Slice","Blur+1","Endless Agony+1","After Image+1","Slice","StuffTheSpire:BrainWave","Prepared+1","Deflect+1","StuffTheSpire:Sprint+1","ReplayTheSpireMod:Speed Training+1","Deflect+1","Deflect+1"],"relics":["StuffTheSpire:OccultApparatus","Unceasing Top","Pocketwatch","War Paint","aspiration:FetidBarrel","energizedSpire:DeadBattery","HollowMod:StagPassRelic","Runesmith:AutoHammer","energizedSpire:PogoStick","Singing Bowl","CeramicFish","Kunai","paleoftheancients:Timepiece","Gremlin Horn","CultistMask","paleoftheancients:SoulOfTheWokeBloke","Counterbalance"],"acts_visited":["Exordium","TheCity","TheBeyond","TheBeyond"],"potions_floor_usage":[7,12,29,33,33,35,44,54,62],"damage_taken":[{"damage":0,"enemies":"2 Louse","floor":1,"turns":3},{"damage":0,"enemies":"Jaw Worm","floor":3,"turns":6},{"damage":1,"enemies":"conspire:RoseBush","floor":4,"turns":5},{"damage":16,"enemies":"Blue Slaver","floor":5,"turns":5},{"damage":23,"enemies":"Replay:BlueRogue","floor":7,"turns":11},{"damage":9,"enemies":"Exordium Wildlife","floor":8,"turns":4},{"damage":0,"enemies":"Large Slime","floor":10,"turns":3},{"damage":1,"enemies":"3 Louse","floor":12,"turns":3},{"damage":19,"enemies":"Hexaghost","floor":16,"turns":8},{"damage":0,"enemies":"3 Byrds","floor":18,"turns":3},{"damage":0,"enemies":"Chosen","floor":21,"turns":3},{"damage":13,"enemies":"Snake Plant","floor":22,"turns":3},{"damage":1,"enemies":"Centurion and Healer","floor":24,"turns":4},{"damage":2,"enemies":"Snecko","floor":28,"turns":3},{"damage":22,"enemies":"Snake Plant","floor":29,"turns":4},{"damage":27,"enemies":"conspire:MysteriousRune","floor":33,"turns":4},{"damage":11,"enemies":"3 Shapes","floor":35,"turns":7},{"damage":58,"enemies":"HollowMod:StalkingDevout","floor":43,"turns":7},{"damage":10,"enemies":"Orb Walker","floor":44,"turns":3},{"damage":14,"enemies":"3 Darklings","floor":47,"turns":5},{"damage":12,"enemies":"Writhing Mass","floor":49,"turns":7},{"damage":1,"enemies":"conspire:OrnateMirror","floor":52,"turns":14},{"damage":55,"enemies":"conspire:OrnateMirror","floor":53,"turns":7},{"damage":60,"enemies":"conspire:OrnateMirror","floor":54,"turns":5},{"damage":50,"enemies":"conspire:OrnateMirror","floor":58,"turns":5},{"damage":90,"enemies":"paleoftheancients:N","floor":62,"turns":12}],"seed_played":"-7810902583596608357","potions_obtained":[{"floor":1,"key":"blueLaboratory:NinjaPotion"},{"floor":10,"key":"SkillPotion"},{"floor":12,"key":"Explosive Potion"},{"floor":16,"key":"blueLaboratory:NinjaPotion"},{"floor":28,"key":"AttackPotion"},{"floor":29,"key":"Ancient Potion"},{"floor":33,"key":"GamblersBrew"},{"floor":43,"key":"blueLaboratory:FruitPunch"},{"floor":47,"key":"blueLaboratory:LouseDecoction"},{"floor":58,"key":"CunningPotion"}],"is_trial":false,"path_per_floor":["M","$","M","M","M","R","E","M","T","M","R","M","?","?","R","B",null,"M","?","?","M","M","R","M","$","T","R","M","M","$","?","R","B",null,"M","?","PTL","PTL","?","$","T","R","E","M","T","?","M","R","M","$","R","B","M","M","?","T","R","M","R","$","?","B"],"character_chosen":"THE_SILENT","items_purchased":["ReplayTheSpireMod:Scrap Shanks","Accuracy","Blur+1","Endless Agony","StuffTheSpire:Sprint","ReplayTheSpireMod:Speed Training","Deflect"],"campfire_rested":6,"item_purchase_floors":[2,25,30,30,50,50,60],"current_hp_per_floor":[59,59,59,58,42,42,19,10,10,10,28,27,27,24,24,5,46,46,46,46,49,39,57,60,60,60,60,60,43,43,43,60,36,54,52,52,52,52,51,51,51,51,5,11,11,11,11,28,31,31,48,57,39,59,40,40,40,36,54,54,54,0,0],"gold":24,"neow_bonus":"ONE_RARE_RELIC","is_daily":false,"chose_seed":false,"campfire_upgraded":5,"win_rate":0.0,"timestamp":1611484103,"path_taken":["M","$","M","M","M","R","E","M","T","M","R","M","?","?","R","BOSS","M","?","?","M","M","R","M","$","T","R","M","M","$","?","R","BOSS","M","?","PTL","PTL","?","$","?","R","E","M","T","?","M","R","M","$","R","BOSS","M","M","?","T","R","M","R","$","?","BOSS"],"items_purchased_type":["Card","Card","Card","Card","Card","Card","Card"],"build_version":"2020-12-22","purchased_purges":2,"victory":false,"max_hp_per_floor":[60,60,60,60,60,60,60,60,60,60,60,60,60,60,60,60,60,60,60,60,60,60,60,60,60,60,60,60,60,60,60,60,60,60,60,60,60,60,51,51,51,51,53,57,57,57,57,57,57,57,57,57,59,59,59,59,59,61,61,61,61,61,61],"relic_stats":{"Singing Bowl":8,"Gremlin Horn":[10,10],"counters":[26,144],"CeramicFish":54,"Kunai":[63],"War Paint":["Survivor","Defend_G"],"obtain_stats":[{"energizedSpire:PogoStick":34,"Singing Bowl":41,"Gremlin Horn":52,"aspiration:FetidBarrel":13,"CeramicFish":43,"Counterbalance":55,"War Paint":9,"energizedSpire:DeadBattery":17,"HollowMod:StagPassRelic":26,"StuffTheSpire:OccultApparatus":36,"paleoftheancients:Timepiece":52,"paleoftheancients:SoulOfTheWokeBloke":53,"CultistMask":52,"Runesmith:AutoHammer":31,"Kunai":45,"Unceasing Top":0,"Ring of the Snake":0,"Pocketwatch":7},{"energizedSpire:PogoStick":16,"Singing Bowl":17,"Gremlin Horn":22,"aspiration:FetidBarrel":8,"CeramicFish":18,"Counterbalance":24,"War Paint":6,"energizedSpire:DeadBattery":9,"HollowMod:StagPassRelic":13,"StuffTheSpire:OccultApparatus":17,"paleoftheancients:Timepiece":22,"paleoftheancients:SoulOfTheWokeBloke":23,"CultistMask":22,"Runesmith:AutoHammer":15,"Kunai":19,"Unceasing Top":0,"Ring of the Snake":0,"Pocketwatch":5},{"energizedSpire:PogoStick":72,"Singing Bowl":79,"Gremlin Horn":115,"aspiration:FetidBarrel":40,"CeramicFish":86,"Counterbalance":127,"War Paint":34,"energizedSpire:DeadBattery":48,"HollowMod:StagPassRelic":61,"StuffTheSpire:OccultApparatus":79,"paleoftheancients:Timepiece":115,"paleoftheancients:SoulOfTheWokeBloke":122,"CultistMask":115,"Runesmith:AutoHammer":68,"Kunai":89,"Unceasing Top":0,"Ring of the Snake":0,"Pocketwatch":30}],"Unceasing Top":[64],"Pocketwatch":[51]},"card_choices":[{"not_picked":["Flying Knee","Backflip"],"picked":"Dagger Spray","floor":1},{"not_picked":["Cloak And Dagger","Backflip"],"picked":"Hidden Blade","floor":3},{"not_picked":["StuffTheSpire:Injection","Cloak And Dagger"],"picked":"Backstab","floor":4},{"not_picked":["Dodge and Roll","Backflip"],"picked":"Sucker Punch","floor":5},{"not_picked":["StuffTheSpire:MirrorStance","Expertise"],"picked":"Calculated Gamble","floor":7},{"not_picked":["Eviscerate","Blade Dance","Sucker Punch"],"picked":"SKIP","floor":8},{"not_picked":["Burst","Poisoned Stab"],"picked":"Reflex","floor":10},{"not_picked":["Flying Knee","Hidden Blade"],"picked":"StuffTheSpire:Injection","floor":12},{"not_picked":["Venomology","Poison Darts"],"picked":"Storm of Steel","floor":16},{"not_picked":["Poisoned Stab+1","Cloak And Dagger"],"picked":"Acrobatics+1","floor":18},{"not_picked":["StuffTheSpire:BumpUp","StuffTheSpire:MirrorStance","Quick Slash"],"picked":"SKIP","floor":21},{"not_picked":["StuffTheSpire:Sprint","Dodge and Roll"],"picked":"Blade Dance+1","floor":22},{"not_picked":["Tools of the Trade","Hidden Blade"],"picked":"StuffTheSpire:Shiver","floor":24},{"not_picked":["StuffTheSpire:BumpUp","Deadly Poison"],"picked":"PiercingWail","floor":28},{"not_picked":["Skewer","Sucker Punch"],"picked":"Slice","floor":29},{"not_picked":["Grand Finale","Adrenaline"],"picked":"After Image","floor":33},{"not_picked":["StuffTheSpire:Sprint","Setup"],"picked":"Slice","floor":35},{"not_picked":["InfectiousVector","StuffTheSpire:Injection","StuffTheSpire:MirrorStance"],"picked":"Singing Bowl","floor":43},{"not_picked":["Backflip","Prepared","Dagger Spray"],"picked":"Singing Bowl","floor":44},{"not_picked":["Poisoned Stab+1","Bane+1"],"picked":"Prepared+1","floor":47},{"not_picked":["ReplayTheSpireMod:Tripwire+1","Bane+1"],"picked":"Deflect+1","floor":49},{"not_picked":["Distraction","Poisoned Stab","PiercingWail"],"picked":"Singing Bowl","floor":53},{"not_picked":["Dagger Throw","Quick Slash"],"picked":"Deflect+1","floor":55},{"not_picked":["Flying Knee","Dodge and Roll+1","Cloak And Dagger"],"picked":"Singing Bowl","floor":58}],"player_experience":1950771,"relics_obtained":[{"floor":7,"key":"Pocketwatch"},{"floor":9,"key":"War Paint"},{"floor":26,"key":"HollowMod:StagPassRelic"},{"floor":41,"key":"Singing Bowl"},{"floor":43,"key":"CeramicFish"},{"floor":45,"key":"Kunai"},{"floor":53,"key":"paleoftheancients:SoulOfTheWokeBloke"},{"floor":55,"key":"Counterbalance"}],"event_choices":[{"damage_healed":0,"gold_gain":0,"player_choice":"Searched \u00271\u0027 times","damage_taken":0,"relics_obtained":["aspiration:FetidBarrel"],"max_hp_gain":0,"max_hp_loss":0,"event_name":"Dead Adventurer","floor":13,"gold_loss":0},{"damage_healed":0,"gold_gain":0,"player_choice":"Leave","damage_taken":0,"max_hp_gain":0,"max_hp_loss":0,"event_name":"conspire:Investor","floor":14,"gold_loss":0},{"damage_healed":0,"gold_gain":0,"player_choice":"Opened","damage_taken":0,"relics_obtained":["Runesmith:AutoHammer"],"max_hp_gain":0,"max_hp_loss":0,"event_name":"The Mausoleum","floor":31,"gold_loss":0,"cards_obtained":["Writhe"]}],"is_beta":false,"boss_relics":[{"not_picked":["aspiration:DefectSkillbook","energizedSpire:RedRose"],"picked":"energizedSpire:DeadBattery"},{"not_picked":["Runic Dome","conspire:SlowCooker"],"picked":"energizedSpire:PogoStick"}],"items_purged_floors":[25,60],"is_endless":false,"potions_floor_spawned":[1,10,12,16,28,29,33,43,47,58],"killed_by":"paleoftheancients:N","ascension_level":15}}