{"host":"y24pqu7jih1n8m3t","time":1611476410,"event":{"mods":["AchievementEnabler","BaseMod","Bestiary","Block Reminder","Colored Map","Colored Powertips","DeckTracker","Highlight Path","Minty Spire (QoL Compilation)","Permanent Neow","Quick Restart","Rare Cards Sparkle","Relic Stats"],"gold_per_floor":[117,135,148,159,159,159,159],"floor_reached":6,"language":"ENG","playtime":452,"items_purged":[],"score":40,"play_id":"2010ef61-929e-4eba-9d87-701aa5b7c698","local_time":"20210124032010","is_ascension_mode":true,"campfire_choices":[],"circlet_count":0,"master_deck":["Strike_P","Strike_P","Strike_P","Defend_P","Defend_P","Defend_P","Defend_P","Eruption","Vigilance","ReachHeaven","FlyingSleeves","Crescendo","Tantrum","Pray"],"relics":["Sozu"],"acts_visited":["Exordium"],"potions_floor_usage":[],"damage_taken":[{"damage":2,"enemies":"Cultist","floor":1,"turns":3},{"damage":0,"enemies":"Small Slimes","floor":2,"turns":2},{"damage":0,"enemies":"2 Louse","floor":3,"turns":2},{"damage":2,"enemies":"Blue Slaver","floor":4,"turns":2},{"damage":4,"enemies":"3 Sentries","floor":6,"turns":4}],"seed_played":"-4980602537905424095","potions_obtained":[],"is_trial":false,"path_per_floor":["M","M","M","M","?","E"],"character_chosen":"WATCHER","items_purchased":[],"campfire_rested":0,"item_purchase_floors":[],"current_hp_per_floor":[70,70,70,68,68,64,64],"gold":159,"neow_bonus":"BOSS_RELIC","is_daily":false,"chose_seed":false,"campfire_upgraded":0,"win_rate":0.0,"timestamp":1611476410,"path_taken":["M","M","M","M","?","E"],"items_purchased_type":[],"build_version":"2020-12-22","purchased_purges":0,"victory":false,"max_hp_per_floor":[72,72,72,72,72,72,72],"relic_stats":{"Sozu":1,"counters":[5,13],"obtain_stats":[{"Sozu":0,"PureWater":0},{"Sozu":0,"PureWater":0},{"Sozu":0,"PureWater":0}]},"card_choices":[{"not_picked":["EmptyBody","FlyingSleeves"],"picked":"ReachHeaven","floor":1},{"not_picked":["Study","Evaluate"],"picked":"FlyingSleeves","floor":2},{"not_picked":["CutThroughFate","SashWhip"],"picked":"Crescendo","floor":3},{"not_picked":["Prostrate","Crescendo"],"picked":"Tantrum","floor":4}],"player_experience":170577,"relics_obtained":[],"event_choices":[{"damage_healed":0,"gold_gain":0,"cards_transformed":["Strike_P"],"player_choice":"Transformed","damage_taken":0,"max_hp_gain":0,"max_hp_loss":0,"event_name":"Transmorgrifier","floor":5,"gold_loss":0,"cards_obtained":["Pray"]}],"is_beta":false,"boss_relics":[],"items_purged_floors":[],"is_endless":false,"potions_floor_spawned":[1,3],"killed_by":"3 Sentries","ascension_level":1}}