{"host":"u0qetpmu4y58k1tf","time":1611498403,"event":{"mods":["AchievementEnabler","BaseMod","Colored Map","Colored Powertips","Hermit","Marisa£¨Ùöéë¡¡Øª×âÞÞ£©","Minty Spire (QoL Compilation)","Replay The Spire","StSLib","SuperFastMode","The Bug Knight","The Cursed","The Hierophant","The Runesmith"],"gold_per_floor":[113,38,38,38,51,83,83,358,358,369,397,297,307,336,336,336,336],"floor_reached":16,"language":"KOR","playtime":635,"items_purged":["Strike_P","Regret"],"score":150,"play_id":"a2aac6d3-9d0f-4304-ba7a-6d6b69ac249e","local_time":"20210124232643","is_ascension_mode":true,"campfire_choices":[{"data":"Eruption","floor":7,"key":"SMITH"},{"floor":15,"key":"DIG"}],"circlet_count":0,"master_deck":["Strike_P","Strike_P","Strike_P","Defend_P","Defend_P","Defend_P","Defend_P","Eruption+1","Vigilance","FlurryOfBlows","Regret","FlurryOfBlows","Adaptation"],"relics":["PureWater","NeowsBlessing","Replay:Rubber Ducky","Ancient Tea Set","Pet Ghost","Mercury Hourglass","Centennial Puzzle","Bottled Tornado"],"acts_visited":["Exordium"],"potions_floor_usage":[11,13,16],"damage_taken":[{"damage":0,"enemies":"Small Slimes","floor":1,"turns":1},{"damage":0,"enemies":"2 Louse","floor":5,"turns":2},{"damage":0,"enemies":"Gremlin Nob","floor":6,"turns":1},{"damage":0,"enemies":"Cultist","floor":10,"turns":1},{"damage":6,"enemies":"Lagavulin","floor":11,"turns":4},{"damage":21,"enemies":"Large Slime","floor":13,"turns":3},{"damage":14,"enemies":"3 Sentries","floor":14,"turns":6},{"damage":30,"enemies":"Fading Forest","floor":16,"turns":7}],"seed_played":"3562153302186959160","potions_obtained":[{"floor":1,"key":"ColorlessPotion"},{"floor":6,"key":"Swift Potion"},{"floor":10,"key":"Reflective Coating"},{"floor":13,"key":"Ambrosia"}],"is_trial":false,"path_per_floor":["M","$","?","?","M","E","R","?","T","M","E","$","M","E","R_BF","B"],"character_chosen":"WATCHER","items_purchased":[],"campfire_rested":0,"item_purchase_floors":[],"current_hp_per_floor":[72,72,60,60,60,60,60,60,60,60,54,54,33,19,19,0,0],"gold":336,"neow_bonus":"THREE_ENEMY_KILL","is_daily":false,"chose_seed":false,"campfire_upgraded":1,"win_rate":0.0,"timestamp":1611498403,"path_taken":["M","$","?","?","M","E","R","?","T","M","E","$","?","E","R_BF","BOSS"],"items_purchased_type":[],"build_version":"2020-12-22","purchased_purges":2,"victory":false,"max_hp_per_floor":[72,72,72,72,72,72,72,72,72,72,72,72,72,72,72,72,72],"card_choices":[{"not_picked":["WindmillStrike","FlyingSleeves"],"picked":"FlurryOfBlows","floor":1},{"not_picked":["BowlingBash","Crescendo"],"picked":"FlurryOfBlows","floor":5},{"not_picked":["DeceiveReality","WheelKick","ConjureBlade"],"picked":"SKIP","floor":6},{"not_picked":["WaveOfTheHand","Conclude","Meditate"],"picked":"SKIP","floor":10},{"not_picked":["Replay:BluntJabs","WreathOfFlame"],"picked":"Adaptation","floor":11},{"not_picked":["Wallop","DeceiveReality","ReachHeaven"],"picked":"SKIP","floor":13},{"not_picked":["ThirdEye","Adaptation","BowlingBash"],"picked":"SKIP","floor":14}],"player_experience":48774,"relics_obtained":[{"floor":6,"key":"Pet Ghost"},{"floor":11,"key":"Mercury Hourglass"},{"floor":14,"key":"Centennial Puzzle"},{"floor":15,"key":"Bottled Tornado"}],"event_choices":[{"damage_healed":0,"gold_gain":0,"player_choice":"Success","damage_taken":12,"relics_obtained":["Replay:Rubber Ducky"],"max_hp_gain":0,"max_hp_loss":0,"event_name":"Scrap Ooze","floor":3,"gold_loss":0},{"damage_healed":0,"gold_gain":0,"player_choice":"Box","damage_taken":0,"relics_obtained":["Ancient Tea Set"],"max_hp_gain":0,"max_hp_loss":0,"event_name":"Big Fish","floor":4,"gold_loss":0,"cards_obtained":["Regret"]},{"damage_healed":0,"gold_gain":275,"player_choice":"Desecrate","damage_taken":0,"max_hp_gain":0,"max_hp_loss":0,"event_name":"Golden Shrine","floor":8,"gold_loss":0,"cards_obtained":["Regret"]}],"is_beta":false,"boss_relics":[],"items_purged_floors":[2,12],"is_endless":false,"potions_floor_spawned":[1,6,10,13],"killed_by":"Fading Forest","ascension_level":1}}