{"host":"9z9bilz90zy1bfdt","time":1611463868,"event":{"mods":["BaseMod","Minty Spire (QoL Compilation)","StSLib"],"gold_per_floor":[109,69,31,31,31,31,63,79,79,94,124,150,178,193,193,289,289,305,305,305,323,323,323,37,49,100,117,147,165,197,84,84,84,84],"floor_reached":33,"language":"KOR","playtime":920,"items_purged":["Strike_G+1"],"score":394,"play_id":"d40cfa17-a385-4528-89f1-1d6c2a2f0950","local_time":"20210124135108","is_ascension_mode":true,"campfire_choices":[{"data":"Quick Slash","floor":6,"key":"SMITH"},{"floor":15,"key":"REST"},{"data":"Flechettes","floor":23,"key":"SMITH"},{"data":"Footwork","floor":32,"key":"SMITH"}],"circlet_count":0,"master_deck":["Strike_G+1","Strike_G+1","Strike_G+1","Defend_G+1","Defend_G+1","Defend_G+1","Defend_G+1","Defend_G+1","Survivor","Neutralize","Quick Slash+1","Backstab","Acrobatics","Deadly Poison","Poisoned Stab","Predator","Bouncing Flask","Reflex","Dagger Spray","Adrenaline","Flechettes+1","Leg Sweep+1","Backstab+1","Crippling Poison+1","Footwork+1"],"relics":["Ring of the Snake","PreservedInsect","Boot","Bag of Preparation","Shuriken","Odd Mushroom","Akabeko","Busted Crown","Ice Cream","Omamori","Tiny Chest","Letter Opener"],"acts_visited":["Exordium","TheCity"],"potions_floor_usage":[12,16,33,33],"damage_taken":[{"damage":9,"enemies":"2 Louse","floor":1,"turns":7},{"damage":5,"enemies":"3 Sentries","floor":7,"turns":6},{"damage":0,"enemies":"Cultist","floor":8,"turns":2},{"damage":0,"enemies":"Small Slimes","floor":10,"turns":2},{"damage":7,"enemies":"Gremlin Nob","floor":11,"turns":3},{"damage":0,"enemies":"The Mushroom Lair","floor":12,"turns":2},{"damage":12,"enemies":"3 Sentries","floor":13,"turns":6},{"damage":4,"enemies":"Looter","floor":14,"turns":3},{"damage":11,"enemies":"Slime Boss","floor":16,"turns":8},{"damage":0,"enemies":"Chosen","floor":18,"turns":3},{"damage":6,"enemies":"Shell Parasite","floor":21,"turns":3},{"damage":0,"enemies":"Snake Plant","floor":25,"turns":3},{"damage":10,"enemies":"Snecko","floor":27,"turns":3},{"damage":2,"enemies":"Book of Stabbing","floor":28,"turns":4},{"damage":5,"enemies":"Centurion and Healer","floor":29,"turns":4},{"damage":0,"enemies":"Gremlin Leader","floor":30,"turns":3},{"damage":73,"enemies":"Collector","floor":33,"turns":5}],"seed_played":"-1424989071976130905","potions_obtained":[{"floor":2,"key":"SneckoOil"},{"floor":2,"key":"SpeedPotion"},{"floor":2,"key":"FairyPotion"},{"floor":8,"key":"BlessingOfTheForge"},{"floor":12,"key":"EssenceOfSteel"},{"floor":27,"key":"EntropicBrew"}],"is_trial":false,"path_per_floor":["M","?","$","?","?","R","E","M","T","M","E","?","E","M","R","B",null,"M","?","?","M","?","R","$","M","T","M","E","M","E","$","R","B"],"character_chosen":"THE_SILENT","items_purchased":["Backstab","Ice Cream","Footwork"],"campfire_rested":1,"item_purchase_floors":[3,24,31],"current_hp_per_floor":[61,61,61,47,35,35,30,30,30,30,23,23,11,7,28,17,70,70,70,57,51,51,51,51,51,51,41,39,34,34,34,34,0,0],"gold":84,"neow_bonus":"REMOVE_CARD","is_daily":false,"chose_seed":false,"campfire_upgraded":3,"win_rate":0.0,"timestamp":1611463868,"path_taken":["M","?","?","?","?","R","E","M","T","M","E","?","E","M","R","BOSS","M","?","?","M","?","R","$","M","T","M","E","M","E","$","R","BOSS"],"items_purchased_type":["Card","Relic","Card"],"build_version":"2020-12-22","purchased_purges":1,"victory":false,"max_hp_per_floor":[70,70,70,70,70,70,70,70,70,70,70,70,70,70,70,70,70,70,70,75,75,75,75,75,75,75,75,75,75,75,75,75,75,75],"card_choices":[{"not_picked":["Bane","Distraction"],"picked":"Quick Slash","floor":1},{"not_picked":["PiercingWail","Backstab"],"picked":"Acrobatics","floor":7},{"not_picked":["Setup","Flechettes"],"picked":"Deadly Poison","floor":8},{"not_picked":["PiercingWail","Prepared"],"picked":"Poisoned Stab","floor":10},{"not_picked":["Deflect","Deadly Poison"],"picked":"Predator","floor":11},{"not_picked":["Prepared","Well Laid Plans"],"picked":"Bouncing Flask","floor":12},{"not_picked":["A Thousand Cuts","Outmaneuver"],"picked":"Reflex","floor":13},{"not_picked":["Dash","Deflect"],"picked":"Dagger Spray","floor":14},{"not_picked":["Doppelganger","A Thousand Cuts"],"picked":"Adrenaline","floor":16},{"not_picked":["PiercingWail"],"picked":"SKIP","floor":18},{"not_picked":[],"picked":"Flechettes","floor":21},{"not_picked":[],"picked":"Leg Sweep+1","floor":25},{"not_picked":["Bane"],"picked":"SKIP","floor":27},{"not_picked":[],"picked":"Backstab+1","floor":28},{"not_picked":[],"picked":"Crippling Poison+1","floor":29},{"not_picked":["Accuracy"],"picked":"SKIP","floor":30}],"player_experience":338192,"relics_obtained":[{"floor":7,"key":"Boot"},{"floor":9,"key":"Bag of Preparation"},{"floor":11,"key":"Shuriken"},{"floor":12,"key":"Odd Mushroom"},{"floor":13,"key":"Akabeko"},{"floor":26,"key":"Omamori"},{"floor":28,"key":"Tiny Chest"},{"floor":30,"key":"Letter Opener"}],"event_choices":[{"damage_healed":0,"gold_gain":0,"player_choice":"Bought 3 Potions","damage_taken":0,"max_hp_gain":0,"max_hp_loss":0,"event_name":"The Woman in Blue","floor":2,"gold_loss":0},{"damage_healed":0,"gold_gain":0,"player_choice":"Entered Light","damage_taken":14,"max_hp_gain":0,"max_hp_loss":0,"event_name":"Shining Light","floor":4,"gold_loss":0,"cards_upgraded":["Strike_G","Strike_G"]},{"damage_healed":0,"gold_gain":0,"player_choice":"Success","damage_taken":12,"relics_obtained":["PreservedInsect"],"max_hp_gain":0,"max_hp_loss":0,"event_name":"Scrap Ooze","floor":5,"gold_loss":0},{"damage_healed":0,"gold_gain":0,"player_choice":"Fought Mushrooms","damage_taken":0,"max_hp_gain":0,"max_hp_loss":0,"event_name":"Mushrooms","floor":12,"gold_loss":0},{"damage_healed":0,"gold_gain":0,"player_choice":"Ignored","damage_taken":0,"max_hp_gain":0,"max_hp_loss":0,"event_name":"Ghosts","floor":19,"gold_loss":0},{"damage_healed":0,"gold_gain":0,"player_choice":"Shed Blood","damage_taken":18,"max_hp_gain":5,"max_hp_loss":0,"event_name":"Forgotten Altar","floor":20,"gold_loss":0},{"damage_healed":0,"gold_gain":0,"player_choice":"Simplicity","damage_taken":0,"max_hp_gain":0,"max_hp_loss":0,"event_name":"Back to Basics","floor":22,"gold_loss":0,"cards_upgraded":["Strike_G","Strike_G","Defend_G","Defend_G","Defend_G","Defend_G","Defend_G"]}],"is_beta":false,"boss_relics":[{"not_picked":["SacredBark","HoveringKite"],"picked":"Busted Crown"}],"items_purged_floors":[31],"is_endless":false,"potions_floor_spawned":[8,10,12,13,27,29,30],"killed_by":"Collector","ascension_level":4}}