{"host":"7sni158j623xchr2","time":1611472410,"event":{"mods":["BaseMod","Colored Map","Highlight Path","Minty Spire (QoL Compilation)","Permanent Neow","Potion Indicator Mod","Rare Cards Sparkle","Relic Sorter","Relic Stats","StSLib","everything is the same but u backflip on backflip"],"gold_per_floor":[115,115,140,140,154,187,187,262,262,262,262,283,9,33,33,156,156,175,90,90,21,46,46,86,100,100,100,136,136,179,36,36,155,218,239,37,37,37,61,61,95,95,95,95,118,118,118,136,136,136,136,136,11,44,44],"floor_reached":56,"language":"ENG","playtime":1385,"items_purged":["Pain","Strike_G","Defend_G"],"score":1408,"play_id":"ad1434be-21e1-4e0b-b64a-dcfcfe00a9f6","local_time":"20210124011330","is_ascension_mode":true,"campfire_choices":[{"data":"Predator","floor":7,"key":"SMITH"},{"data":"Backstab","floor":11,"key":"SMITH"},{"data":"Quick Slash","floor":15,"key":"SMITH"},{"data":"Catalyst","floor":23,"key":"SMITH"},{"data":"Crippling Poison","floor":27,"key":"SMITH"},{"data":"Deadly Poison","floor":32,"key":"SMITH"},{"data":"After Image","floor":40,"key":"SMITH"},{"data":"Footwork","floor":42,"key":"SMITH"},{"floor":44,"key":"DIG"},{"floor":47,"key":"RECALL"},{"data":"Wraith Form v2","floor":49,"key":"SMITH"},{"floor":52,"key":"DIG"}],"circlet_count":0,"master_deck":["Strike_G","Strike_G","Strike_G","Strike_G","Defend_G","Defend_G+1","Defend_G","Defend_G","Survivor","Neutralize","Backstab+1","Quick Slash+1","Deadly Poison+1","Predator+1","Blur","Catalyst+1","Die Die Die","Sucker Punch+1","Footwork+1","Prepared+1","Deflect+1","Crippling Poison+1","After Image+1","Escape Plan","After Image","PiercingWail","After Image","Wraith Form v2+1","Leg Sweep+1","Backflip"],"relics":["Ring of the Snake","NeowsBlessing","Golden Idol","WarpedTongs","Mummified Hand","Blue Candle","FaceOfCleric","TwistedFunnel","SlaversCollar","HornCleat","Shovel","Sundial","Bottled Lightning","Shuriken","Ancient Tea Set","Snake Skull","Tiny House","Bottled Tornado","Omamori","StrikeDummy","Lizard Tail"],"acts_visited":["Exordium","TheCity","TheBeyond","TheEnding"],"potions_floor_usage":[6,16,30,37,55,55,55,55,55],"damage_taken":[{"damage":0,"enemies":"Cultist","floor":1,"turns":1},{"damage":0,"enemies":"2 Louse","floor":3,"turns":1},{"damage":2,"enemies":"Small Slimes","floor":5,"turns":1},{"damage":23,"enemies":"Gremlin Nob","floor":6,"turns":4},{"damage":1,"enemies":"2 Fungi Beasts","floor":12,"turns":3},{"damage":0,"enemies":"Exordium Thugs","floor":14,"turns":3},{"damage":0,"enemies":"Slime Boss","floor":16,"turns":8},{"damage":0,"enemies":"Chosen","floor":18,"turns":3},{"damage":5,"enemies":"Shell Parasite","floor":22,"turns":3},{"damage":15,"enemies":"Slavers","floor":24,"turns":4},{"damage":0,"enemies":"Snake Plant","floor":25,"turns":4},{"damage":0,"enemies":"Gremlin Leader","floor":28,"turns":4},{"damage":2,"enemies":"Slavers","floor":30,"turns":4},{"damage":7,"enemies":"Collector","floor":33,"turns":6},{"damage":4,"enemies":"3 Darklings","floor":35,"turns":3},{"damage":0,"enemies":"3 Shapes","floor":37,"turns":1},{"damage":2,"enemies":"Sphere and 2 Shapes","floor":39,"turns":4},{"damage":1,"enemies":"Giant Head","floor":41,"turns":7},{"damage":0,"enemies":"Jaw Worm Horde","floor":45,"turns":2},{"damage":0,"enemies":"3 Darklings","floor":48,"turns":3},{"damage":0,"enemies":"Donu and Deca","floor":50,"turns":14},{"damage":6,"enemies":"Shield and Spear","floor":54,"turns":9},{"damage":55,"enemies":"The Heart","floor":55,"turns":10}],"seed_played":"3296705998134837075","potions_obtained":[{"floor":1,"key":"Weak Potion"},{"floor":16,"key":"SkillPotion"},{"floor":22,"key":"Weak Potion"},{"floor":24,"key":"Fire Potion"},{"floor":34,"key":"EntropicBrew"},{"floor":38,"key":"Swift Potion"}],"is_trial":false,"path_per_floor":["M","?","M","?","M","E","R","?","T","?","R","M","$","M","R","B",null,"M","?","?","$","M","R","E","M","T","R","E","?","E","$","R","B",null,"M","$","M","?","M","R","E","R","T","R","M","?","R","M","R","B",null,"R","$","E","B",null],"character_chosen":"THE_SILENT","items_purchased":["TwistedFunnel","Fire Potion","Footwork","Snake Skull","SmokeBomb"],"campfire_rested":0,"item_purchase_floors":[13,13,21,31,36],"current_hp_per_floor":[70,53,53,53,51,28,28,17,17,17,17,17,17,18,18,19,73,74,74,74,74,70,70,56,57,57,57,58,58,57,57,57,51,85,82,82,83,83,82,82,82,82,82,82,83,83,83,84,84,85,92,92,92,87,33],"gold":44,"neow_bonus":"THREE_ENEMY_KILL","is_daily":false,"chose_seed":false,"campfire_upgraded":9,"win_rate":0.0,"timestamp":1611472410,"path_taken":["M","?","M","?","?","E","R","?","T","?","R","?","$","M","R","BOSS","M","?","?","$","M","R","E","M","T","R","E","?","E","$","R","BOSS","M","$","?","?","?","R","E","R","T","R","M","?","R","M","R","BOSS","R","$","E","BOSS"],"items_purchased_type":["Relic","Potion","Card","Relic","Potion"],"build_version":"2020-12-22","purchased_purges":3,"victory":true,"max_hp_per_floor":[70,70,70,70,70,70,70,70,70,70,70,71,71,72,72,73,73,74,74,74,74,75,75,76,77,77,77,78,78,79,79,79,80,85,86,86,87,87,88,88,89,89,89,89,90,90,90,91,91,92,92,92,92,93,94],"relic_stats":{"counters":[23,102],"Golden Idol":209,"Blue Candle":[1],"Snake Skull":[61],"WarpedTongs":[94],"Lizard Tail":0,"Shovel":2,"FaceOfCleric":19,"Mummified Hand":[39],"Sundial":[6],"Shuriken":[12],"obtain_stats":[{"TwistedFunnel":13,"Tiny House":34,"NeowsBlessing":0,"Golden Idol":2,"Blue Candle":9,"Snake Skull":31,"Omamori":44,"Bottled Tornado":41,"Ancient Tea Set":30,"WarpedTongs":4,"SlaversCollar":17,"Lizard Tail":54,"HornCleat":19,"Shovel":24,"FaceOfCleric":10,"Mummified Hand":6,"Sundial":26,"Shuriken":29,"Bottled Lightning":28,"StrikeDummy":52,"Ring of the Snake":0},{"TwistedFunnel":5,"Tiny House":14,"NeowsBlessing":0,"Golden Idol":1,"Blue Candle":4,"Snake Skull":13,"Omamori":18,"Bottled Tornado":18,"Ancient Tea Set":13,"WarpedTongs":2,"SlaversCollar":7,"Lizard Tail":22,"HornCleat":8,"Shovel":10,"FaceOfCleric":4,"Mummified Hand":4,"Sundial":11,"Shuriken":12,"Bottled Lightning":12,"StrikeDummy":21,"Ring of the Snake":0},{"TwistedFunnel":10,"Tiny House":49,"NeowsBlessing":0,"Golden Idol":1,"Blue Candle":7,"Snake Skull":43,"Omamori":64,"Bottled Tornado":64,"Ancient Tea Set":43,"WarpedTongs":2,"SlaversCollar":21,"Lizard Tail":92,"HornCleat":24,"Shovel":31,"FaceOfCleric":7,"Mummified Hand":7,"Sundial":35,"Shuriken":39,"Bottled Lightning":39,"StrikeDummy":83,"Ring of the Snake":0}],"Ring of the Snake":[46]},"card_choices":[{"not_picked":["Riddle With Holes","Dagger Spray"],"picked":"Backstab","floor":1},{"not_picked":["Backflip","Slice"],"picked":"Quick Slash","floor":3},{"not_picked":["Bouncing Flask","Sucker Punch"],"picked":"Deadly Poison","floor":5},{"not_picked":["Outmaneuver","Flying Knee"],"picked":"Predator","floor":6},{"not_picked":["Backflip","Bouncing Flask"],"picked":"Blur","floor":12},{"not_picked":["Dagger Throw","Deadly Poison"],"picked":"Catalyst","floor":14},{"not_picked":["Grand Finale","Phantasmal Killer"],"picked":"Die Die Die","floor":16},{"not_picked":["Deflect","Slice"],"picked":"Sucker Punch+1","floor":18},{"not_picked":["Eviscerate+1","Cloak And Dagger"],"picked":"Prepared+1","floor":22},{"not_picked":["Bane","Sucker Punch+1"],"picked":"Deflect+1","floor":24},{"not_picked":["Poisoned Stab","Reflex+1"],"picked":"Crippling Poison","floor":25},{"not_picked":["Escape Plan","Sucker Punch+1"],"picked":"After Image","floor":28},{"not_picked":["Accuracy","Eviscerate"],"picked":"Escape Plan","floor":30},{"not_picked":["Burst","Phantasmal Killer"],"picked":"After Image","floor":33},{"not_picked":["Underhanded Strike+1","Poisoned Stab","Slice+1"],"picked":"SKIP","floor":35},{"not_picked":["Crippling Poison+1","Eviscerate"],"picked":"PiercingWail","floor":39},{"not_picked":["Infinite Blades","Concentrate+1","Eviscerate"],"picked":"SKIP","floor":41},{"not_picked":["Underhanded Strike+1","Infinite Blades"],"picked":"After Image","floor":45},{"not_picked":["Bouncing Flask","Predator"],"picked":"Leg Sweep+1","floor":48},{"not_picked":["Infinite Blades","Deflect+1"],"picked":"Backflip","floor":54}],"player_experience":1690382,"relics_obtained":[{"floor":6,"key":"Mummified Hand"},{"floor":9,"key":"Blue Candle"},{"floor":24,"key":"Shovel"},{"floor":26,"key":"Sundial"},{"floor":28,"key":"Bottled Lightning"},{"floor":30,"key":"Ancient Tea Set"},{"floor":41,"key":"Bottled Tornado"},{"floor":44,"key":"Omamori"},{"floor":52,"key":"StrikeDummy"},{"floor":54,"key":"Lizard Tail"}],"event_choices":[{"damage_healed":0,"gold_gain":0,"player_choice":"Take Damage","damage_taken":17,"relics_obtained":["Golden Idol"],"max_hp_gain":0,"max_hp_loss":0,"event_name":"Golden Idol","floor":2,"gold_loss":0},{"damage_healed":0,"gold_gain":0,"player_choice":"Rummage","damage_taken":0,"relics_obtained":["WarpedTongs"],"max_hp_gain":0,"max_hp_loss":0,"event_name":"Accursed Blacksmith","floor":4,"gold_loss":0,"cards_obtained":["Pain"]},{"damage_healed":0,"gold_gain":75,"player_choice":"Gather Gold","damage_taken":11,"max_hp_gain":0,"max_hp_loss":0,"event_name":"World of Goop","floor":8,"gold_loss":0},{"damage_healed":0,"gold_gain":0,"player_choice":"Trade","damage_taken":0,"relics_obtained":["FaceOfCleric"],"max_hp_gain":0,"max_hp_loss":0,"event_name":"FaceTrader","floor":10,"gold_loss":0},{"damage_healed":0,"gold_gain":0,"player_choice":"Obtained Relic","damage_taken":0,"relics_obtained":["HornCleat"],"max_hp_gain":0,"max_hp_loss":0,"event_name":"Addict","floor":19,"gold_loss":85},{"damage_healed":0,"gold_gain":0,"player_choice":"Ignored","damage_taken":0,"max_hp_gain":0,"max_hp_loss":0,"event_name":"Vampires","floor":20,"gold_loss":0},{"damage_healed":0,"gold_gain":0,"player_choice":"Gave Potion","damage_taken":0,"relics_obtained":["Shuriken"],"max_hp_gain":0,"max_hp_loss":0,"event_name":"WeMeetAgain","floor":29,"gold_loss":0},{"damage_healed":0,"gold_gain":0,"player_choice":"Got Potions","damage_taken":0,"max_hp_gain":0,"max_hp_loss":0,"event_name":"Lab","floor":38,"gold_loss":0},{"damage_healed":0,"gold_gain":0,"player_choice":"1 cards matched","damage_taken":0,"max_hp_gain":0,"max_hp_loss":0,"event_name":"Match and Keep!","floor":46,"gold_loss":0,"cards_obtained":["Wraith Form v2"]}],"is_beta":false,"boss_relics":[{"not_picked":["Astrolabe","Philosopher\u0027s Stone"],"picked":"SlaversCollar"},{"not_picked":["Black Star","Snecko Eye"],"picked":"Tiny House"}],"items_purged_floors":[13,36,53],"is_endless":false,"potions_floor_spawned":[1,16,22,24,25,37],"ascension_level":1}}