{"host":"flash","time":1611479264,"event":{"mods":["ATMod(°¢èªMod)","Act Like it!","BaseMod","Jorbs\u0027s Wanderer Trilogy","Luminous","Minty Spire (QoL Compilation)","Shop Mod","StSLib","Td1madao Mod"],"gold_per_floor":[118,118,293,312,312,347,360,386,412,412,412],"floor_reached":10,"language":"ZHS","playtime":230,"items_purged":[],"score":162,"play_id":"16a1e22f-0e13-41b5-ba73-17f7f8403553","local_time":"20210124170744","is_ascension_mode":true,"campfire_choices":[],"circlet_count":0,"master_deck":["AscendersBane","Strike_P+1","Strike_P","Strike_P","Strike_P","Defend_P","Defend_P","Defend_P","Defend_P","Eruption","Vigilance","AT_FamilyPortrait","Consecrate","LessonLearned","MentalFortress"],"relics":["PureWater","AT_ATBox","NeowsBlessing","Orichalcum","Damaru","Boot","AT_BellDemon"],"acts_visited":["Exordium"],"potions_floor_usage":[8],"damage_taken":[{"damage":0,"enemies":"Small Slimes","floor":1,"turns":1},{"damage":0,"enemies":"2 Louse","floor":4,"turns":2},{"damage":0,"enemies":"3 Sentries","floor":6,"turns":1},{"damage":1,"enemies":"Cultist","floor":7,"turns":3},{"damage":8,"enemies":"Gremlin Nob","floor":8,"turns":4},{"damage":47,"enemies":"3 Sentries","floor":10,"turns":3}],"seed_played":"7693154311901736966","potions_obtained":[{"floor":1,"key":"Weak Potion"},{"floor":4,"key":"AttackPotion"}],"is_trial":false,"path_per_floor":["M","?","?","M","?","E","M","E","T","E"],"character_chosen":"WATCHER","items_purchased":[],"campfire_rested":0,"item_purchase_floors":[],"current_hp_per_floor":[65,58,58,58,51,51,50,42,42,0,0],"gold":412,"neow_bonus":"THREE_ENEMY_KILL","is_daily":false,"chose_seed":false,"campfire_upgraded":0,"win_rate":0.0,"timestamp":1611479264,"path_taken":["M","?","?","M","?","E","M","E","T","E"],"items_purchased_type":[],"build_version":"2020-12-18","purchased_purges":0,"victory":false,"max_hp_per_floor":[72,72,72,72,72,72,72,72,72,72,72],"card_choices":[{"not_picked":["FollowUp","Perseverance"],"picked":"Consecrate","floor":1},{"not_picked":["JustLucky","EmptyFist","Evaluate"],"picked":"SKIP","floor":4},{"not_picked":["AT_RealFormLess","Wallop"],"picked":"LessonLearned","floor":6},{"not_picked":["Conclude","BowlingBash","Evaluate"],"picked":"SKIP","floor":7},{"not_picked":["TalkToTheHand","AT_SoftenMuscles"],"picked":"MentalFortress","floor":8}],"player_experience":652654,"relics_obtained":[{"floor":6,"key":"Damaru"},{"floor":8,"key":"Boot"},{"floor":9,"key":"AT_BellDemon"}],"event_choices":[{"damage_healed":0,"gold_gain":0,"player_choice":"Success","damage_taken":7,"relics_obtained":["Orichalcum"],"max_hp_gain":0,"max_hp_loss":0,"event_name":"Scrap Ooze","floor":2,"gold_loss":0},{"damage_healed":0,"gold_gain":175,"player_choice":"AGREE","damage_taken":0,"max_hp_gain":0,"max_hp_loss":0,"event_name":"Liars Game","floor":3,"gold_loss":0,"cards_obtained":["Doubt"]},{"cards_removed":["Doubt"],"damage_healed":0,"gold_gain":0,"player_choice":"Card Removal","damage_taken":7,"max_hp_gain":0,"max_hp_loss":0,"event_name":"Golden Wing","floor":5,"gold_loss":0}],"is_beta":true,"boss_relics":[],"items_purged_floors":[],"is_endless":false,"potions_floor_spawned":[1,4,7],"killed_by":"3 Sentries","ascension_level":12}}