{"host":"q57ekfojy3i00x9o","time":1611511398,"event":{"mods":["Arknights The Spire","Aspiration","BaseMod","Colored Map","Energized Spire","Hermit","Minty Spire (QoL Compilation)","Quick Restart","Spicy Shops","Spikes Relics","StSLib","slay the spire mod where everything is the same but ironclad has a cowboy hat"],"gold_per_floor":[116,135,102,202,215,215,229,229,280,292,292,318,20,52,52,148,148,158,158,83,83,11,11,26,38,85,99,99,0,0,10,10,111,111,131,8,8,28,28,28,28],"floor_reached":40,"language":"RUS","playtime":1094,"items_purged":["Writhe"],"score":439,"play_id":"288cc514-3170-49ae-b59d-eb3c3c0b0841","local_time":"20210124230318","is_ascension_mode":true,"campfire_choices":[{"data":"ats:Thermite Blade","floor":6,"key":"SMITH"},{"data":"ats:Sunburst","floor":8,"key":"SMITH"},{"data":"ats:Ignite","floor":11,"key":"SMITH"},{"data":"ats:Poison Spread","floor":15,"key":"SMITH"},{"data":"1","floor":23,"key":"LIFT"},{"data":"2","floor":28,"key":"LIFT"},{"floor":32,"key":"REST"}],"circlet_count":0,"master_deck":["ats:Strike C","ats:Strike G","ats:Strike S","ats:Armor Crushing Shot","ats:Defend","ats:Defend","ats:Defend","ats:Defend","ats:Emotion Absorption","ats:Ignite+1","ats:Blood Oath","ats:Thermite Blade+1","ats:Consecutive Shot Auto","ats:Sunburst+1","ats:Poison Spread+1","ats:Ignite","ats:Leaping Hammer","ats:Ambush","ats:Cat Scratch","ats:Rapid Magazine+1","ats:Sword Rain","ats:Hammer On+1","ats:Hammer On","ats:Closed Bolt Burst Fire+1","ats:Healing Drone","ats:Ignite+1","ats:Guard Mode","ats:Apocalypse","ats:Revitalization","ats:Shell Defense+1","ats:Wolf Pack","ats:Ambush","ats:Steam Pump+1","ats:Flame Of Heaven+1","ats:Disruption Kick","ats:Revitalization+1","ats:Shell Defense+1","ats:Overload+1"],"relics":["ats:Sanity","NeowsBlessing","aspiration:HiddenCompartment","ats:Originium","Lizard Tail","Prayer Wheel","Juzu Bracelet","Philosopher\u0027s Stone","Girya","MutagenicStrength","Tiny Chest","Toxic Egg 2","Sozu","BrokenLever"],"acts_visited":["Exordium","TheCity","TheBeyond"],"potions_floor_usage":[1,12,14,16,18,33,33],"damage_taken":[{"damage":0,"enemies":"2 Louse","floor":1,"turns":1},{"damage":0,"enemies":"Cultist","floor":2,"turns":2},{"damage":0,"enemies":"Jaw Worm","floor":5,"turns":1},{"damage":0,"enemies":"Looter","floor":7,"turns":2},{"damage":14,"enemies":"Blue Slaver","floor":10,"turns":3},{"damage":31,"enemies":"3 Sentries","floor":12,"turns":5},{"damage":12,"enemies":"Gremlin Nob","floor":14,"turns":3},{"damage":43,"enemies":"Hexaghost","floor":16,"turns":9},{"damage":11,"enemies":"2 Thieves","floor":18,"turns":3},{"damage":16,"enemies":"Spheric Guardian","floor":24,"turns":4},{"damage":7,"enemies":"Centurion and Healer","floor":25,"turns":5},{"damage":12,"enemies":"Cultist and Chosen","floor":27,"turns":5},{"damage":26,"enemies":"Chosen and Byrds","floor":31,"turns":5},{"damage":73,"enemies":"Automaton","floor":33,"turns":12},{"damage":18,"enemies":"3 Darklings","floor":35,"turns":4},{"damage":61,"enemies":"3 Shapes","floor":38,"turns":3},{"damage":10,"enemies":"Reptomancer","floor":40,"turns":1}],"seed_played":"536855011597146559","potions_obtained":[{"floor":1,"key":"EntropicBrew"},{"floor":2,"key":"Weak Potion"},{"floor":16,"key":"ats:Top Emergency Sanity Potion"},{"floor":24,"key":"BlessingOfTheForge"},{"floor":27,"key":"FearPotion"}],"is_trial":false,"path_per_floor":["M","M","$","?","M","R","M","R","T","M","R","E","$","E","R","B",null,"M","?","$","?","$","R","M","M","T","M","R","$","T","M","R","B",null,"M","$","?","M","T","E"],"character_chosen":"DOCTOR_CLASS","items_purchased":["ats:Thermite Blade","Prayer Wheel","ats:Sword Rain","ats:Apocalypse","ats:Revitalization","ats:Disruption Kick","ats:Revitalization+1"],"campfire_rested":1,"item_purchase_floors":[3,13,22,29,29,36,36],"current_hp_per_floor":[72,72,72,72,72,72,72,72,72,58,58,33,33,24,24,24,72,64,64,64,64,64,64,51,47,47,44,44,44,44,32,53,32,72,59,59,59,8,8,0,0],"gold":28,"neow_bonus":"THREE_ENEMY_KILL","is_daily":false,"chose_seed":false,"campfire_upgraded":4,"win_rate":0.0,"timestamp":1611511398,"path_taken":["M","M","$","?","?","R","M","R","T","M","R","E","$","E","R","BOSS","M","?","?","?","$","R","M","M","T","M","R","?","?","M","R","BOSS","M","$","?","M","?","E"],"items_purchased_type":["Card","Relic","Card","Card","Card","Card","Card"],"build_version":"2020-12-22","purchased_purges":1,"victory":false,"max_hp_per_floor":[72,72,72,72,72,72,72,72,72,72,72,72,72,72,72,72,72,72,72,72,72,72,72,72,72,72,72,72,72,72,72,72,72,72,72,72,72,72,72,72,72],"card_choices":[{"not_picked":["ats:Spore Proliferation","ats:Cat Scratch"],"picked":"ats:Ignite","floor":1},{"not_picked":["ats:Mental Burst","ats:Leaping Hammer"],"picked":"ats:Blood Oath","floor":2},{"not_picked":["ats:Shadow Raid","ats:Leaping Hammer"],"picked":"ats:Consecutive Shot Auto","floor":5},{"not_picked":["ats:Rapid Magazine","ats:Poison Spread"],"picked":"ats:Sunburst","floor":7},{"not_picked":["ats:Assault Order","ats:Flexible Camouflage"],"picked":"ats:Poison Spread","floor":10},{"not_picked":["ats:Healing Strengthening","ats:Fractured Body"],"picked":"ats:Ignite","floor":12},{"not_picked":["ats:Healing Drone","ats:Guard Mode"],"picked":"ats:Leaping Hammer","floor":14},{"not_picked":["ats:Soul Rend","ats:Calcification"],"picked":"ats:Ambush","floor":16},{"not_picked":["ats:Absolute Focus","ats:Shadow Raid"],"picked":"ats:Cat Scratch","floor":18},{"not_picked":["ats:Revitalization","ats:Counter Healing Mode"],"picked":"ats:Rapid Magazine+1","floor":18},{"not_picked":["ats:Shadow Raid","ats:Part Time Job"],"picked":"ats:Hammer On+1","floor":24},{"not_picked":["ats:Ignite+1","ats:Cat Scratch"],"picked":"ats:Hammer On","floor":24},{"not_picked":["ats:Apocalypse","ats:Song Of Battle+1"],"picked":"ats:Closed Bolt Burst Fire+1","floor":25},{"not_picked":["ats:Guardian Obelisk","ats:Curse Doll"],"picked":"ats:Healing Drone","floor":25},{"not_picked":["ats:Sunburst","ats:LN2 Cannon"],"picked":"ats:Ignite+1","floor":27},{"not_picked":["ats:Defend Order","ats:Absolute Focus+1"],"picked":"ats:Guard Mode","floor":27},{"not_picked":["ats:Chain Hook","ats:Beaten Up+1"],"picked":"ats:Shell Defense+1","floor":31},{"not_picked":["ats:Blood Oath+1","ats:Explosion Area Strengthen"],"picked":"ats:Wolf Pack","floor":31},{"not_picked":["ats:Nebulous Foxfire+1","ats:Rat Pack+1"],"picked":"ats:Ambush","floor":33},{"not_picked":["ats:Very Hot Blade+1","ats:Rapid Magazine"],"picked":"ats:Steam Pump+1","floor":35},{"not_picked":["ats:Automatic Cover+1","ats:Assault Order+1"],"picked":"ats:Flame Of Heaven+1","floor":35},{"not_picked":["ats:Very Hot Blade+1","ats:Phantom+1"],"picked":"ats:Shell Defense+1","floor":38},{"not_picked":["ats:Hammer On+1","ats:Consecutive Shot Auto"],"picked":"ats:Overload+1","floor":38}],"player_experience":727469,"relics_obtained":[{"floor":9,"key":"aspiration:HiddenCompartment"},{"floor":12,"key":"ats:Originium"},{"floor":12,"key":"Lizard Tail"},{"floor":14,"key":"ats:Originium"},{"floor":14,"key":"Juzu Bracelet"},{"floor":26,"key":"Tiny Chest"},{"floor":30,"key":"Toxic Egg 2"},{"floor":39,"key":"BrokenLever"}],"event_choices":[{"damage_healed":0,"gold_gain":100,"player_choice":"Gold","damage_taken":0,"max_hp_gain":0,"max_hp_loss":0,"event_name":"Wheel of Change","floor":4,"gold_loss":0},{"damage_healed":0,"gold_gain":0,"player_choice":"Opened","damage_taken":0,"relics_obtained":["Girya"],"max_hp_gain":0,"max_hp_loss":0,"event_name":"The Mausoleum","floor":19,"gold_loss":0,"cards_obtained":["Writhe"]},{"damage_healed":0,"gold_gain":0,"player_choice":"Inject Mutagens","damage_taken":0,"relics_obtained":["MutagenicStrength"],"max_hp_gain":0,"max_hp_loss":0,"event_name":"Drug Dealer","floor":21,"gold_loss":0},{"cards_removed":["ats:Strike V"],"damage_healed":0,"gold_gain":0,"player_choice":"Removed Attack","damage_taken":0,"max_hp_gain":0,"max_hp_loss":0,"event_name":"Falling","floor":37,"gold_loss":0}],"is_beta":false,"boss_relics":[{"not_picked":["ats:Omniscience","aspiration:WatcherSkillbook"],"picked":"Philosopher\u0027s Stone"},{"not_picked":["Velvet Choker","energizedSpire:StickyHand"],"picked":"Sozu"}],"items_purged_floors":[20],"is_endless":false,"potions_floor_spawned":[1,2,16,24,27],"killed_by":"Reptomancer","ascension_level":1}}