{"host":"ox77rn1xcurm2t5a","time":1611514079,"event":{"mods":["2.2 Compatiblity","AchievementEnabler","Act Like it!","Aspiration","BaseMod","Best Route Mod","Better Match","Better Note","Better Sensory Stone","Block Reminder","Colored Map","Colored Powertips","Conjunction","Conspire","Custom Start","Energized Spire","GifTheSpireLib","Gold Saver","Gremlin Skip","Halation","Highlight Path","Hubris","Infinite Spire","Minty Spire (QoL Compilation)","Pale of the Ancients","Quick Restart","Replay The Spire","Reworked Bosses","ShortenTheSpire","Spire Exporter","StSLib","Stuff the Spire","Wandering Minibosses","vexMod"],"gold_per_floor":[111,111,126,0,0,0,25,25,52,85,85,111,111,128,128,205,205,224,224,243,243,268,268,285,319,319,334,334,334,364,364,364],"floor_reached":31,"language":"ENG","playtime":665,"items_purged":["Strike_B"],"score":686,"play_id":"71d44cec-c95a-4ed2-9fb3-702437f1f62d","local_time":"20210124204759","is_ascension_mode":true,"campfire_choices":[{"floor":6,"key":"RECALL"},{"data":"Zap","floor":8,"key":"SMITH"},{"data":"Lockon","floor":11,"key":"SMITH"},{"data":"Dualcast","floor":13,"key":"SMITH"},{"data":"Electrodynamics","floor":15,"key":"SMITH"},{"data":"Ball Lightning","floor":23,"key":"SMITH"},{"floor":28,"key":"REST"}],"circlet_count":0,"master_deck":["AscendersBane","Strike_B","Strike_B","Strike_B","Defend_B","Defend_B","Defend_B","Defend_B","Zap+1","Dualcast+1","Lockon+1","Defragment+1","Ball Lightning+1","Electrodynamics+1","Gash","Genetic Algorithm+1","BootSequence+1","Gash","Gash","Gash"],"relics":["Cracked Core","NeowsBlessing","infinitespire:Broken Mirror","InkBottle","hubris:PeanutButter","TheAbacus","Red Mask","conspire:BottledYoYo","conspire:Dentures"],"acts_visited":["Exordium","TheCity"],"potions_floor_usage":[10,12,22,31],"damage_taken":[{"damage":0,"enemies":"Jaw Worm","floor":1,"turns":1},{"damage":0,"enemies":"Cultist","floor":3,"turns":1},{"damage":0,"enemies":"Lagavulin","floor":7,"turns":1},{"damage":15,"enemies":"3 Sentries","floor":10,"turns":4},{"damage":0,"enemies":"Gremlin Nob","floor":12,"turns":2},{"damage":0,"enemies":"Small Slimes","floor":14,"turns":2},{"damage":0,"enemies":"Fading Forest","floor":16,"turns":11},{"damage":0,"enemies":"3 Byrds","floor":18,"turns":2},{"damage":0,"enemies":"2 Thieves","floor":20,"turns":2},{"damage":0,"enemies":"Masked Bandits","floor":22,"turns":2},{"damage":2,"enemies":"Sentry and Sphere","floor":24,"turns":3},{"damage":18,"enemies":"Gremlin Leader","floor":25,"turns":5},{"damage":28,"enemies":"Snecko","floor":27,"turns":5},{"damage":4,"enemies":"conspire:Head Lice","floor":30,"turns":4},{"damage":10,"enemies":"Snake Plant","floor":31,"turns":7}],"seed_played":"-3780216533856174149","potions_obtained":[{"floor":3,"key":"Adrenaline Potion"},{"floor":10,"key":"ColorlessPotion"},{"floor":20,"key":"Ancient Potion"},{"floor":27,"key":"ColorlessPotion"}],"is_trial":false,"path_per_floor":["M","?","M","$","?","R","E","R","T","E","R","E","R","M","R","B",null,"M","?","M","AVR","?","R","M","E","T","M","R","?","E","M"],"character_chosen":"DEFECT","items_purchased":["Defragment","Ball Lightning"],"campfire_rested":1,"item_purchase_floors":[4,4],"current_hp_per_floor":[64,64,64,64,64,64,64,64,64,49,49,49,49,49,49,57,68,68,68,68,68,68,68,66,48,48,20,41,28,24,14,14],"gold":364,"neow_bonus":"THREE_ENEMY_KILL","is_daily":false,"chose_seed":false,"campfire_upgraded":5,"win_rate":0.0,"timestamp":1611514079,"path_taken":["M","?","M","$","?","R","E","R","T","E","R","E","R","?","R","BOSS","M","?","M","AVR","?","R","M","E","T","M","R","?","E","M"],"items_purchased_type":["Card","Card"],"build_version":"2020-12-22","purchased_purges":1,"victory":false,"max_hp_per_floor":[71,71,71,71,71,71,71,71,71,71,71,71,71,71,71,71,71,71,71,71,71,71,71,71,71,71,71,71,76,76,76,76],"card_choices":[{"not_picked":["Steam","Rebound"],"picked":"Lockon","floor":1},{"not_picked":["Sweeping Beam","Auto Shields","Reinforced Body"],"picked":"SKIP","floor":3},{"not_picked":["StuffTheSpire:LoadUp","Cold Snap"],"picked":"Electrodynamics","floor":7},{"not_picked":["ReplayTheSpireMod:Dual Polarity","Sweeping Beam","Streamline"],"picked":"SKIP","floor":10},{"not_picked":["Cold Snap","Hologram"],"picked":"Gash","floor":12},{"not_picked":["ReplayTheSpireMod:Fabricate Wheel","ReplayTheSpireMod:System Scan","Panic Button"],"picked":"SKIP","floor":14},{"not_picked":["Beam Cell","Force Field","Redo"],"picked":"SKIP","floor":18},{"not_picked":["Glacier","StuffTheSpire:LoadUp","Cold Snap"],"picked":"SKIP","floor":20},{"not_picked":["BasicCrystalCard","Ball Lightning"],"picked":"Genetic Algorithm+1","floor":22},{"not_picked":["StuffTheSpire:LoadUp","Rebound"],"picked":"BootSequence+1","floor":24},{"not_picked":["Chill","ReplayTheSpireMod:Omega Cannon"],"picked":"Gash","floor":25},{"not_picked":["Loop","Reinforced Body+1"],"picked":"Gash","floor":27},{"not_picked":["StuffTheSpire:ShieldGenerator+1","Rebound"],"picked":"Gash","floor":30}],"player_experience":2988233,"relics_obtained":[{"floor":7,"key":"infinitespire:Broken Mirror"},{"floor":10,"key":"InkBottle"},{"floor":12,"key":"hubris:PeanutButter"},{"floor":22,"key":"Red Mask"},{"floor":25,"key":"conspire:BottledYoYo"},{"floor":26,"key":"conspire:Dentures"}],"event_choices":[{"damage_healed":0,"gold_gain":0,"player_choice":"Forge","damage_taken":0,"max_hp_gain":0,"max_hp_loss":0,"event_name":"Accursed Blacksmith","floor":5,"gold_loss":0,"cards_upgraded":["Defragment"]},{"damage_healed":0,"gold_gain":0,"player_choice":"Fought Bandits","damage_taken":0,"max_hp_gain":0,"max_hp_loss":0,"event_name":"Masked Bandits","floor":22,"gold_loss":0},{"damage_healed":0,"gold_gain":0,"player_choice":"Shed Blood","damage_taken":18,"max_hp_gain":5,"max_hp_loss":0,"event_name":"Forgotten Altar","floor":29,"gold_loss":0}],"is_beta":false,"boss_relics":[{"not_picked":["energizedSpire:RedRose","StuffTheSpire:ModemDavis","aspiration:RitualDagger"]}],"items_purged_floors":[21],"is_endless":false,"potions_floor_spawned":[3,10,20,27],"killed_by":"Snake Plant","ascension_level":14}}