{"host":"ao4lxi9bhtts409i","time":1611448546,"event":{"mods":["AchievementEnabler","BaseMod","Colored Map","Colored Powertips","Minty Spire (QoL Compilation)","SuperFastMode"],"gold_per_floor":[116,127,127,127,139,139,170,170,170,204,61,77,87,10,10,108,108,127,127,127,137,155,155,168,168,192,203,213,213,213,313,313,417,417,432,484,501,128,145,145,145],"floor_reached":40,"language":"ENG","playtime":1565,"items_purged":["Strike_R"],"score":478,"play_id":"da1bef78-95e1-4045-8078-81be22d7eab0","local_time":"20210124013546","is_ascension_mode":true,"campfire_choices":[{"data":"Armaments","floor":6,"key":"SMITH"},{"data":"Double Tap","floor":8,"key":"SMITH"},{"data":"Buffer","floor":15,"key":"SMITH"},{"floor":23,"key":"REST"},{"floor":25,"key":"REST"},{"floor":30,"key":"REST"},{"floor":32,"key":"REST"}],"circlet_count":0,"master_deck":["Strike_R","Strike_R","Strike_R","Defend_R","Defend_R","Defend_R+1","Defend_R","Bash","Cleave","Blood for Blood+1","Armaments+1","Double Tap+1","Bloodletting","Clothesline","Buffer+1","Evolve","Demon Form","Iron Wave+1","Power Through","Dagger Spray+1","Beam Cell+1","Rage","Shockwave","Iron Wave","Offering","Flame Barrier+1","PiercingWail","Rupture","Footwork+1"],"relics":["Burning Blood","NeowsBlessing","White Beast Statue","Darkstone Periapt","Bottled Lightning","PrismaticShard","Philosopher\u0027s Stone","Smiling Mask","Sozu","Unceasing Top","Mango"],"acts_visited":["Exordium","TheCity","TheBeyond"],"potions_floor_usage":[7,13,16,18,22,28,28,28,36],"damage_taken":[{"damage":0,"enemies":"2 Louse","floor":1,"turns":1},{"damage":0,"enemies":"Jaw Worm","floor":2,"turns":1},{"damage":0,"enemies":"Small Slimes","floor":5,"turns":1},{"damage":15,"enemies":"3 Sentries","floor":7,"turns":7},{"damage":27,"enemies":"Lagavulin","floor":10,"turns":6},{"damage":6,"enemies":"Looter","floor":12,"turns":4},{"damage":14,"enemies":"3 Louse","floor":13,"turns":2},{"damage":37,"enemies":"Hexaghost","floor":16,"turns":8},{"damage":15,"enemies":"3 Byrds","floor":18,"turns":6},{"damage":27,"enemies":"Spheric Guardian","floor":21,"turns":6},{"damage":31,"enemies":"Snecko","floor":22,"turns":5},{"damage":19,"enemies":"Snake Plant","floor":24,"turns":5},{"damage":34,"enemies":"Shelled Parasite and Fungi","floor":27,"turns":5},{"damage":16,"enemies":"Snecko","floor":28,"turns":7},{"damage":19,"enemies":"Colosseum Slavers","floor":29,"turns":6},{"damage":47,"enemies":"Automaton","floor":33,"turns":11},{"damage":14,"enemies":"3 Darklings","floor":35,"turns":4},{"damage":35,"enemies":"2 Orb Walkers","floor":36,"turns":6},{"damage":0,"enemies":"Orb Walker","floor":37,"turns":4},{"damage":39,"enemies":"Maw","floor":39,"turns":7},{"damage":41,"enemies":"Nemesis","floor":40,"turns":2}],"seed_played":"8926390636855198612","potions_obtained":[{"floor":2,"key":"Regen Potion"},{"floor":7,"key":"BloodPotion"},{"floor":10,"key":"CultistPotion"},{"floor":12,"key":"Energy Potion"},{"floor":13,"key":"AttackPotion"},{"floor":16,"key":"ColorlessPotion"},{"floor":18,"key":"SmokeBomb"},{"floor":21,"key":"Dexterity Potion"},{"floor":22,"key":"SpeedPotion"},{"floor":24,"key":"SpeedPotion"},{"floor":28,"key":"ElixirPotion"},{"floor":33,"key":"SteroidPotion"}],"is_trial":false,"path_per_floor":["M","M","?","?","M","R","E","R","T","E","$","M","M","$","R","B",null,"M","$","?","M","M","R","M","R","T","M","M","?","R","?","R","B",null,"M","?","M","$","M","E"],"character_chosen":"IRONCLAD","items_purchased":["PrismaticShard","Evolve","Mango","Rupture"],"campfire_rested":4,"item_purchase_floors":[11,14,38,38],"current_hp_per_floor":[80,80,73,57,63,63,69,69,69,48,48,48,56,56,56,25,80,71,71,71,50,25,49,36,60,60,32,22,9,33,33,57,16,80,72,43,49,63,30,0,0],"gold":145,"neow_bonus":"THREE_ENEMY_KILL","is_daily":false,"chose_seed":false,"campfire_upgraded":3,"win_rate":0.0,"timestamp":1611448546,"path_taken":["M","M","?","?","?","R","E","R","T","E","$","M","M","$","R","BOSS","M","$","?","M","M","R","M","R","T","M","M","?","R","?","R","BOSS","M","?","M","$","M","E"],"items_purchased_type":["Relic","Card","Relic","Card"],"build_version":"2020-12-22","purchased_purges":1,"victory":false,"max_hp_per_floor":[80,80,80,80,80,80,80,80,80,80,80,80,80,80,80,80,80,80,80,80,80,80,80,80,80,80,80,80,80,80,80,80,80,80,80,80,80,94,94,94,94],"card_choices":[{"not_picked":["Twin Strike","Headbutt"],"picked":"Cleave","floor":1},{"not_picked":["Perfected Strike","Twin Strike"],"picked":"Blood for Blood","floor":2},{"not_picked":["Disarm","Anger"],"picked":"Armaments","floor":5},{"not_picked":["Rupture","Havoc"],"picked":"Double Tap","floor":7},{"not_picked":["Iron Wave","Flex"],"picked":"Bloodletting","floor":10},{"not_picked":["WheelKick","Dark Shackles"],"picked":"Clothesline","floor":12},{"not_picked":["Enlightenment","JustLucky"],"picked":"Buffer","floor":13},{"not_picked":["Creative AI","Sadistic Nature"],"picked":"Demon Form","floor":16},{"not_picked":["Fire Breathing","Sucker Punch"],"picked":"Iron Wave+1","floor":18},{"not_picked":["Crescendo+1","Lockon+1"],"picked":"Dagger Spray+1","floor":21},{"not_picked":["Barrage","Twin Strike"],"picked":"Beam Cell+1","floor":22},{"not_picked":["Sword Boomerang","Magnetism"],"picked":"Rage","floor":24},{"not_picked":["Doom and Gloom","Havoc"],"picked":"Shockwave","floor":27},{"not_picked":["Dagger Spray+1","Beam Cell"],"picked":"Iron Wave","floor":28},{"not_picked":["Chrysalis","Violence"],"picked":"Offering","floor":33},{"not_picked":["Havoc","Heel Hook","Evaluate"],"picked":"SKIP","floor":35},{"not_picked":["Beam Cell+1","Sword Boomerang+1"],"picked":"Flame Barrier+1","floor":36},{"not_picked":["Iron Wave","FlyingSleeves"],"picked":"PiercingWail","floor":37},{"not_picked":["Metamorphosis","Compile Driver+1"],"picked":"Footwork+1","floor":39}],"player_experience":255669,"relics_obtained":[{"floor":7,"key":"White Beast Statue"},{"floor":9,"key":"Darkstone Periapt"},{"floor":10,"key":"Bottled Lightning"},{"floor":26,"key":"Smiling Mask"},{"floor":36,"key":"Unceasing Top"}],"event_choices":[{"cards_removed":["Strike_R"],"damage_healed":0,"gold_gain":0,"player_choice":"Card Removal","damage_taken":7,"max_hp_gain":0,"max_hp_loss":0,"event_name":"Golden Wing","floor":3,"gold_loss":0},{"damage_healed":0,"gold_gain":0,"player_choice":"Entered Light","damage_taken":16,"max_hp_gain":0,"max_hp_loss":0,"event_name":"Shining Light","floor":4,"gold_loss":0,"cards_upgraded":["Defend_R","Blood for Blood"]},{"damage_healed":0,"gold_gain":0,"player_choice":"Read","damage_taken":0,"max_hp_gain":0,"max_hp_loss":0,"event_name":"The Library","floor":20,"gold_loss":0,"cards_obtained":["Power Through"]},{"damage_healed":0,"gold_gain":0,"player_choice":"Fight","damage_taken":0,"max_hp_gain":0,"max_hp_loss":0,"event_name":"Colosseum","floor":29,"gold_loss":0},{"damage_healed":0,"gold_gain":0,"player_choice":"Fled From Nobs","damage_taken":0,"max_hp_gain":0,"max_hp_loss":0,"event_name":"Colosseum","floor":29,"gold_loss":0},{"damage_healed":0,"gold_gain":100,"player_choice":"Pray","damage_taken":0,"max_hp_gain":0,"max_hp_loss":0,"event_name":"Golden Shrine","floor":31,"gold_loss":0},{"damage_healed":0,"gold_gain":0,"player_choice":"Fight","damage_taken":0,"max_hp_gain":0,"max_hp_loss":0,"event_name":"Mysterious Sphere","floor":36,"gold_loss":0}],"is_beta":false,"boss_relics":[{"not_picked":["Snecko Eye","Runic Pyramid"],"picked":"Philosopher\u0027s Stone"},{"not_picked":["Empty Cage","SacredBark"],"picked":"Sozu"}],"items_purged_floors":[38],"is_endless":false,"potions_floor_spawned":[2,7,10,12,13,16,18,21,22,24,27,28,29,33,35,36,37,39],"killed_by":"Nemesis","ascension_level":4}}