{"host":"ptvbuawyvnztju27","time":1611460534,"event":{"mods":["BaseMod","Minty Spire (QoL Compilation)","StSLib","The Edgeheg","Unceasing Turn Reminder"],"gold_per_floor":[89,100,111,111,123,123,123,135,135,135,135,160,160,160,160,160,160],"floor_reached":16,"language":"ENG","playtime":396,"items_purged":[],"score":100,"play_id":"0634f6fd-7612-466c-bef9-95ee3048cfe3","local_time":"20210123205534","is_ascension_mode":false,"campfire_choices":[{"floor":6,"key":"REST"},{"floor":10,"key":"REST"},{"data":"theEdgeheg:QuickKatana","floor":13,"key":"SMITH"},{"floor":15,"key":"REST"}],"circlet_count":0,"master_deck":["theEdgeheg:StarterShootAttack","theEdgeheg:StarterShootAttack","theEdgeheg:StarterShootAttack","theEdgeheg:StarterShootAttack","theEdgeheg:StarterDodgeSkill","theEdgeheg:StarterDodgeSkill","theEdgeheg:StarterDodgeSkill","theEdgeheg:BloodyKatana","theEdgeheg:ChaosControlSkill","theEdgeheg:GatherChaos","theEdgeheg:Reload","theEdgeheg:ChaosWhip","theEdgeheg:Shotgun","theEdgeheg:Sniper+1","theEdgeheg:ChaosEnergyKatana","theEdgeheg:EndlessKatanas","theEdgeheg:QuickKatana+1"],"relics":["theEdgeheg:UltimateLifeformRelic","theEdgeheg:CSGunRelic","Prayer Wheel","WingedGreaves","Bird Faced Urn"],"acts_visited":["Exordium"],"potions_floor_usage":[12,16],"damage_taken":[{"damage":0,"enemies":"2 Louse","floor":1,"turns":3},{"damage":1,"enemies":"Jaw Worm","floor":2,"turns":3},{"damage":0,"enemies":"Small Slimes","floor":3,"turns":3},{"damage":1,"enemies":"3 Louse","floor":5,"turns":2},{"damage":0,"enemies":"Large Slime","floor":8,"turns":6},{"damage":2,"enemies":"Gremlin Nob","floor":12,"turns":4},{"damage":3,"enemies":"The Guardian","floor":16,"turns":6}],"seed_played":"4002401648530816328","potions_obtained":[{"floor":2,"key":"SneckoOil"},{"floor":12,"key":"ColorlessPotion"}],"is_trial":false,"path_per_floor":["M","M","M","?","M","R","T","M","T","R","?","E","R","?","R","B"],"character_chosen":"THE_DEFAULT","items_purchased":[],"campfire_rested":3,"item_purchase_floors":[],"current_hp_per_floor":[4,3,3,3,2,3,3,3,3,4,4,2,2,2,3,0,0],"gold":160,"neow_bonus":"THREE_CARDS","is_daily":false,"chose_seed":false,"campfire_upgraded":1,"win_rate":0.0,"timestamp":1611460534,"path_taken":["M","M","M","?","M","R","?","M","T","R","?","E","R","?","R","BOSS"],"items_purchased_type":[],"build_version":"2020-12-22","purchased_purges":0,"victory":false,"max_hp_per_floor":[5,5,5,5,5,5,5,5,5,5,5,5,5,5,5,5,5],"card_choices":[{"not_picked":["theEdgeheg:ChaosBlast","theEdgeheg:Heh"],"picked":"theEdgeheg:Reload","floor":0},{"not_picked":["theEdgeheg:Heh","theEdgeheg:ChaosCards"],"picked":"theEdgeheg:ChaosWhip","floor":1},{"not_picked":["theEdgeheg:Heh","theEdgeheg:ChaosCards"],"picked":"theEdgeheg:Shotgun","floor":2},{"not_picked":["theEdgeheg:GirlWithGun","theEdgeheg:Heh"],"picked":"theEdgeheg:Sniper","floor":3},{"not_picked":["theEdgeheg:ChaosControlSkill","theEdgeheg:DrawGun"],"picked":"theEdgeheg:ChaosEnergyKatana","floor":5},{"not_picked":["theEdgeheg:BlackKatana","theEdgeheg:BadassArsenal"],"picked":"theEdgeheg:EndlessKatanas","floor":8},{"not_picked":["theEdgeheg:MachineGun","theEdgeheg:Heh","theEdgeheg:RollAndShoot"],"picked":"SKIP","floor":8},{"not_picked":["theEdgeheg:RollAndShoot","theEdgeheg:Knives"],"picked":"theEdgeheg:QuickKatana","floor":12}],"player_experience":72126,"relics_obtained":[{"floor":7,"key":"Prayer Wheel"},{"floor":9,"key":"WingedGreaves"},{"floor":12,"key":"Bird Faced Urn"}],"event_choices":[{"damage_healed":0,"gold_gain":0,"player_choice":"Ignored","damage_taken":0,"max_hp_gain":0,"max_hp_loss":0,"event_name":"Liars Game","floor":4,"gold_loss":0},{"damage_healed":0,"gold_gain":0,"player_choice":"Grow","damage_taken":0,"max_hp_gain":0,"max_hp_loss":0,"event_name":"Living Wall","floor":11,"gold_loss":0,"cards_upgraded":["theEdgeheg:Sniper"]},{"damage_healed":0,"gold_gain":0,"player_choice":"Ignored","damage_taken":0,"max_hp_gain":0,"max_hp_loss":0,"event_name":"Shining Light","floor":14,"gold_loss":0}],"is_beta":false,"boss_relics":[],"items_purged_floors":[],"is_endless":false,"potions_floor_spawned":[2,12],"killed_by":"The Guardian","ascension_level":0}}