{"host":"bxn2em57qlx5u4i0","time":1611460141,"event":{"mods":["BaseMod","Colored Map","Colored Powertips","Highlight Path","Minty Spire (QoL Compilation)","Random Character Button","Relic Sorter","Relic Stats","StSLib","SuperFastMode"],"gold_per_floor":[116,116,116,37,48,74,74,92,145,145,172,185,220,240,240,317,367,380,41,58,58,58,84,84,119,142,142,152,162,191,191,191,265,265,279,7,32,52,0,29,29,63,132,162,172,72,105,125,125,125,125,125,125,5,33,33,33],"floor_reached":56,"language":"ENG","playtime":2693,"items_purged":["Pain","Bite","Defend_G","Defend_G"],"score":2182,"play_id":"71892cbc-018e-4929-8320-354e3e070b8f","local_time":"20210123224901","is_ascension_mode":true,"campfire_choices":[{"data":"Sadistic Nature","floor":7.0,"key":"SMITH"},{"floor":10.0,"key":"REST"},{"floor":15.0,"key":"REST"},{"data":"Noxious Fumes","floor":24.0,"key":"SMITH"},{"data":"After Image","floor":27.0,"key":"SMITH"},{"data":"Footwork","floor":32.0,"key":"SMITH"},{"data":"After Image","floor":41,"key":"SMITH"},{"floor":49,"key":"RECALL"},{"data":"Night Terror","floor":53,"key":"SMITH"}],"circlet_count":0,"master_deck":["AscendersBane","Defend_G","Defend_G","Defend_G","Survivor","Neutralize+1","Sadistic Nature+1","Escape Plan","Noxious Fumes+1","Poisoned Stab","Adrenaline","Dagger Spray","Bullet Time","PiercingWail","After Image+1","Well Laid Plans","After Image+1","Bandage Up","Crippling Poison","Bite","Bite","Bite","Bite","Escape Plan","Footwork+1","Crippling Poison","Night Terror+1","Dodge and Roll+1","Dodge and Roll+1"],"relics":["Ring of the Snake","WarpedTongs","Dream Catcher","Mummified Hand","Centennial Puzzle","Tiny House","Anchor","Pantograph","Meat on the Bone","MealTicket","Busted Crown","TwistedFunnel","Unceasing Top","Eternal Feather","The Courier","FossilizedHelix","Pear","Dead Branch","Toy Ornithopter","Happy Flower"],"acts_visited":["Exordium","TheCity","TheBeyond","TheEnding"],"potions_floor_usage":[55,56],"damage_taken":[{"damage":2.0,"enemies":"2 Louse","floor":1.0,"turns":3.0},{"damage":4.0,"enemies":"Cultist","floor":5.0,"turns":4.0},{"damage":31.0,"enemies":"Gremlin Nob","floor":6.0,"turns":4.0},{"damage":4.0,"enemies":"Small Slimes","floor":8.0,"turns":4.0},{"damage":22.0,"enemies":"3 Sentries","floor":11.0,"turns":5.0},{"damage":11.0,"enemies":"Exordium Wildlife","floor":12.0,"turns":2.0},{"damage":5.0,"enemies":"Lagavulin","floor":13.0,"turns":5.0},{"damage":1.0,"enemies":"Looter","floor":14.0,"turns":3.0},{"damage":10.0,"enemies":"Hexaghost","floor":16.0,"turns":8.0},{"damage":20.0,"enemies":"2 Thieves","floor":18.0,"turns":5.0},{"damage":1.0,"enemies":"Shell Parasite","floor":20.0,"turns":5.0},{"damage":16.0,"enemies":"Gremlin Leader","floor":23.0,"turns":6.0},{"damage":1.0,"enemies":"Slavers","floor":25.0,"turns":3.0},{"damage":1.0,"enemies":"Shelled Parasite and Fungi","floor":28.0,"turns":6.0},{"damage":0.0,"enemies":"Snake Plant","floor":29.0,"turns":5.0},{"damage":26.0,"enemies":"Gremlin Leader","floor":30.0,"turns":6.0},{"damage":25.0,"enemies":"Automaton","floor":33.0,"turns":10.0},{"damage":0.0,"enemies":"Orb Walker","floor":35.0,"turns":7.0},{"damage":11.0,"enemies":"Mind Bloom Boss Battle","floor":37.0,"turns":9.0},{"damage":0.0,"enemies":"3 Darklings","floor":38.0,"turns":4.0},{"damage":10,"enemies":"Nemesis","floor":40,"turns":9},{"damage":20,"enemies":"Giant Head","floor":42,"turns":9},{"damage":19,"enemies":"Reptomancer","floor":44,"turns":7},{"damage":0,"enemies":"Sphere and 2 Shapes","floor":45,"turns":4},{"damage":0,"enemies":"Giant Head","floor":47,"turns":10},{"damage":0,"enemies":"4 Shapes","floor":48,"turns":6},{"damage":31,"enemies":"Time Eater","floor":50,"turns":15},{"damage":22,"enemies":"Donu and Deca","floor":51,"turns":11},{"damage":0,"enemies":"Shield and Spear","floor":55,"turns":6},{"damage":90,"enemies":"The Heart","floor":56,"turns":8}],"seed_played":"-1806683152490000430","potions_obtained":[{"floor":12.0,"key":"Poison Potion"},{"floor":13.0,"key":"LiquidBronze"},{"floor":14.0,"key":"Weak Potion"},{"floor":17.0,"key":"SteroidPotion"},{"floor":28.0,"key":"Fire Potion"},{"floor":29.0,"key":"EssenceOfSteel"},{"floor":30.0,"key":"PowerPotion"},{"floor":33.0,"key":"LiquidMemories"},{"floor":38.0,"key":"PowerPotion"}],"is_trial":false,"path_per_floor":["M","?","?","$","M","E","R","M","T","R","E","M","E","M","R","B",null,"M","$","M","?","$","E","R","E","T","R","M","M","E","?","R","B",null,"M","$","?","M","?","E","R","E","T","E","M","$","E","M","R","B","B",null,"R","$","E","B"],"character_chosen":"THE_SILENT","items_purchased":["Noxious Fumes","Anchor","Bandage Up","TwistedFunnel"],"campfire_rested":2,"item_purchase_floors":[4,19,19,36],"current_hp_per_floor":[57,57,57,57,53,22,22,20,20,38,18,9,6,7,25,17,54,36,36,41,41,41,52,52,59,59,59,65,65,52,34,34,67,69,70,70,70,70,70,68,70,64,74,66,78,80,80,80,80,61,65,76,80,80,80,0,0],"gold":33,"neow_bonus":"RANDOM_COLORLESS_2","is_daily":false,"chose_seed":false,"campfire_upgraded":6,"win_rate":0.0,"timestamp":1611460141,"path_taken":["M","?","?","$","M","E","R","M","T","R","E","M","E","?","R","BOSS","M","$","M","?","$","E","R","E","T","R","M","M","E","?","R","BOSS","M","$","?","M","?","E","R","E","T","E","?","?","E","M","R","BOSS","BOSS","R","$","E","BOSS"],"items_purchased_type":["Card","Relic","Card","Relic"],"build_version":"2020-12-22","purchased_purges":4,"victory":false,"max_hp_per_floor":[60,60,60,60,60,60,60,60,60,60,60,60,60,60,60,60,65,65,65,65,65,65,65,65,65,65,65,65,65,65,70,70,70,70,70,70,70,70,70,70,70,70,80,80,80,80,80,80,80,80,80,80,80,80,80,80,80],"relic_stats":{"Happy Flower":[2],"counters":[30,189],"Dead Branch":[68],"Eternal Feather":6,"WarpedTongs":[185],"Dream Catcher":2,"Centennial Puzzle":[48],"Busted Crown":20,"Mummified Hand":[167],"Pantograph":44,"MealTicket":2,"obtain_stats":[{"TwistedFunnel":36,"Tiny House":17,"Pear":43,"Happy Flower":55,"Dead Branch":44,"Eternal Feather":39,"The Courier":40,"WarpedTongs":3,"Blood Vial":6,"Dream Catcher":9,"Centennial Puzzle":13,"Anchor":19,"Busted Crown":34,"Mummified Hand":11,"Pantograph":23,"MealTicket":30,"Unceasing Top":37,"FossilizedHelix":42,"Toy Ornithopter":47,"Ring of the Snake":0,"Meat on the Bone":25},{"TwistedFunnel":18,"Tiny House":9,"Pear":22,"Happy Flower":29,"Dead Branch":23,"Eternal Feather":20,"The Courier":21,"WarpedTongs":1,"Blood Vial":3,"Dream Catcher":4,"Centennial Puzzle":7,"Anchor":10,"Busted Crown":17,"Mummified Hand":5,"Pantograph":12,"MealTicket":16,"Unceasing Top":19,"FossilizedHelix":22,"Toy Ornithopter":25,"Ring of the Snake":0,"Meat on the Bone":13},{"TwistedFunnel":91,"Tiny House":38,"Pear":122,"Happy Flower":181,"Dead Branch":129,"Eternal Feather":104,"The Courier":113,"WarpedTongs":3,"Blood Vial":11,"Dream Catcher":15,"Centennial Puzzle":27,"Anchor":43,"Busted Crown":84,"Mummified Hand":20,"Pantograph":54,"MealTicket":74,"Unceasing Top":100,"FossilizedHelix":122,"Toy Ornithopter":143,"Ring of the Snake":0,"Meat on the Bone":57}],"Unceasing Top":[15],"Toy Ornithopter":0,"Ring of the Snake":[60],"Meat on the Bone":0},"card_choices":[{"not_picked":["Thinking Ahead","Mayhem"],"picked":"Sadistic Nature","floor":0.0},{"not_picked":["Well Laid Plans","Bane"],"picked":"Escape Plan","floor":1.0},{"not_picked":["Dagger Spray","Distraction"],"picked":"Poisoned Stab","floor":5.0},{"not_picked":["Deadly Poison","Quick Slash"],"picked":"Adrenaline","floor":6.0},{"not_picked":["Quick Slash","Underhanded Strike"],"picked":"Dagger Spray","floor":8.0},{"not_picked":["Prepared","Deflect"],"picked":"Bullet Time","floor":10.0},{"not_picked":["Riddle With Holes","Bane"],"picked":"PiercingWail","floor":11.0},{"not_picked":["Blade Dance","Reflex"],"picked":"After Image","floor":12.0},{"not_picked":["Tactician","Blade Dance","Dagger Spray"],"picked":"SKIP","floor":13.0},{"not_picked":["Reflex","Prepared","Poisoned Stab"],"picked":"SKIP","floor":14.0},{"not_picked":["Tactician","Caltrops"],"picked":"Well Laid Plans","floor":15.0},{"not_picked":["Adrenaline","Corpse Explosion"],"picked":"After Image","floor":16.0},{"not_picked":["Cloak And Dagger+1","Poisoned Stab","Outmaneuver+1"],"picked":"SKIP","floor":18.0},{"not_picked":["Dagger Throw","Deadly Poison"],"picked":"Crippling Poison","floor":20.0},{"not_picked":["Dagger Spray","PiercingWail+1"],"picked":"Escape Plan","floor":23.0},{"not_picked":["Deadly Poison","Backflip+1"],"picked":"Footwork","floor":25.0},{"not_picked":["Poisoned Stab","All Out Attack","Heel Hook"],"picked":"SKIP","floor":28.0},{"not_picked":["Accuracy","Eviscerate+1","Sucker Punch"],"picked":"SKIP","floor":29.0},{"not_picked":["Outmaneuver","Well Laid Plans"],"picked":"Crippling Poison","floor":30.0},{"not_picked":["Unload","Phantasmal Killer"],"picked":"Night Terror","floor":33.0},{"not_picked":["Underhanded Strike+1"],"picked":"SKIP","floor":35.0},{"not_picked":[],"picked":"Dodge and Roll+1","floor":37.0},{"not_picked":[],"picked":"Dodge and Roll+1","floor":38.0},{"not_picked":["Cloak And Dagger"],"picked":"SKIP","floor":40},{"not_picked":["Dagger Spray+1"],"picked":"SKIP","floor":42},{"not_picked":["Poisoned Stab"],"picked":"SKIP","floor":44},{"not_picked":["Deadly Poison"],"picked":"SKIP","floor":45},{"not_picked":["Outmaneuver"],"picked":"SKIP","floor":47},{"not_picked":["Deflect"],"picked":"SKIP","floor":48},{"not_picked":["Expertise+1"],"picked":"SKIP","floor":55}],"player_experience":2918133,"relics_obtained":[{"floor":6.0,"key":"Blood Vial"},{"floor":9.0,"key":"Dream Catcher"},{"floor":11.0,"key":"Mummified Hand"},{"floor":13.0,"key":"Centennial Puzzle"},{"floor":23.0,"key":"Pantograph"},{"floor":25.0,"key":"Meat on the Bone"},{"floor":30.0,"key":"MealTicket"},{"floor":37.0,"key":"Unceasing Top"},{"floor":40,"key":"The Courier"},{"floor":42,"key":"FossilizedHelix"},{"floor":43,"key":"Pear"},{"floor":44,"key":"Dead Branch"},{"floor":47,"key":"Toy Ornithopter"},{"floor":55,"key":"Happy Flower"}],"event_choices":[{"damage_healed":0.0,"max_hp_gain":0.0,"max_hp_loss":0.0,"gold_gain":0.0,"event_name":"Liars Game","player_choice":"Ignored","floor":2.0,"gold_loss":0.0,"damage_taken":0.0},{"damage_healed":0.0,"max_hp_gain":0.0,"max_hp_loss":0.0,"gold_gain":0.0,"event_name":"Accursed Blacksmith","player_choice":"Rummage","floor":3.0,"gold_loss":0.0,"damage_taken":0.0,"relics_obtained":["WarpedTongs"],"cards_obtained":["Pain"]},{"damage_healed":0.0,"max_hp_gain":0.0,"max_hp_loss":0.0,"gold_gain":0.0,"event_name":"Vampires","player_choice":"Became a vampire (Vial)","floor":21.0,"relics_lost":["Blood Vial"],"gold_loss":0.0,"damage_taken":0.0,"cards_obtained":["Bite","Bite","Bite","Bite","Bite"]},{"damage_healed":0.0,"max_hp_gain":5.0,"max_hp_loss":0.0,"gold_gain":0.0,"event_name":"Forgotten Altar","player_choice":"Shed Blood","floor":31.0,"gold_loss":0.0,"damage_taken":23.0},{"damage_healed":0.0,"max_hp_gain":0.0,"max_hp_loss":0.0,"gold_gain":0.0,"event_name":"MindBloom","player_choice":"Fight","floor":37.0,"gold_loss":0.0,"damage_taken":0.0},{"damage_healed":0.0,"max_hp_gain":0.0,"max_hp_loss":0.0,"gold_gain":0.0,"event_name":"WeMeetAgain","player_choice":"Paid Gold","floor":39.0,"gold_loss":52.0,"damage_taken":0.0,"relics_obtained":["Eternal Feather"]}],"is_beta":false,"boss_relics":[{"not_picked":["Velvet Choker","WristBlade"],"picked":"Tiny House"},{"not_picked":["Black Star","HoveringKite"],"picked":"Busted Crown"}],"items_purged_floors":[19,36,46,54],"is_endless":false,"potions_floor_spawned":[12,13,14,28,29,30,33,35,38,44,48],"killed_by":"The Heart","ascension_level":20}}