{"host":"hfxp6ue4pvwo3fit","time":1611453122,"event":{"mods":["AchievementEnabler","BaseMod","Colored Map","Colored Powertips","Highlight Path","HololiveMod","Minty Spire (QoL Compilation)","Relic Stats","StSLib","SuperFastMode"],"gold_per_floor":[84,84,101,117,42,71,71,101,101,133,33,33,57,69,69,147,147,147,72,0,0,0,0,0,0],"floor_reached":24,"language":"ENG","playtime":962,"items_purged":["Hololive_CallAkiRosenthal","Hololive_CallHoshimachiSuisei"],"score":682,"play_id":"55a8d7bb-c8c6-4e32-90d9-0490f345cb7b","local_time":"20210123195202","is_ascension_mode":true,"campfire_choices":[{"data":"Hololive_CallRoboco","floor":7,"key":"SMITH"},{"data":"Hololive_CallTsunomakiWatame","floor":12,"key":"SMITH"},{"data":"Hololive_CallHoushouMarine","floor":15,"key":"SMITH"},{"data":"Hololive_DDD","floor":23,"key":"SMITH"}],"circlet_count":0,"master_deck":["AscendersBane","Hololive_Strike","Hololive_Defend","Hololive_CallRosalyn","Hololive_CallAkaiHaato","Hololive_CallRoboco+1","Hololive_CocoNews","Hololive_CallHoushouMarine+1","Hololive_Trident","Hololive_CallMurasakiShion","Hololive_CallTsunomakiWatame+1","Hololive_DurableLive","Hololive_StrengthChampion","Hololive_CallUruhaRushia","Hololive_DDD+1","Hololive_Drill"],"relics":["Hololive_TheStar","NeowsBlessing","Hololive_LightStick","Blue Candle","Regal Pillow","Orichalcum","Ectoplasm"],"acts_visited":["Exordium","TheCity"],"potions_floor_usage":[6,8,24],"damage_taken":[{"damage":0,"enemies":"Cultist","floor":1,"turns":1},{"damage":0,"enemies":"Small Slimes","floor":3,"turns":1},{"damage":0,"enemies":"Jaw Worm","floor":4,"turns":1},{"damage":0,"enemies":"Lagavulin","floor":6,"turns":4},{"damage":0,"enemies":"3 Sentries","floor":8,"turns":8},{"damage":0,"enemies":"Gremlin Nob","floor":10,"turns":2},{"damage":0,"enemies":"3 Louse","floor":13,"turns":4},{"damage":0,"enemies":"Gremlin Gang","floor":14,"turns":4},{"damage":0,"enemies":"Hexaghost","floor":16,"turns":7},{"damage":0,"enemies":"Chosen","floor":18,"turns":4},{"damage":0,"enemies":"2 Thieves","floor":20,"turns":3},{"damage":0,"enemies":"Sentry and Sphere","floor":21,"turns":4},{"damage":38,"enemies":"Slavers","floor":24,"turns":4}],"seed_played":"5004946228338188641","potions_obtained":[{"floor":1,"key":"Weak Potion"},{"floor":6,"key":"Swift Potion"},{"floor":10,"key":"DuplicationPotion"},{"floor":16,"key":"DuplicationPotion"}],"is_trial":false,"path_per_floor":["M","?","M","M","$","E","R","E","T","E","$","R","M","M","R","B",null,"M","?","M","M","?","R","E"],"character_chosen":"Hololive_HololiveCharacter","items_purchased":[],"campfire_rested":0,"item_purchase_floors":[],"current_hp_per_floor":[27,30,30,30,30,30,30,30,30,30,30,30,30,30,30,30,30,30,30,30,30,30,30,0,0],"gold":0,"neow_bonus":"THREE_ENEMY_KILL","is_daily":false,"chose_seed":false,"campfire_upgraded":4,"win_rate":0.0,"timestamp":1611453122,"path_taken":["M","?","?","M","?","E","R","E","T","E","$","R","M","M","R","BOSS","M","?","M","M","?","R","E"],"items_purchased_type":[],"build_version":"2020-12-22","purchased_purges":2,"victory":false,"max_hp_per_floor":[30,30,30,30,30,30,30,30,30,30,30,30,30,30,30,30,30,30,30,30,30,30,30,30,30],"relic_stats":{"Regal Pillow":0,"counters":[13,47],"Blue Candle":[0],"Ectoplasm":122,"Orichalcum":[150],"obtain_stats":[{"Hololive_LightStick":6,"Regal Pillow":9,"NeowsBlessing":0,"Blue Candle":8,"Hololive_TheStar":0,"Ectoplasm":17,"Orichalcum":10},{"Hololive_LightStick":4,"Regal Pillow":5,"NeowsBlessing":0,"Blue Candle":5,"Hololive_TheStar":0,"Ectoplasm":9,"Orichalcum":6},{"Hololive_LightStick":7,"Regal Pillow":15,"NeowsBlessing":0,"Blue Candle":15,"Hololive_TheStar":0,"Ectoplasm":32,"Orichalcum":17}]},"card_choices":[{"not_picked":["Hololive_CallHimemoriLuna","Hololive_Psychosis","Hololive_StrengthChampion"],"picked":"Hololive_CocoNews","floor":1},{"not_picked":["Hololive_Psychosis","Hololive_Sequa","Hololive_StrengthChampion"],"picked":"Hololive_CallHoushouMarine","floor":3},{"not_picked":["Hololive_LuckPotion","Hololive_HighAtkLowDef","Hololive_Psychosis"],"picked":"Hololive_Trident","floor":4},{"not_picked":["Hololive_CallOkamiMio","Hololive_HuntDinosaur","Hololive_CallShiroganeNoel"],"picked":"Hololive_CallMurasakiShion","floor":6},{"not_picked":["Hololive_CallUruhaRushia","Hololive_CallHoushouMarine","Hololive_FlyingPonyTail"],"picked":"Hololive_CallTsunomakiWatame","floor":8},{"not_picked":["Hololive_Sequa","Hololive_CallCivia","Hololive_Rebound"],"picked":"Hololive_DurableLive","floor":10},{"not_picked":["Hololive_CallShishiroBotan","Hololive_CallTokinoSora","Hololive_CallSpadeEcho"],"picked":"Hololive_StrengthChampion","floor":13},{"not_picked":["Hololive_CallShishiroBotan","Hololive_Psychosis","Hololive_Drill"],"picked":"Hololive_CallUruhaRushia","floor":14},{"not_picked":["Hololive_Recruit","Hololive_ScarfAndHalo","Hololive_DiamondStrike"],"picked":"Hololive_DDD","floor":16},{"not_picked":["Hololive_OvertimeWork+1","Hololive_FlyingPonyTail","Hololive_CocoNews","Hololive_CallRosalyn"],"picked":"SKIP","floor":18},{"not_picked":["Hololive_RevenueBasedLive","Hololive_Trident+1","Hololive_CallArtia","Hololive_HuntDinosaur"],"picked":"SKIP","floor":20},{"not_picked":["Hololive_Psychosis","Hololive_CallTokoyamiTowa","Hololive_FlyingPonyTail"],"picked":"Hololive_Drill","floor":21}],"player_experience":581117,"relics_obtained":[{"floor":6,"key":"Hololive_LightStick"},{"floor":8,"key":"Blue Candle"},{"floor":9,"key":"Regal Pillow"},{"floor":10,"key":"Orichalcum"}],"event_choices":[{"cards_removed":["Hololive_FlyingPonyTail"],"damage_healed":5,"gold_gain":0,"player_choice":"Offered Common","damage_taken":0,"max_hp_gain":0,"max_hp_loss":0,"event_name":"Bonfire Elementals","floor":2,"gold_loss":0},{"cards_removed":["Hololive_FlyingPonyTail"],"damage_healed":5,"gold_gain":0,"player_choice":"Offered Special","damage_taken":0,"max_hp_gain":0,"max_hp_loss":0,"event_name":"Bonfire Elementals","floor":2,"gold_loss":0},{"cards_removed":["Hololive_Strike"],"damage_healed":0,"gold_gain":0,"player_choice":"Gave Gold","damage_taken":0,"max_hp_gain":0,"max_hp_loss":0,"event_name":"Beggar","floor":19,"gold_loss":75},{"cards_removed":["Hololive_Defend"],"damage_healed":0,"gold_gain":0,"player_choice":"Purged","damage_taken":0,"max_hp_gain":0,"max_hp_loss":0,"event_name":"Purifier","floor":22,"gold_loss":0}],"is_beta":false,"boss_relics":[{"not_picked":["Cursed Key","Runic Dome"],"picked":"Ectoplasm"}],"items_purged_floors":[5,11],"is_endless":false,"potions_floor_spawned":[1,6,10,16],"killed_by":"Slavers","ascension_level":20}}