{"host":"cijwx898anu8dehj","time":1611513407,"event":{"mods":["AchievementEnabler","AlwaysNeverKeys","BaseMod","Colored Map","Colored Powertips","Highlight Path","Minty Spire (QoL Compilation)","Rare Cards Sparkle","Relic Stats","Slay-I"],"gold_per_floor":[113,128,128,143,153,153,169,169,169,186,221,248,248,273,273,397,397,413,426,480,94,117,117,117,117,143,58,58,58,58,86,86,189,189,206,206,221,70,20,54,54,104,104,114,139,151,173,185,197,209],"floor_reached":51,"language":"ENG","playtime":3360,"items_purged":["Strike_B","Strike_B"],"score":1035,"play_id":"5e3371fc-7b8f-4a2e-aa44-9b76231c6fa2","local_time":"20210124163647","is_ascension_mode":true,"campfire_choices":[{"data":"Zap","floor":6.0,"key":"SMITH"},{"floor":8.0,"key":"REST"},{"floor":15.0,"key":"REST"},{"data":"Coolheaded","floor":23.0,"key":"SMITH"},{"data":"Biased Cognition","floor":25.0,"key":"SMITH"},{"data":"Defragment","floor":29.0,"key":"SMITH"},{"data":"Ball Lightning","floor":32.0,"key":"SMITH"},{"data":"Go for the Eyes","floor":41.0,"key":"SMITH"},{"data":"Dualcast","floor":46.0,"key":"SMITH"},{"data":"Glacier","floor":49.0,"key":"SMITH"}],"circlet_count":0,"master_deck":["AscendersBane","Defend_B","Defend_B","Defend_B+1","Defend_B","Zap+1","Dualcast+1","Defragment+1","Ball Lightning+1","Glacier+1","Cold Snap","Conserve Battery","Go for the Eyes+1","Steam","Coolheaded+1","Biased Cognition+1","Doom and Gloom+1","Ball Lightning","Go for the Eyes+1","Echo Form","Go for the Eyes+1","Defragment+1","Glacier+1","Parasite"],"relics":["Inserter","Tiny Chest","Eternal Feather","Bird Faced Urn","Nunchaku","Bloody Idol","Runic Dome","Vajra","ClockworkSouvenir","Centennial Puzzle","MealTicket","Smiling Mask","Incense Burner","Turnip","Empty Cage","DollysMirror","Anchor","Emotion Chip","InkBottle","MawBank","Singing Bowl"],"acts_visited":["Exordium","TheCity","TheBeyond"],"potions_floor_usage":[50,50,50],"damage_taken":[{"damage":8.0,"enemies":"Jaw Worm","floor":1.0,"turns":5.0},{"damage":1.0,"enemies":"Cultist","floor":2.0,"turns":4.0},{"damage":0.0,"enemies":"Small Slimes","floor":4.0,"turns":3.0},{"damage":6.0,"enemies":"Blue Slaver","floor":5.0,"turns":5.0},{"damage":8.0,"enemies":"Looter","floor":7.0,"turns":4.0},{"damage":0.0,"enemies":"2 Fungi Beasts","floor":10.0,"turns":4.0},{"damage":8.0,"enemies":"3 Sentries","floor":11.0,"turns":7.0},{"damage":5.0,"enemies":"Blue Slaver","floor":14.0,"turns":4.0},{"damage":18.0,"enemies":"Slime Boss","floor":16.0,"turns":13.0},{"damage":11.0,"enemies":"3 Byrds","floor":18.0,"turns":5.0},{"damage":14.0,"enemies":"Chosen","floor":19.0,"turns":7.0},{"damage":13.0,"enemies":"Snake Plant","floor":22.0,"turns":6.0},{"damage":29.0,"enemies":"Slavers","floor":31.0,"turns":5.0},{"damage":37.0,"enemies":"Champ","floor":33.0,"turns":13.0},{"damage":1.0,"enemies":"Orb Walker","floor":35.0,"turns":4.0},{"damage":4.0,"enemies":"3 Darklings","floor":37.0,"turns":5.0},{"damage":17.0,"enemies":"Reptomancer","floor":40.0,"turns":7.0},{"damage":0.0,"enemies":"Mind Bloom Boss Battle","floor":42.0,"turns":8.0},{"damage":18.0,"enemies":"Maw","floor":44.0,"turns":6.0},{"damage":5.0,"enemies":"Nemesis","floor":45.0,"turns":7.0},{"damage":15.0,"enemies":"Writhing Mass","floor":47.0,"turns":5.0},{"damage":3,"enemies":"Donu and Deca","floor":50,"turns":9}],"seed_played":"6203569317957878409","potions_obtained":[{"floor":1.0,"key":"SteroidPotion"},{"floor":2.0,"key":"PowerPotion"},{"floor":10.0,"key":"DistilledChaos"},{"floor":16.0,"key":"FearPotion"},{"floor":18.0,"key":"Swift Potion"},{"floor":33.0,"key":"FocusPotion"},{"floor":35.0,"key":"Strength Potion"},{"floor":37.0,"key":"PowerPotion"},{"floor":44.0,"key":"Fruit Juice"},{"floor":45.0,"key":"PotionOfCapacity"}],"is_trial":false,"path_per_floor":["M","M","?","M","M","R","M","R","T","M","E","T","?","M","R","B",null,"M","M","T","$","M","R","?","R","T","?","?","R","T","E","R","B",null,"M","?","M","$","$","E","R","?","T","M","E","R","M","T","R","B",null],"character_chosen":"DEFECT","items_purchased":["ClockworkSouvenir","Centennial Puzzle","DollysMirror"],"campfire_rested":2,"item_purchase_floors":[21,21,38],"current_hp_per_floor":[60,59,59,59,53,53,45,67,67,67,59,59,41,38,69,53,70,63,53,53,53,44,56,56,68,73,73,73,75,75,53,65,37,66,75,75,75,75,75,75,75,75,75,67,77,80,78,80,80,80],"gold":221,"neow_bonus":"BOSS_RELIC","is_daily":false,"chose_seed":false,"campfire_upgraded":8,"win_rate":0.0,"timestamp":1611513407,"path_taken":["M","M","?","M","M","R","M","R","T","?","E","?","?","M","R","BOSS","M","M","?","$","M","R","?","R","T","?","?","R","?","E","R","BOSS","M","?","M","?","$","E","R","?","T","M","E","R","M","?","R","BOSS"],"items_purchased_type":["Relic","Relic","Relic"],"build_version":"2020-12-22","purchased_purges":2,"victory":true,"max_hp_per_floor":[75,75,75,75,75,75,75,75,75,75,75,75,75,75,75,75,75,75,75,75,75,75,75,75,75,75,75,75,75,75,75,75,75,75,75,75,75,75,75,75,75,75,75,80,80,80,80,80,80,80],"relic_stats":{"Inserter":[68],"Singing Bowl":0,"counters":[22,136],"Eternal Feather":50,"Smiling Mask":50,"MawBank":72,"Nunchaku":[18],"Centennial Puzzle":[30],"Emotion Chip":[10,3,5,2,0],"Bird Faced Urn":[61],"Bloody Idol":45,"Tiny Chest":3,"MealTicket":0,"Turnip":[9],"obtain_stats":[{"Inserter":0,"Singing Bowl":48,"Golden Idol":13,"Vajra":20,"Eternal Feather":9,"Incense Burner":30,"Smiling Mask":27,"Empty Cage":34,"MawBank":45,"ClockworkSouvenir":21,"Runic Dome":17,"Nunchaku":12,"Centennial Puzzle":21,"Anchor":40,"Emotion Chip":42,"DollysMirror":38,"Bird Faced Urn":11,"Bloody Idol":24,"Tiny Chest":3,"MealTicket":26,"Turnip":31,"Cracked Core":0,"InkBottle":43},{"Inserter":0,"Singing Bowl":21,"Golden Idol":7,"Vajra":11,"Eternal Feather":5,"Incense Burner":12,"Smiling Mask":12,"Empty Cage":14,"MawBank":20,"ClockworkSouvenir":11,"Runic Dome":9,"Nunchaku":7,"Centennial Puzzle":11,"Anchor":17,"Emotion Chip":18,"DollysMirror":16,"Bird Faced Urn":7,"Bloody Idol":12,"Tiny Chest":2,"MealTicket":12,"Turnip":13,"Cracked Core":0,"InkBottle":18},{"Inserter":0,"Singing Bowl":127,"Golden Idol":32,"Vajra":61,"Eternal Feather":21,"Incense Burner":67,"Smiling Mask":67,"Empty Cage":85,"MawBank":122,"ClockworkSouvenir":61,"Runic Dome":49,"Nunchaku":32,"Centennial Puzzle":61,"Anchor":101,"Emotion Chip":109,"DollysMirror":94,"Bird Faced Urn":32,"Bloody Idol":67,"Tiny Chest":9,"MealTicket":67,"Turnip":72,"Cracked Core":0,"InkBottle":109}],"InkBottle":[12]},"card_choices":[{"not_picked":["Darkness","Reprogram"],"picked":"Defragment","floor":1.0},{"not_picked":["Sweeping Beam","Rebound"],"picked":"Ball Lightning","floor":2.0},{"not_picked":["White Noise","Stack"],"picked":"Glacier","floor":4.0},{"not_picked":["Conserve Battery","Beam Cell"],"picked":"Cold Snap","floor":5.0},{"not_picked":["Fission","Capacitor"],"picked":"Conserve Battery","floor":7.0},{"not_picked":["Hologram","Steam"],"picked":"Go for the Eyes","floor":10.0},{"not_picked":["Leap","Stack"],"picked":"Steam","floor":11.0},{"not_picked":["Capacitor","Leap"],"picked":"Coolheaded","floor":14.0},{"not_picked":["Fission","Hyperbeam"],"picked":"Biased Cognition","floor":16.0},{"not_picked":["Fusion","Turbo"],"picked":"Doom and Gloom+1","floor":18.0},{"not_picked":["Coolheaded","Aggregate+1"],"picked":"Ball Lightning","floor":19.0},{"not_picked":["Steam Power+1","Thunder Strike"],"picked":"Go for the Eyes+1","floor":22.0},{"not_picked":["Reprogram+1","Consume","Beam Cell"],"picked":"SKIP","floor":31.0},{"not_picked":["Reboot","Multi-Cast"],"picked":"Echo Form","floor":33.0},{"not_picked":["Redo","Genetic Algorithm"],"picked":"Go for the Eyes+1","floor":35.0},{"not_picked":["Streamline+1","Hologram+1","Double Energy+1"],"picked":"SKIP","floor":37.0},{"not_picked":["Consume","Echo Form"],"picked":"Glacier+1","floor":40.0},{"not_picked":["Steam","Rebound+1","Cold Snap"],"picked":"SKIP","floor":44.0},{"not_picked":["Turbo+1","Compile Driver","Streamline"],"picked":"SKIP","floor":45.0},{"not_picked":["Static Discharge","Chaos","Heatsinks"],"picked":"SKIP","floor":47.0}],"player_experience":1068051,"relics_obtained":[{"floor":9.0,"key":"Eternal Feather"},{"floor":11.0,"key":"Bird Faced Urn"},{"floor":12.0,"key":"Nunchaku"},{"floor":20.0,"key":"Vajra"},{"floor":26.0,"key":"MealTicket"},{"floor":30.0,"key":"Incense Burner"},{"floor":31.0,"key":"Turnip"},{"floor":40.0,"key":"Anchor"},{"floor":42.0,"key":"Emotion Chip"},{"floor":43.0,"key":"InkBottle"},{"floor":45.0,"key":"MawBank"},{"floor":48.0,"key":"Singing Bowl"}],"event_choices":[{"damage_healed":0.0,"max_hp_gain":0.0,"max_hp_loss":0.0,"gold_gain":0.0,"event_name":"WeMeetAgain","player_choice":"Gave Potion","floor":3.0,"gold_loss":0.0,"damage_taken":0.0,"relics_obtained":["Tiny Chest"]},{"damage_healed":0.0,"max_hp_gain":0.0,"max_hp_loss":0.0,"gold_gain":0.0,"event_name":"Golden Idol","player_choice":"Take Damage","floor":13.0,"gold_loss":0.0,"damage_taken":18.0,"relics_obtained":["Golden Idol"]},{"damage_healed":0.0,"max_hp_gain":0.0,"max_hp_loss":0.0,"gold_gain":0.0,"event_name":"Forgotten Altar","player_choice":"Gave Idol","floor":24.0,"relics_lost":["Golden Idol"],"gold_loss":0.0,"damage_taken":0.0,"relics_obtained":["Bloody Idol"]},{"damage_healed":0.0,"max_hp_gain":0.0,"max_hp_loss":0.0,"gold_gain":0.0,"event_name":"Addict","player_choice":"Obtained Relic","floor":27.0,"gold_loss":85.0,"damage_taken":0.0,"relics_obtained":["Smiling Mask"]},{"damage_healed":0.0,"max_hp_gain":0.0,"max_hp_loss":0.0,"gold_gain":0.0,"event_name":"Ghosts","player_choice":"Ignored","floor":28.0,"gold_loss":0.0,"damage_taken":0.0},{"damage_healed":0.0,"max_hp_gain":0.0,"max_hp_loss":0.0,"gold_gain":0.0,"event_name":"Accursed Blacksmith","player_choice":"Forge","floor":36.0,"gold_loss":0.0,"damage_taken":0.0,"cards_upgraded":["Defend_B"]},{"damage_healed":0.0,"max_hp_gain":0.0,"max_hp_loss":0.0,"gold_gain":0.0,"event_name":"MindBloom","player_choice":"Fight","floor":42.0,"gold_loss":0.0,"damage_taken":0.0}],"is_beta":false,"boss_relics":[{"not_picked":["SacredBark","Ectoplasm"],"picked":"Runic Dome"},{"not_picked":["Black Star","Calling Bell"],"picked":"Empty Cage"}],"items_purged_floors":[21,39],"is_endless":false,"potions_floor_spawned":[1,2,10,16,18,33,35,37,44,45],"ascension_level":10}}