{"host":"cbs04hxbqwdiijvt","time":1611452655,"event":{"mods":["AchievementEnabler","BaseMod","Colored Map","Minty Spire (QoL Compilation)","StSLib","SuperFastMode","everything is the same but u backflip on backflip"],"gold_per_floor":[116,130,130,142,155,155,178,178,203,217,229,67,67,81,81,160,160,176,176,189,35,35,35,35],"floor_reached":23,"language":"KOR","playtime":839,"items_purged":["Strike_R"],"score":339,"play_id":"bb5673e9-923a-46d1-bff2-db9e760b422f","local_time":"20210124104415","is_ascension_mode":true,"campfire_choices":[{"data":"Armaments","floor":6.0,"key":"SMITH"},{"data":"Dark Embrace","floor":8.0,"key":"SMITH"},{"floor":15,"key":"REST"}],"circlet_count":0,"master_deck":["AscendersBane","Strike_R","Defend_R","Defend_R","Defend_R","Bash","Body Slam+1","Shrug It Off","Armaments+1","Dark Embrace+1","Warcry","Shockwave","Fire Breathing","Exhume","Battle Trance","Iron Wave","Demon Form","Immolate","Decay"],"relics":["Burning Blood","Odd Mushroom","Regal Pillow","Sozu"],"acts_visited":["Exordium","TheCity"],"potions_floor_usage":[14,14,18],"damage_taken":[{"damage":12.0,"enemies":"Small Slimes","floor":1.0,"turns":4.0},{"damage":2.0,"enemies":"Jaw Worm","floor":2.0,"turns":5.0},{"damage":7.0,"enemies":"Cultist","floor":4.0,"turns":4.0},{"damage":11.0,"enemies":"Large Slime","floor":5.0,"turns":9.0},{"damage":47.0,"enemies":"The Mushroom Lair","floor":7.0,"turns":9.0},{"damage":10.0,"enemies":"Looter","floor":10.0,"turns":4.0},{"damage":5.0,"enemies":"Blue Slaver","floor":11.0,"turns":3.0},{"damage":9,"enemies":"Exordium Thugs","floor":14,"turns":7},{"damage":36,"enemies":"Slime Boss","floor":16,"turns":8},{"damage":40,"enemies":"Spheric Guardian","floor":18,"turns":9},{"damage":12,"enemies":"Shell Parasite","floor":20,"turns":6},{"damage":26,"enemies":"Slavers","floor":23,"turns":2}],"seed_played":"3363605537426803142","potions_obtained":[{"floor":1.0,"key":"PowerPotion"},{"floor":10.0,"key":"Explosive Potion"},{"floor":11.0,"key":"Dexterity Potion"},{"floor":14,"key":"Fire Potion"}],"is_trial":false,"path_per_floor":["M","M","?","M","M","R","?","R","T","M","M","$","?","M","R","B",null,"M","?","M","$","?","E"],"character_chosen":"IRONCLAD","items_purchased":["Shockwave","Immolate"],"campfire_rested":1,"item_purchase_floors":[12,21],"current_hp_per_floor":[62,66,66,65,60,60,19,19,19,15,16,16,16,13,50,20,61,27,27,21,21,21,0,0],"gold":35,"neow_bonus":"TRANSFORM_CARD","is_daily":false,"chose_seed":false,"campfire_upgraded":2,"win_rate":0.0,"timestamp":1611452655,"path_taken":["M","M","?","M","M","R","?","R","T","M","M","?","?","?","R","BOSS","M","?","M","$","?","E"],"items_purchased_type":["Card","Card"],"build_version":"2020-12-22","purchased_purges":1,"victory":false,"max_hp_per_floor":[75,75,75,75,75,75,75,75,75,75,75,75,75,75,75,75,75,75,75,75,75,75,75,75],"card_choices":[{"not_picked":["Hemokinesis","Body Slam"],"picked":"Shrug It Off","floor":1.0},{"not_picked":["Perfected Strike","Anger","Cleave"],"picked":"SKIP","floor":2.0},{"not_picked":["Flex","Cleave","Reckless Charge"],"picked":"SKIP","floor":4.0},{"not_picked":["Seeing Red","Thunderclap"],"picked":"Armaments","floor":5.0},{"not_picked":["Hemokinesis","Spot Weakness"],"picked":"Dark Embrace","floor":7.0},{"not_picked":["Sword Boomerang","Uppercut"],"picked":"Warcry","floor":10.0},{"not_picked":["Sever Soul","Headbutt","Havoc"],"picked":"SKIP","floor":11.0},{"not_picked":["Whirlwind","Dropkick"],"picked":"Fire Breathing","floor":14},{"not_picked":["Demon Form","Brutality"],"picked":"Exhume","floor":16},{"not_picked":["Bloodletting+1","Clash"],"picked":"Battle Trance","floor":18},{"not_picked":["Clash","Heavy Blade","Headbutt"],"picked":"SKIP","floor":20}],"player_experience":617988,"relics_obtained":[{"floor":7.0,"key":"Odd Mushroom"},{"floor":9.0,"key":"Regal Pillow"}],"event_choices":[{"damage_healed":0.0,"max_hp_gain":0.0,"max_hp_loss":0.0,"gold_gain":0.0,"event_name":"Living Wall","player_choice":"Grow","floor":3.0,"gold_loss":0.0,"damage_taken":0.0,"cards_upgraded":["Body Slam"]},{"damage_healed":0.0,"max_hp_gain":0.0,"max_hp_loss":0.0,"gold_gain":0.0,"event_name":"Mushrooms","player_choice":"Fought Mushrooms","floor":7.0,"gold_loss":0.0,"damage_taken":0.0},{"cards_removed":["Strike_R"],"damage_healed":0.0,"max_hp_gain":0.0,"max_hp_loss":0.0,"gold_gain":0.0,"event_name":"Wheel of Change","player_choice":"Card Removal","floor":13.0,"gold_loss":0.0,"damage_taken":0.0},{"damage_healed":0,"gold_gain":0,"cards_transformed":["Strike_R","Defend_R"],"player_choice":"Became Test Subject","damage_taken":0,"max_hp_gain":0,"max_hp_loss":0,"event_name":"Drug Dealer","floor":19,"gold_loss":0,"cards_obtained":["Iron Wave","Demon Form"]},{"damage_healed":0,"gold_gain":0,"player_choice":"Smashed Altar","damage_taken":0,"max_hp_gain":0,"max_hp_loss":0,"event_name":"Forgotten Altar","floor":22,"gold_loss":0,"cards_obtained":["Decay"]}],"is_beta":false,"boss_relics":[{"not_picked":["Pandora\u0027s Box","Tiny House"],"picked":"Sozu"}],"items_purged_floors":[12],"is_endless":false,"potions_floor_spawned":[1,10,11,14],"killed_by":"Slavers","ascension_level":17}}