{"host":"qy1e0kd24tpj3i2m","time":1611516537,"event":{"mods":["Act Like it!","Alarm Clock","BaseMod","Better Skull","Better Vampires","Colored Map","Colored Powertips","Custom Start","Faster Ascension Climbing","Friendly Minions","GifTheSpireLib","Gremlin Skip","Highlight Path","Minty Spire (QoL Compilation)","Permanent Neow","Poor People Problems","Quick Restart","Red Circlet Mod","Relic Sorter","Reorder Act Four","SacredBarkPlus","Shop Mod","StSLib","SuperFastMode","Transform Curses","没有小屋子和绿帽子啦"],"gold_per_floor":[368,379,379,397,136,136,36,63,63,63,81,81,95,123,123,200,200,215,265,52,67,67,67],"floor_reached":22,"language":"ZHS","playtime":6154,"items_purged":["Clumsy","Bash"],"score":418,"play_id":"8ed2376f-29c3-4b47-b8da-70e39af8c9ce","local_time":"20210125042857","is_ascension_mode":true,"campfire_choices":[{"data":"Perfected Strike","floor":6.0,"key":"SMITH"},{"data":"Body Slam","floor":10.0,"key":"SMITH"},{"data":"Whirlwind","floor":12.0,"key":"SMITH"},{"data":"Evolve","floor":15.0,"key":"SMITH"}],"circlet_count":0,"master_deck":["AscendersBane","Strike_R","Strike_R","Strike_R","Strike_R","Strike_R","Defend_R","Defend_R","Defend_R","Defend_R","Perfected Strike+1","Headbutt","Battle Trance","Wild Strike","Body Slam+1","Whirlwind+1","Power Through","Evolve+1","Reaper","Mayhem","Flame Barrier"],"relics":["Burning Blood","Omamori","Odd Mushroom","StrikeDummy","Singing Bowl","Calling Bell","Potion Belt","Gremlin Horn","Thread and Needle"],"acts_visited":["Exordium","TheCity"],"potions_floor_usage":[],"damage_taken":[{"damage":13.0,"enemies":"Jaw Worm","floor":1.0,"turns":7.0},{"damage":1.0,"enemies":"Cultist","floor":2.0,"turns":3.0},{"damage":10.0,"enemies":"Small Slimes","floor":4.0,"turns":3.0},{"damage":36.0,"enemies":"The Mushroom Lair","floor":8.0,"turns":5.0},{"damage":7.0,"enemies":"2 Fungi Beasts","floor":11.0,"turns":2.0},{"damage":0.0,"enemies":"Large Slime","floor":13.0,"turns":3.0},{"damage":0.0,"enemies":"3 Sentries","floor":14.0,"turns":3.0},{"damage":26.0,"enemies":"Hexaghost","floor":16.0,"turns":8.0},{"damage":20,"enemies":"3 Byrds","floor":18,"turns":4},{"damage":9,"enemies":"Spheric Guardian","floor":21,"turns":4},{"damage":15,"enemies":"Snake Plant","floor":22,"turns":2}],"seed_played":"-3564088615283559053","potions_obtained":[{"floor":1.0,"key":"Strength Potion"},{"floor":8.0,"key":"GamblersBrew"},{"floor":13.0,"key":"SteroidPotion"},{"floor":16.0,"key":"FairyPotion"}],"is_trial":false,"path_per_floor":["M","M","?","M","$","R","$","?","T","R","M","R","M","E","R","B",null,"M","?","$","M","M"],"character_chosen":"IRONCLAD","items_purchased":["Omamori","Wild Strike","Mayhem"],"campfire_rested":0,"item_purchase_floors":[5,5,20],"current_hp_per_floor":[61,66,66,62,62,62,62,32,32,32,31,31,37,43,43,23,62,50,50,50,47,36,36],"gold":67,"neow_bonus":"TWO_FIFTY_GOLD","is_daily":false,"chose_seed":false,"campfire_upgraded":4,"win_rate":0.0,"timestamp":1611516537,"path_taken":["M","M","?","?","?","R","$","?","T","R","M","R","M","E","R","BOSS","M","?","$","M","M"],"items_purchased_type":["Relic","Card","Card"],"build_version":"2020-12-22","purchased_purges":2,"victory":false,"max_hp_per_floor":[75,75,75,75,75,75,75,75,75,75,75,75,75,75,75,75,75,77,77,77,77,77,77],"card_choices":[{"not_picked":["Iron Wave","Clash"],"picked":"Perfected Strike","floor":1.0},{"not_picked":["Combust","Havoc"],"picked":"Headbutt","floor":2.0},{"not_picked":["Spot Weakness","Dropkick"],"picked":"Battle Trance","floor":4.0},{"not_picked":["Clothesline","Heavy Blade"],"picked":"Body Slam","floor":8.0},{"not_picked":["Shockwave","Wild Strike"],"picked":"Whirlwind","floor":11.0},{"not_picked":["Armaments","Thunderclap"],"picked":"Power Through","floor":13.0},{"not_picked":["Clash","Thunderclap"],"picked":"Evolve","floor":14.0},{"not_picked":["Brutality","Fiend Fire"],"picked":"Reaper","floor":16.0},{"not_picked":["Power Through","Sword Boomerang","Headbutt"],"picked":"Singing Bowl","floor":18},{"not_picked":["Shockwave","Second Wind"],"picked":"Flame Barrier","floor":21}],"player_experience":930794,"relics_obtained":[{"floor":8.0,"key":"Odd Mushroom"},{"floor":9.0,"key":"StrikeDummy"},{"floor":14.0,"key":"Singing Bowl"},{"floor":17.0,"key":"Potion Belt"},{"floor":17.0,"key":"Gremlin Horn"},{"floor":17.0,"key":"Thread and Needle"}],"event_choices":[{"damage_healed":0.0,"max_hp_gain":0.0,"max_hp_loss":0.0,"gold_gain":0.0,"event_name":"Match and Keep!","player_choice":"0 cards matched","floor":3.0,"gold_loss":0.0,"damage_taken":0.0,"cards_obtained":[]},{"damage_healed":0.0,"max_hp_gain":0.0,"max_hp_loss":0.0,"gold_gain":0.0,"event_name":"Mushrooms","player_choice":"Fought Mushrooms","floor":8.0,"gold_loss":0.0,"damage_taken":0.0},{"damage_healed":0,"gold_gain":50,"player_choice":"Stole From Cult","damage_taken":0,"max_hp_gain":0,"max_hp_loss":0,"event_name":"Nest","floor":19,"gold_loss":0}],"is_beta":false,"boss_relics":[{"not_picked":["Snecko Eye","Busted Crown"],"picked":"Calling Bell"}],"items_purged_floors":[5,7],"is_endless":false,"potions_floor_spawned":[1,8,13,16],"killed_by":"Snake Plant","ascension_level":20}}