{"host":"78zdngn0u28jm0pp","time":1611530220,"event":{"mods":["BaseMod","Jorbs\u0027s Wanderer Trilogy","Minty Spire (QoL Compilation)","Permanent Neow","Quick Restart","Relic Stats","StSLib","Unceasing Turn Reminder"],"gold_per_floor":[110,185,54,65,79,112,127,127,127,146,172,188,214,214,214,214,214],"floor_reached":16,"language":"ENG","playtime":754,"items_purged":[],"score":344,"play_id":"99db4b5c-857e-473a-b161-2caaf5bbe06d","local_time":"20210124161700","is_ascension_mode":true,"campfire_choices":[{"data":"Neutralize","floor":8,"key":"SMITH"},{"floor":15,"key":"REST"}],"circlet_count":0,"master_deck":["AscendersBane","Strike_G","Strike_G","Strike_G","Strike_G","Strike_G","Defend_G","Defend_G","Defend_G","Defend_G","Defend_G","Survivor","Neutralize+1","Cloak And Dagger","Quick Slash","Blade Dance","Dagger Throw","Adrenaline","Deflect","Finisher","Cloak And Dagger","Calculated Gamble","After Image"],"relics":["Ring of the Snake","Oddly Smooth Stone","Bottled Flame","Meat on the Bone","Question Card","Ancient Tea Set","Golden Idol"],"acts_visited":["Exordium"],"potions_floor_usage":[5,6,6,11,13],"damage_taken":[{"damage":0,"enemies":"2 Louse","floor":1,"turns":3},{"damage":1,"enemies":"Jaw Worm","floor":4,"turns":5},{"damage":0,"enemies":"Cultist","floor":5,"turns":3},{"damage":5,"enemies":"3 Sentries","floor":6,"turns":8},{"damage":2,"enemies":"Exordium Wildlife","floor":7,"turns":4},{"damage":15,"enemies":"2 Fungi Beasts","floor":10,"turns":3},{"damage":4,"enemies":"Gremlin Nob","floor":11,"turns":3},{"damage":6,"enemies":"Lots of Slimes","floor":12,"turns":4},{"damage":39,"enemies":"Lagavulin","floor":13,"turns":7},{"damage":36,"enemies":"Slime Boss","floor":16,"turns":8}],"seed_played":"-310217642935442626","potions_obtained":[{"floor":4,"key":"Fruit Juice"},{"floor":5,"key":"Block Potion"},{"floor":6,"key":"EssenceOfSteel"},{"floor":12,"key":"SpeedPotion"}],"is_trial":false,"path_per_floor":["M","?","$","M","M","E","M","R","T","M","E","M","E","?","R","B"],"character_chosen":"THE_SILENT","items_purchased":["DistilledChaos","Quick Slash"],"campfire_rested":1,"item_purchase_floors":[3,3],"current_hp_per_floor":[59,48,48,47,52,47,45,45,45,42,38,44,17,17,36,0,0],"gold":214,"neow_bonus":"RANDOM_COMMON_RELIC","is_daily":false,"chose_seed":false,"campfire_upgraded":1,"win_rate":0.0,"timestamp":1611530220,"path_taken":["M","?","?","?","M","E","M","R","T","M","E","M","E","?","R","BOSS"],"items_purchased_type":["Potion","Card"],"build_version":"2020-12-22","purchased_purges":0,"victory":false,"max_hp_per_floor":[66,66,66,66,71,71,71,71,71,71,71,71,71,64,64,64,64],"relic_stats":{"counters":[10,48],"Golden Idol":0,"Question Card":2,"obtain_stats":[{"Bottled Flame":6,"Golden Idol":14,"Oddly Smooth Stone":0,"Question Card":11,"Ancient Tea Set":13,"Ring of the Snake":0,"Meat on the Bone":9},{"Bottled Flame":4,"Golden Idol":9,"Oddly Smooth Stone":0,"Question Card":7,"Ancient Tea Set":9,"Ring of the Snake":0,"Meat on the Bone":5},{"Bottled Flame":19,"Golden Idol":40,"Oddly Smooth Stone":0,"Question Card":29,"Ancient Tea Set":40,"Ring of the Snake":0,"Meat on the Bone":23}],"Ring of the Snake":[20],"Meat on the Bone":36},"card_choices":[{"not_picked":["Backflip","Eviscerate"],"picked":"Cloak And Dagger","floor":1},{"not_picked":["Dodge and Roll","Quick Slash"],"picked":"Blade Dance","floor":4},{"not_picked":["Poisoned Stab","Quick Slash"],"picked":"Dagger Throw","floor":5},{"not_picked":["Escape Plan","Backflip"],"picked":"Adrenaline","floor":6},{"not_picked":["Backflip","Distraction"],"picked":"Deflect","floor":7},{"not_picked":["Escape Plan","Outmaneuver"],"picked":"Finisher","floor":10},{"not_picked":["Acrobatics","Reflex"],"picked":"Cloak And Dagger","floor":11},{"not_picked":["Deflect","PiercingWail","Outmaneuver"],"picked":"Calculated Gamble","floor":12},{"not_picked":["Flying Knee","Terror","Storm of Steel"],"picked":"After Image","floor":13}],"player_experience":798712,"relics_obtained":[{"floor":6,"key":"Bottled Flame"},{"floor":9,"key":"Meat on the Bone"},{"floor":11,"key":"Question Card"},{"floor":13,"key":"Ancient Tea Set"}],"event_choices":[{"damage_healed":0,"gold_gain":75,"player_choice":"Gather Gold","damage_taken":11,"max_hp_gain":0,"max_hp_loss":0,"event_name":"World of Goop","floor":2,"gold_loss":0},{"damage_healed":0,"gold_gain":0,"player_choice":"Lose Max HP","damage_taken":0,"relics_obtained":["Golden Idol"],"max_hp_gain":0,"max_hp_loss":7,"event_name":"Golden Idol","floor":14,"gold_loss":0}],"is_beta":false,"boss_relics":[],"items_purged_floors":[],"is_endless":false,"potions_floor_spawned":[4,5,6,12],"killed_by":"Slime Boss","ascension_level":20}}