{"host":"sav7uxregyirlf69","time":1611496328,"event":{"mods":["AchievementEnabler","BaseMod","Colored Map","DeckTracker","Keyboard Shortcuts","Minty Spire (QoL Compilation)","READ ME - Guardian Mod","StSLib","SuperFastMode"],"gold_per_floor":[114,114,135,159,172,172,253,284,337,337,355,378,378,399,399,492,492,512,512,531,531,556,556,574,574,600,618,636,687,687,348,348,348,348],"floor_reached":33,"language":"KOR","playtime":588,"items_purged":["Doubt"],"score":502,"play_id":"e30a260d-be78-49b4-8d27-1217deb2297a","local_time":"20210124225208","is_ascension_mode":true,"campfire_choices":[{"data":"Fiend Fire","floor":6,"key":"SMITH"},{"data":"Carnage","floor":10,"key":"SMITH"},{"data":"Body Slam","floor":13,"key":"SMITH"},{"data":"Infernal Blade","floor":15,"key":"SMITH"},{"floor":23,"key":"RECALL"},{"floor":25,"key":"REST"},{"floor":32,"key":"REST"}],"circlet_count":0,"master_deck":["AscendersBane","Strike_R","Strike_R","Strike_R","Defend_R","Defend_R","Defend_R","Defend_R","Bash","Perfected Strike","Fiend Fire+1","Second Wind","Shrug It Off","Carnage+1","Infernal Blade+1","Body Slam+1","Pommel Strike","Burning Pact","Shrug It Off","Evolve"],"relics":["Burning Blood","Golden Idol","Meat on the Bone","Tiny Chest","Lantern","Fusion Hammer","Toy Ornithopter","Enchiridion","Sundial"],"acts_visited":["Exordium","TheCity"],"potions_floor_usage":[8,8,16,18,27,33,33],"damage_taken":[{"damage":2,"enemies":"2 Louse","floor":1,"turns":4},{"damage":4,"enemies":"Jaw Worm","floor":3,"turns":5},{"damage":1,"enemies":"Cultist","floor":4,"turns":3},{"damage":10,"enemies":"2 Fungi Beasts","floor":5,"turns":3},{"damage":28,"enemies":"Gremlin Nob","floor":8,"turns":4},{"damage":10,"enemies":"Large Slime","floor":11,"turns":5},{"damage":21,"enemies":"Lots of Slimes","floor":12,"turns":5},{"damage":6,"enemies":"3 Louse","floor":14,"turns":4},{"damage":34,"enemies":"Hexaghost","floor":16,"turns":9},{"damage":13,"enemies":"3 Byrds","floor":18,"turns":8},{"damage":0,"enemies":"Chosen","floor":20,"turns":2},{"damage":1,"enemies":"Centurion and Healer","floor":22,"turns":5},{"damage":24,"enemies":"Snake Plant","floor":24,"turns":5},{"damage":41,"enemies":"Shelled Parasite and Fungi","floor":27,"turns":6},{"damage":20,"enemies":"Cultist and Chosen","floor":28,"turns":5},{"damage":65,"enemies":"Collector","floor":33,"turns":6}],"seed_played":"-4418191783614000659","potions_obtained":[{"floor":3,"key":"Swift Potion"},{"floor":4,"key":"LiquidMemories"},{"floor":14,"key":"FearPotion"},{"floor":16,"key":"ColorlessPotion"},{"floor":18,"key":"SpeedPotion"},{"floor":20,"key":"AttackPotion"},{"floor":27,"key":"SkillPotion"},{"floor":28,"key":"AttackPotion"}],"is_trial":false,"path_per_floor":["M","?","M","M","M","R","T","E","T","R","M","M","R","M","R","B",null,"M","?","M","?","M","R","M","R","T","M","M","T","?","$","R","B"],"character_chosen":"IRONCLAD","items_purchased":["Sundial"],"campfire_rested":2,"item_purchase_floors":[31],"current_hp_per_floor":[72,46,48,53,49,49,49,39,39,39,47,44,44,44,44,28,63,56,56,62,62,67,67,49,71,71,48,46,46,25,25,47,0,0],"gold":348,"neow_bonus":"TRANSFORM_TWO_CARDS","is_daily":false,"chose_seed":false,"campfire_upgraded":4,"win_rate":0.0,"timestamp":1611496328,"path_taken":["M","?","M","M","M","R","?","E","T","R","M","M","R","M","R","BOSS","M","?","M","?","M","R","?","R","T","M","M","?","?","$","R","BOSS"],"items_purchased_type":["Relic"],"build_version":"2020-12-22","purchased_purges":1,"victory":false,"max_hp_per_floor":[75,75,75,75,75,75,75,75,75,75,75,75,75,75,75,75,75,75,75,75,75,75,75,75,75,75,75,75,75,75,75,75,75,75],"card_choices":[{"not_picked":["Power Through","Dark Embrace"],"picked":"Second Wind","floor":1},{"not_picked":["Bloodletting","Anger","Perfected Strike"],"picked":"SKIP","floor":3},{"not_picked":["Bloodletting","Anger","Perfected Strike"],"picked":"SKIP","floor":3},{"not_picked":["Armaments","Sword Boomerang","True Grit"],"picked":"SKIP","floor":4},{"not_picked":["Infernal Blade","Twin Strike"],"picked":"Shrug It Off","floor":5},{"not_picked":["Feed","Headbutt"],"picked":"Carnage","floor":8},{"not_picked":["Clash","Inflame"],"picked":"Infernal Blade","floor":11},{"not_picked":["Clash","Iron Wave"],"picked":"Body Slam","floor":12},{"not_picked":["Iron Wave","Clothesline","Clash"],"picked":"SKIP","floor":14},{"not_picked":["Perfected Strike","Armaments"],"picked":"Pommel Strike","floor":18},{"not_picked":["Wild Strike","Clothesline","Flex"],"picked":"SKIP","floor":20},{"not_picked":["Twin Strike","Body Slam"],"picked":"Burning Pact","floor":22},{"not_picked":["Twin Strike","Sword Boomerang","Thunderclap"],"picked":"SKIP","floor":24},{"not_picked":["Armaments+1","Body Slam+1"],"picked":"Shrug It Off","floor":27},{"not_picked":["Dual Wield","Rupture"],"picked":"Evolve","floor":28}],"player_experience":1377743,"relics_obtained":[{"floor":7,"key":"Meat on the Bone"},{"floor":8,"key":"Tiny Chest"},{"floor":9,"key":"Lantern"},{"floor":29,"key":"Toy Ornithopter"},{"floor":30,"key":"Enchiridion"}],"event_choices":[{"damage_healed":0,"gold_gain":0,"player_choice":"Take Damage","damage_taken":26,"relics_obtained":["Golden Idol"],"max_hp_gain":0,"max_hp_loss":0,"event_name":"Golden Idol","floor":2,"gold_loss":0},{"damage_healed":0,"gold_gain":0,"player_choice":"Ignored","damage_taken":0,"max_hp_gain":0,"max_hp_loss":0,"event_name":"Ghosts","floor":19,"gold_loss":0},{"damage_healed":0,"gold_gain":0,"player_choice":"0 cards matched","damage_taken":0,"max_hp_gain":0,"max_hp_loss":0,"event_name":"Match and Keep!","floor":21,"gold_loss":0,"cards_obtained":[]},{"damage_healed":0,"gold_gain":0,"player_choice":"Obtained Book","damage_taken":21,"max_hp_gain":0,"max_hp_loss":0,"event_name":"Cursed Tome","floor":30,"gold_loss":0}],"is_beta":false,"boss_relics":[{"not_picked":["SacredBark","Runic Cube"],"picked":"Fusion Hammer"}],"items_purged_floors":[31],"is_endless":false,"potions_floor_spawned":[3,4,14,16,18,20,27,28],"killed_by":"Collector","ascension_level":20}}