{"host":"b4vwm7jq6jdk6nca","time":1611501314,"event":{"mods":["Act Like it!","BaseMod","Downfall","Minty Spire (QoL Compilation)","Quick Restart","StSLib","TestMod","The Cursed","[IsaacMod]以撒尖塔","vexMod"],"gold_per_floor":[116,126,144,159,16,16,45,45,71,71,71,146,159,159,159,254,254,278,141,154,154,176,212,228,283,335,82,112,131,230,272,272,390,390,410,469,102,102,124,162,52,52,79,79,113,113,73,0,0,41,41,41,41,89,143,143],"floor_reached":55,"language":"ZHS","playtime":2873,"items_purged":["Strike_B","Strike_B","Defend_B","Defend_B"],"score":1309,"play_id":"94535eb5-9831-4173-8737-25d40569453b","local_time":"20210124231514","is_ascension_mode":true,"campfire_choices":[{"data":"Zap","floor":6.0,"key":"SMITH"},{"data":"Dualcast","floor":8.0,"key":"SMITH"},{"data":"Loop","floor":10.0,"key":"SMITH"},{"floor":15.0,"key":"REST"},{"floor":32,"key":"REST"},{"floor":44,"key":"RECALL"},{"data":"Defragment","floor":49,"key":"SMITH"},{"data":"Defragment","floor":52,"key":"SMITH"}],"circlet_count":0,"master_deck":["Zap+1","Dualcast+1","Cold Snap","Defragment","Loop+1","Electrodynamics","Capacitor","Distribution","Tempest","Defragment+1","Fission+1","Rainbow","Cold Snap+1","Pulse+1","Coolheaded","Flash of Steel","Distribution+1","Seek+1","Defragment+1","Coolheaded+1","Madness+1","Madness+1","Doom and Gloom"],"relics":["Cracked Core","testmod-TestBox","HushsDoor","D6","testmod-BouquetWithThorns","NeowsBlessing","testmod-AssaultLearning","Lantern","Shuriken","testmod-DeterminationOfClimber","Bag of Preparation","Slimebound:PreparedRelic","Anchor","Membership Card","Juzu Bracelet","Nunchaku","testmod-KeyOfTheVoid","Damocles","DeathBook","SatanicBible","vexMod:RetaliationKit","FossilizedHelix","Happy Flower","sneckomod:BlankCard","OrangePellets","Question Card","vexMod:ScavengeHelm","testmod-InjuryResistance","Singing Bowl","Toxic Egg 2","Bag of Marbles","Bronze Scales","GnawedLeaf","Red Mask","vexMod:Dragonfruit","Art of War"],"acts_visited":["Exordium","TheCity","TheBeyond","TheEnding"],"potions_floor_usage":[28,33,36,41,55,55,55],"damage_taken":[{"damage":0.0,"enemies":"Small Slimes","floor":1.0,"turns":1.0},{"damage":0.0,"enemies":"2 Louse","floor":2.0,"turns":1.0},{"damage":0.0,"enemies":"Cultist","floor":3.0,"turns":1.0},{"damage":5.0,"enemies":"2 Fungi Beasts","floor":4.0,"turns":3.0},{"damage":12.0,"enemies":"Lagavulin","floor":7.0,"turns":6.0},{"damage":6.0,"enemies":"Looter","floor":13.0,"turns":2.0},{"damage":1.0,"enemies":"The Guardian","floor":16.0,"turns":7.0},{"damage":0.0,"enemies":"Spheric Guardian","floor":18.0,"turns":3.0},{"damage":3.0,"enemies":"Shell Parasite","floor":20.0,"turns":4.0},{"damage":8.0,"enemies":"Cultist and Chosen","floor":22.0,"turns":4.0},{"damage":23.0,"enemies":"Book of Stabbing","floor":23.0,"turns":4.0},{"damage":14.0,"enemies":"Snake Plant","floor":24.0,"turns":2.0},{"damage":0.0,"enemies":"Hiden Room Battle","floor":25.0,"turns":2.0},{"damage":19,"enemies":"Slavers","floor":28,"turns":2},{"damage":0,"enemies":"3 Cultists","floor":29,"turns":1},{"damage":10,"enemies":"Book of Stabbing","floor":31,"turns":3},{"damage":5,"enemies":"Automaton","floor":33,"turns":4},{"damage":0,"enemies":"3 Shapes","floor":35,"turns":1},{"damage":0,"enemies":"Mind Bloom Boss Battle","floor":36,"turns":1},{"damage":0,"enemies":"Orb Walker","floor":39,"turns":1},{"damage":0,"enemies":"Nemesis","floor":40,"turns":2},{"damage":0,"enemies":"Writhing Mass","floor":45,"turns":1},{"damage":0,"enemies":"Awakened One","floor":50,"turns":3},{"damage":0,"enemies":"Shield and Spear","floor":54,"turns":1},{"damage":0,"enemies":"Delirium","floor":55,"turns":9}],"seed_played":"-2517455054556807425","potions_obtained":[{"floor":3.0,"key":"BlessingOfTheForge"},{"floor":7.0,"key":"Explosive Potion"},{"floor":13.0,"key":"GamblersBrew"},{"floor":24.0,"key":"bronze:BurnAndBuffPotion"},{"floor":25.0,"key":"DistilledChaos"},{"floor":31,"key":"ColorlessPotion"},{"floor":33,"key":"BlessingOfTheForge"},{"floor":36,"key":"FearPotion"},{"floor":40,"key":"SkillPotion"},{"floor":45,"key":"EssenceOfSteel"}],"is_trial":false,"path_per_floor":["M","M","M","M","$","R","E","R","T","R","?","?","M","?","R","B",null,"M","$","M","?","M","E","M","?","T","$","E","M","?","E","R","B",null,"M","?","$","T","M","E","$","?","T","R","M","?","?","?","R","B",null,"R","$","E","B"],"character_chosen":"DEFECT","items_purchased":["Defragment","Capacitor","Membership Card","Aggregate","Damocles","DeathBook","SatanicBible","Rainbow","sneckomod:BlankCard","BootSequence","Coolheaded","Flash of Steel","OrangePellets","Question Card","Seek+1","Defragment","testmod-SpacePotion"],"campfire_rested":2,"item_purchase_floors":[5,19,27,27,34,34,34,34,37,37,37,37,37,37,41,41,41],"current_hp_per_floor":[68,68,68,63,63,63,51,51,51,51,51,40,34,27,49,48,68,72,72,72,72,68,51,42,32,32,32,16,20,20,17,39,47,36,36,36,36,36,36,36,36,21,21,21,36,32,32,32,32,36,36,36,36,41,0,0],"gold":143,"neow_bonus":"THREE_ENEMY_KILL","is_daily":false,"chose_seed":false,"campfire_upgraded":5,"win_rate":0.0,"timestamp":1611501314,"path_taken":["M","M","M","M","$","R","E","R","T","R","?","?","?","?","R","BOSS","M","$","M","?","M","E","?","?","T","$","E","M","?","E","R","BOSS","M","?","$","?","M","E","$","?","T","R","M","?","?","?","R","BOSS","R","$","E","BOSS"],"items_purchased_type":["Card","Card","Relic","Card","Relic","Relic","Relic","Card","Relic","Card","Card","Card","Relic","Relic","Card","Card","Potion"],"build_version":"2020-12-22","purchased_purges":4,"victory":false,"max_hp_per_floor":[75,75,75,75,75,75,75,75,75,75,75,75,75,75,75,75,75,75,75,75,75,75,75,75,75,75,75,75,75,75,75,75,75,36,36,36,36,36,36,36,36,36,36,36,36,36,36,36,36,36,36,36,36,41,41,41],"card_choices":[{"not_picked":[],"picked":"SuicideKing","floor":0.0},{"not_picked":["Redo","Barrage"],"picked":"Cold Snap","floor":1.0},{"not_picked":["Blizzard","Beam Cell"],"picked":"Barrage","floor":2.0},{"not_picked":["Hologram","Sweeping Beam"],"picked":"Coolheaded","floor":3.0},{"not_picked":["Scrape","Go for the Eyes","Rebound"],"picked":"SKIP","floor":4.0},{"not_picked":["Barrage","Gash"],"picked":"Loop","floor":7.0},{"not_picked":["Coolheaded","Compile Driver","Genetic Algorithm"],"picked":"SKIP","floor":13.0},{"not_picked":["Meteor Strike","All For One"],"picked":"Electrodynamics","floor":16.0},{"not_picked":["Cold Snap","Turbo","Undo"],"picked":"SKIP","floor":18.0},{"not_picked":["Genetic Algorithm","Rebound"],"picked":"Distribution","floor":20.0},{"not_picked":["Compile Driver+1","Hologram"],"picked":"Tempest","floor":22.0},{"not_picked":["Coolheaded","All For One"],"picked":"Defragment","floor":23.0},{"not_picked":["Stack","Defragment","Fusion+1"],"picked":"SKIP","floor":24.0},{"not_picked":["Gash","Coolheaded"],"picked":"Lockon","floor":28},{"not_picked":["Self Repair+1","Sweeping Beam","Gash"],"picked":"SKIP","floor":29},{"not_picked":["Capacitor","Sweeping Beam"],"picked":"Steam","floor":31},{"not_picked":["Electrodynamics","Amplify"],"picked":"Fission","floor":33},{"not_picked":["White Noise+1","Fusion+1"],"picked":"Cold Snap+1","floor":35},{"not_picked":["Hologram+1","Go for the Eyes+1"],"picked":"Pulse","floor":36},{"not_picked":["Stack","Leap+1","Go for the Eyes"],"picked":"Hologram+1","floor":39},{"not_picked":["Leap+1","Barrage","Beam Cell+1"],"picked":"Distribution+1","floor":40},{"not_picked":["Hologram+1","Reprogram+1","Electrodynamics"],"picked":"Coolheaded+1","floor":45},{"not_picked":["Turbo+1","Compile Driver+1","Go for the Eyes"],"picked":"Doom and Gloom","floor":54}],"player_experience":254967,"relics_obtained":[{"floor":7.0,"key":"testmod-AssaultLearning"},{"floor":9.0,"key":"Lantern"},{"floor":23.0,"key":"Bag of Preparation"},{"floor":25.0,"key":"Slimebound:PreparedRelic"},{"floor":25.0,"key":"Anchor"},{"floor":28,"key":"Juzu Bracelet"},{"floor":31,"key":"Nunchaku"},{"floor":35,"key":"vexMod:RetaliationKit"},{"floor":36,"key":"FossilizedHelix"},{"floor":36,"key":"Happy Flower"},{"floor":38,"key":"vexMod:ScavengeHelm"},{"floor":39,"key":"testmod-InjuryResistance"},{"floor":40,"key":"Singing Bowl"},{"floor":40,"key":"Toxic Egg 2"},{"floor":43,"key":"Bronze Scales"},{"floor":45,"key":"GnawedLeaf"},{"floor":54,"key":"vexMod:Dragonfruit"},{"floor":54,"key":"Art of War"}],"event_choices":[{"damage_healed":0.0,"max_hp_gain":0.0,"max_hp_loss":0.0,"gold_gain":0.0,"event_name":"给自己的盒子","player_choice":"Swap Relic","floor":11.0,"relics_lost":["JudasShadow"],"gold_loss":0.0,"damage_taken":0.0,"relics_obtained":["JudasShadow"]},{"damage_healed":0.0,"max_hp_gain":0.0,"max_hp_loss":0.0,"gold_gain":75.0,"event_name":"World of Goop","player_choice":"Gather Gold","floor":12.0,"gold_loss":0.0,"damage_taken":11.0},{"damage_healed":0.0,"max_hp_gain":0.0,"max_hp_loss":0.0,"gold_gain":0.0,"event_name":"Scrap Ooze","player_choice":"Success","floor":14.0,"gold_loss":0.0,"damage_taken":7.0,"relics_obtained":["Shuriken"]},{"damage_healed":0.0,"max_hp_gain":0.0,"max_hp_loss":0.0,"gold_gain":0.0,"event_name":"Ghosts","player_choice":"Ignored","floor":21.0,"gold_loss":0.0,"damage_taken":0.0},{"damage_healed":0.0,"max_hp_gain":0.0,"max_hp_loss":0.0,"gold_gain":0.0,"event_name":"HidenRoomEvent","player_choice":"Fight","floor":25.0,"gold_loss":0.0,"damage_taken":0.0},{"damage_healed":0,"gold_gain":99,"player_choice":"Stole From Cult","damage_taken":0,"max_hp_gain":0,"max_hp_loss":0,"event_name":"Nest","floor":30,"gold_loss":0},{"damage_healed":0,"gold_gain":0,"player_choice":"Fight","damage_taken":0,"max_hp_gain":0,"max_hp_loss":0,"event_name":"MindBloom","floor":36,"gold_loss":0},{"damage_healed":0,"gold_gain":0,"player_choice":"Embrace Madness","damage_taken":5,"max_hp_gain":0,"max_hp_loss":0,"event_name":"Winding Halls","floor":46,"gold_loss":0,"cards_obtained":["Madness","Madness"]},{"damage_healed":0,"gold_gain":0,"player_choice":"Upgraded Two","damage_taken":0,"max_hp_gain":0,"max_hp_loss":0,"event_name":"Designer","floor":47,"gold_loss":40,"cards_upgraded":["Fission","Pulse"]},{"damage_healed":0,"gold_gain":0,"player_choice":"Paid","damage_taken":0,"relics_obtained":["Red Mask"],"max_hp_gain":0,"max_hp_loss":0,"event_name":"Tomb of Lord Red Mask","floor":48,"gold_loss":73}],"is_beta":false,"boss_relics":[{"not_picked":["vexMod:TanglingVine","testmod-Recursion"],"picked":"testmod-DeterminationOfClimber"},{"not_picked":[]},{"not_picked":["Coffee Dripper","bronze:MakeshiftBattery"],"picked":"testmod-KeyOfTheVoid"},{"not_picked":[]}],"items_purged_floors":[5,19,27,34],"is_endless":false,"potions_floor_spawned":[3,7,13,24,25,31,33,36,40,45],"killed_by":"Delirium","ascension_level":9}}