{"host":"zqowyf7xxb4s9ib0","time":1611530142,"event":{"mods":["BaseMod","Better Note","Colored Map","Colored Powertips","Downfall","Highlight Path","Minty Spire (QoL Compilation)","Permanent Neow","Quick Restart","StSLib"],"gold_per_floor":[99,111,126,146,146,146,199,229,229,259,59,44,44,58,74,74,74,74],"floor_reached":16,"language":"ENG","playtime":881,"items_purged":[],"score":110,"play_id":"191276c9-e987-4e0a-ad44-af3442cb331a","local_time":"20210124151542","is_ascension_mode":false,"campfire_choices":[{"data":"champ:Taunt","floor":1,"key":"SMITH"},{"floor":6,"key":"RECALL"},{"floor":11,"key":"REST"},{"data":"champ:Backstep","floor":13,"key":"SMITH"}],"circlet_count":0,"master_deck":["champ:Strike","champ:Strike","champ:Defend","champ:Defend","champ:Execute","champ:Taunt+1","champ:BerserkerStyle","champ:GutPunch","champ:FancyFootwork","champ:DefensiveShout","champ:AdrenalArmor","champ:SkillfulDodge","champ:CrownThrow","champ:Backstep+1","champ:EnragedBash"],"relics":["champ:ChampionCrown","MealTicket","Tiny Chest","Mummified Hand","downfall:HeartBlessingGreen","downfall:HeartBlessingRed"],"acts_visited":["Exordium"],"potions_floor_usage":[8,8],"damage_taken":[{"damage":17,"enemies":"Small Slimes","floor":2,"turns":3},{"damage":14,"enemies":"Cultist","floor":3,"turns":4},{"damage":0,"enemies":"2 Louse","floor":4,"turns":2},{"damage":60,"enemies":"Gremlin Nob","floor":8,"turns":5},{"damage":60,"enemies":"Lagavulin","floor":10,"turns":8},{"damage":30,"enemies":"downfall:FleeingMerchant","floor":12,"turns":4},{"damage":31,"enemies":"Exordium Wildlife","floor":14,"turns":5},{"damage":30,"enemies":"2 Fungi Beasts","floor":15,"turns":3},{"damage":62,"enemies":"DF_ARCHETYPE_STREAMLINE","floor":16,"turns":4}],"seed_played":"-3327755413484956090","potions_obtained":[{"floor":2,"key":"ColorlessPotion"},{"floor":3,"key":"SteroidPotion"},{"floor":4,"key":"BlessingOfTheForge"},{"floor":10,"key":"Explosive Potion"},{"floor":14,"key":"Strength Potion"}],"is_trial":false,"path_per_floor":["R","M","M","M","?","R","T","E","?","E","R","$","R","M","M","B"],"character_chosen":"THE_CHAMP","items_purchased":[],"campfire_rested":1,"item_purchase_floors":[],"current_hp_per_floor":[63,63,59,59,59,59,59,38,38,19,46,61,61,61,60,0,0,0],"gold":74,"neow_bonus":"TRANSFORM_TWO_CARDS","is_daily":false,"chose_seed":false,"campfire_upgraded":2,"win_rate":0.0,"timestamp":1611530142,"path_taken":["R","M","M","M","?","R","T","E","?","E","R","$","R","?","M","BOSS"],"items_purchased_type":[],"build_version":"2020-12-22","purchased_purges":0,"victory":false,"max_hp_per_floor":[90,90,90,90,90,90,90,90,90,90,90,90,90,90,90,90,90,90],"card_choices":[{"not_picked":["champ:IronFortress","champ:GutPunch"],"picked":"champ:FancyFootwork","floor":2},{"not_picked":["champ:FocusedBerserking","champ:StanceDance"],"picked":"champ:DefensiveShout","floor":3},{"not_picked":["champ:GutPunch","champ:FocusedDefense"],"picked":"champ:AdrenalArmor","floor":4},{"not_picked":["champ:FalseCounter","champ:MurderStrike"],"picked":"champ:SkillfulDodge","floor":8},{"not_picked":["champ:StanceDance","champ:GladiatorStyle"],"picked":"champ:CrownThrow","floor":10},{"not_picked":["champ:Lariat","champ:CrownThrow"],"picked":"champ:Backstep","floor":12},{"not_picked":["champ:CrookedStrike","champ:StanceDance"],"picked":"champ:EnragedBash","floor":14},{"not_picked":["champ:Circumvent","champ:HeartStrike","champ:PerfectedStrike"],"picked":"SKIP","floor":15}],"player_experience":494784,"relics_obtained":[{"floor":7,"key":"MealTicket"},{"floor":8,"key":"Tiny Chest"},{"floor":10,"key":"Mummified Hand"}],"event_choices":[],"is_beta":false,"boss_relics":[],"items_purged_floors":[],"is_endless":false,"potions_floor_spawned":[2,3,4,10,14],"killed_by":"DF_ARCHETYPE_STREAMLINE","ascension_level":0}}