{"host":"zxd2l8an9de7z7b9","time":1611487607,"event":{"mods":["100% Spire Juice","2.2 Compatiblity","Arknights The Spire","BaseMod","CapriCore","Colored Map","Colored Powertips","Minty Spire (QoL Compilation)","Rare Cards Sparkle","StSLib","SuperFastMode","The Bug Knight"],"gold_per_floor":[109,284,135,146,164,193,193,193,193,71,138,247,247,274,274,379,379,397,407,457,469,569,595,595,595],"floor_reached":24,"language":"KOR","playtime":1396,"items_purged":["Doubt","Strike_P"],"score":224,"play_id":"3f7bbb5c-ccb4-47ee-9272-4b395eeca901","local_time":"20210124202647","is_ascension_mode":false,"campfire_choices":[{"data":"Eruption","floor":8.0,"key":"SMITH"},{"floor":13.0,"key":"REST"},{"floor":15.0,"key":"REST"}],"circlet_count":0,"master_deck":["Strike_P+1","Strike_P","Strike_P","Defend_P","Defend_P","Defend_P","Defend_P","Eruption+1","Vigilance+1","Scrawl+1","Vengeance","InnerPeace","EmptyMind","Prostrate","Halt","Collect","Conclude","LessonLearned","Tantrum+1","TalkToTheHand+1","Meditate+1"],"relics":["PureWater","Singing Bowl","SsserpentHead","Smiling Mask","Pen Nib","Damaru","Fusion Hammer","Tiny Chest"],"acts_visited":["Exordium","TheCity"],"potions_floor_usage":[19,23],"damage_taken":[{"damage":0.0,"enemies":"Small Slimes","floor":1.0,"turns":2.0},{"damage":7.0,"enemies":"2 Louse","floor":4.0,"turns":4.0},{"damage":0.0,"enemies":"Cultist","floor":5.0,"turns":4.0},{"damage":15.0,"enemies":"Lagavulin","floor":6.0,"turns":7.0},{"damage":2.0,"enemies":"Blue Slaver","floor":11.0,"turns":5.0},{"damage":32.0,"enemies":"Gremlin Nob","floor":12.0,"turns":4.0},{"damage":13.0,"enemies":"3 Sentries","floor":14.0,"turns":5.0},{"damage":27,"enemies":"The Guardian","floor":16,"turns":12},{"damage":17,"enemies":"Shell Parasite","floor":18,"turns":8},{"damage":0,"enemies":"Snecko","floor":19,"turns":6},{"damage":0,"enemies":"Centurion and Healer","floor":21,"turns":4},{"damage":54,"enemies":"Slavers","floor":23,"turns":4},{"damage":12,"enemies":"Shelled Parasite and Fungi","floor":24,"turns":1}],"seed_played":"-8879801673654170289","potions_obtained":[{"floor":1.0,"key":"Strength Potion"},{"floor":6.0,"key":"SteroidPotion"},{"floor":11.0,"key":"Explosive Potion"},{"floor":14.0,"key":"Swift Potion"},{"floor":19,"key":"CultistPotion"}],"is_trial":false,"path_per_floor":["M","?","$","M","M","E","?","R","T","$","M","?","R","E","R","B",null,"M","M","?","M","?","E","M"],"character_chosen":"WATCHER","items_purchased":["InnerPeace","Collect"],"campfire_rested":2,"item_purchase_floors":[3,10],"current_hp_per_floor":[72,72,72,65,65,50,50,50,50,50,48,18,40,29,51,24,76,59,59,59,61,61,7,0,0],"gold":595,"neow_bonus":"ONE_RANDOM_RARE_CARD","is_daily":false,"chose_seed":false,"campfire_upgraded":1,"win_rate":0.0,"timestamp":1611487607,"path_taken":["M","?","$","M","M","E","?","R","T","$","?","?","R","E","R","BOSS","M","M","?","M","?","E","M"],"items_purchased_type":["Card","Card"],"build_version":"2020-12-22","purchased_purges":2,"victory":false,"max_hp_per_floor":[72,72,72,72,72,72,72,72,72,72,72,74,74,76,76,76,76,76,76,76,78,78,78,78,78],"card_choices":[{"not_picked":["PathToVictory","Sanctity"],"picked":"Vengeance","floor":1.0},{"not_picked":["Consecrate","FlurryOfBlows"],"picked":"EmptyMind","floor":4.0},{"not_picked":["CarveReality","BowlingBash"],"picked":"Prostrate","floor":5.0},{"not_picked":["CutThroughFate","EmptyMind"],"picked":"Halt","floor":6.0},{"not_picked":["PathToVictory","BowlingBash"],"picked":"Conclude","floor":11.0},{"not_picked":["WreathOfFlame","SignatureMove","FlyingSleeves"],"picked":"Singing Bowl","floor":12.0},{"not_picked":["SignatureMove","SashWhip","Fasting2"],"picked":"Singing Bowl","floor":14.0},{"not_picked":["Devotion","Scrawl"],"picked":"LessonLearned","floor":16},{"not_picked":["CutThroughFate","Prostrate"],"picked":"Tantrum+1","floor":18},{"not_picked":["Consecrate","Nirvana"],"picked":"TalkToTheHand+1","floor":19},{"not_picked":["InnerPeace+1","Evaluate","WheelKick"],"picked":"Singing Bowl","floor":21},{"not_picked":["JustLucky","ThirdEye"],"picked":"Meditate+1","floor":23}],"player_experience":344032,"relics_obtained":[{"floor":6.0,"key":"Singing Bowl"},{"floor":9.0,"key":"Smiling Mask"},{"floor":12.0,"key":"Pen Nib"},{"floor":14.0,"key":"Damaru"},{"floor":23,"key":"Tiny Chest"}],"event_choices":[{"damage_healed":0.0,"max_hp_gain":0.0,"max_hp_loss":0.0,"gold_gain":175.0,"event_name":"Liars Game","player_choice":"AGREE","floor":2.0,"gold_loss":0.0,"damage_taken":0.0,"cards_obtained":["Doubt"]},{"damage_healed":0.0,"max_hp_gain":0.0,"max_hp_loss":0.0,"gold_gain":0.0,"event_name":"FaceTrader","player_choice":"Trade","floor":7.0,"gold_loss":0.0,"damage_taken":0.0,"relics_obtained":["SsserpentHead"]},{"damage_healed":0.0,"max_hp_gain":0.0,"max_hp_loss":0.0,"gold_gain":30.0,"event_name":"Dead Adventurer","player_choice":"Searched \u00273\u0027 times","floor":12.0,"gold_loss":0.0,"damage_taken":0.0},{"damage_healed":0,"gold_gain":0,"player_choice":"Ignored","damage_taken":0,"max_hp_gain":0,"max_hp_loss":0,"event_name":"Ghosts","floor":20,"gold_loss":0},{"damage_healed":0,"gold_gain":100,"player_choice":"Bet on Murderer","damage_taken":0,"max_hp_gain":0,"max_hp_loss":0,"event_name":"The Joust","floor":22,"gold_loss":50}],"is_beta":false,"boss_relics":[{"not_picked":["Runic Pyramid","Snecko Eye"],"picked":"Fusion Hammer"}],"items_purged_floors":[3,10],"is_endless":false,"potions_floor_spawned":[1,6,11,14,19],"killed_by":"Shelled Parasite and Fungi","ascension_level":0}}