{"host":"Jinnai","time":1611518888,"event":{"mods":["BaseMod","Bestiary","Block Reminder","Colored Map","Colored Powertips","Highlight Path","Minty Spire (QoL Compilation)","Quick Restart","Relic Stats","StSLib"],"gold_per_floor":[109,122,122,138,138,138,138],"floor_reached":6,"language":"ENG","playtime":195,"items_purged":[],"score":70,"play_id":"74c3a324-b781-427d-b743-20d48fd713df","local_time":"20210124150808","is_ascension_mode":true,"campfire_choices":[],"circlet_count":0,"master_deck":["AscendersBane","Strike_G","Strike_G","Strike_G","Strike_G","Strike_G","Defend_G","Defend_G","Defend_G+1","Defend_G","Survivor","Neutralize","Masterful Stab","Dagger Spray+1","Noxious Fumes"],"relics":["Ring of the Snake"],"acts_visited":["Exordium"],"potions_floor_usage":[6,6],"damage_taken":[{"damage":0,"enemies":"2 Louse","floor":1,"turns":4},{"damage":1,"enemies":"Cultist","floor":2,"turns":3},{"damage":0,"enemies":"Small Slimes","floor":4,"turns":2},{"damage":30,"enemies":"Lagavulin","floor":6,"turns":4}],"seed_played":"-4531251504885698675","potions_obtained":[{"floor":2,"key":"AttackPotion"},{"floor":4,"key":"Fire Potion"}],"is_trial":false,"path_per_floor":["M","M","?","M","?","E"],"character_chosen":"THE_SILENT","items_purchased":[],"campfire_rested":0,"item_purchase_floors":[],"current_hp_per_floor":[56,55,48,48,25,0,0],"gold":138,"neow_bonus":"TWENTY_PERCENT_HP_BONUS","is_daily":false,"chose_seed":false,"campfire_upgraded":0,"win_rate":0.0,"timestamp":1611518888,"path_taken":["M","M","?","M","?","E"],"items_purchased_type":[],"build_version":"2020-12-18","purchased_purges":0,"victory":false,"max_hp_per_floor":[78,78,78,78,78,78,78],"relic_stats":{"counters":[4,13],"obtain_stats":[{"Ring of the Snake":0},{"Ring of the Snake":0},{"Ring of the Snake":0}],"Ring of the Snake":[8]},"card_choices":[{"not_picked":["Deadly Poison","Calculated Gamble"],"picked":"Masterful Stab","floor":1},{"not_picked":["Bane","Backflip"],"picked":"Dagger Spray","floor":2},{"not_picked":["Deadly Poison","Blur"],"picked":"Noxious Fumes","floor":4}],"player_experience":1557751,"relics_obtained":[],"event_choices":[{"cards_removed":["Defend_G"],"damage_healed":0,"gold_gain":0,"player_choice":"Card Removal","damage_taken":7,"max_hp_gain":0,"max_hp_loss":0,"event_name":"Golden Wing","floor":3,"gold_loss":0},{"damage_healed":0,"gold_gain":0,"player_choice":"Entered Light","damage_taken":23,"max_hp_gain":0,"max_hp_loss":0,"event_name":"Shining Light","floor":5,"gold_loss":0,"cards_upgraded":["Defend_G","Dagger Spray"]}],"is_beta":true,"boss_relics":[],"items_purged_floors":[],"is_endless":false,"potions_floor_spawned":[2,4],"killed_by":"Lagavulin","ascension_level":19}}