{"host":"uvmuduost5bzvojs","time":1611528871,"event":{"mods":["Ascension Reborn","Aspiration","Bard","BaseMod","Better Match","Block Reminder","Conspire","Hermit","Highlight Path","Hubris","Infinite Spire","Jorbs\u0027s Wanderer Trilogy","Mad Scientist","Marisa????????","Mimic Mod","Minty Spire (QoL Compilation)","Potionbrewer","Replay The Spire","Robot Space Explorer","StSLib","The Blackbeard","The Construct","The Cursed","The Disciple","The Hayseed","The Hierophant","The Juggle","The Jungle","The Poker Player","The Runesmith","The Servant 0.9.4","The Spell Scribe","The Valiant","TheBandit"],"gold_per_floor":[114,114,132,25,43,78,78,112,112,140,153,172,132,132,132,132,132],"floor_reached":16,"language":"ENG","playtime":602,"items_purged":[],"score":120,"play_id":"796e2261-d205-40cd-86a6-1e0026d8b42e","local_time":"20210124175431","is_ascension_mode":true,"campfire_choices":[{"data":"hermit:Enervate","floor":7,"key":"SMITH"},{"floor":15,"key":"REST"}],"circlet_count":0,"master_deck":["hermit:Strike_Hermit","hermit:Strike_Hermit","hermit:Strike_Hermit","hermit:Strike_Hermit","hermit:Defend_Hermit","hermit:Defend_Hermit","hermit:Defend_Hermit","hermit:Defend_Hermit","hermit:Snapshot","hermit:Covet","hermit:Enervate+1","Injury","hermit:HighCaliber+1","hermit:GoldenBullet+1","hermit:CalledShot+1","hermit:CalledShot+1","hermit:ItchyTrigger+1","hermit:Shortfuse+1","hermit:Brawl","hermit:PistolWhip+1"],"relics":["hermit:Momento","NeowsBlessing","Molten Egg 2","Lantern","Replay:Bottled Flurry","ReplayTheSpireMod:Shallot","hubris:TinFlute","hubris:Towel"],"acts_visited":["Exordium"],"potions_floor_usage":[6,8,16],"damage_taken":[{"damage":0,"enemies":"Jaw Worm","floor":1,"turns":1},{"damage":0,"enemies":"conspire:RoseBush","floor":3,"turns":1},{"damage":0,"enemies":"Cultist","floor":5,"turns":1},{"damage":25,"enemies":"3 Sentries","floor":6,"turns":10},{"damage":18,"enemies":"Lagavulin","floor":8,"turns":3},{"damage":24,"enemies":"Replay:BlueRogue","floor":10,"turns":5},{"damage":0,"enemies":"Red Slaver","floor":11,"turns":3},{"damage":0,"enemies":"3 Louse","floor":12,"turns":1},{"damage":36,"enemies":"The Guardian","floor":16,"turns":9}],"seed_played":"664862217487318367","potions_obtained":[{"floor":3,"key":"GamblersBrew"},{"floor":6,"key":"DistilledChaos"},{"floor":10,"key":"Elixir"},{"floor":12,"key":"Explosive Potion"}],"is_trial":false,"path_per_floor":["M","?","M","$","M","E","R","E","T","E","M","M","?","?","R","B"],"character_chosen":"HERMIT","items_purchased":["hermit:GoldenBullet+1","hermit:CalledShot+1"],"campfire_rested":1,"item_purchase_floors":[4,4],"current_hp_per_floor":[75,75,75,75,75,50,50,32,32,8,8,8,8,8,30,0,0],"gold":132,"neow_bonus":"THREE_ENEMY_KILL","is_daily":false,"chose_seed":false,"campfire_upgraded":1,"win_rate":0.0,"timestamp":1611528871,"path_taken":["M","?","M","$","M","E","R","E","T","E","M","M","?","?","R","BOSS"],"items_purchased_type":["Card","Card"],"build_version":"2020-12-22","purchased_purges":0,"victory":false,"max_hp_per_floor":[75,75,75,75,75,75,75,75,75,75,75,75,75,75,75,75,75],"card_choices":[{"not_picked":["hermit:Snipe","hermit:Dive"],"picked":"hermit:Enervate","floor":1},{"not_picked":["hermit:Dive","hermit:DeadMansHand"],"picked":"hermit:HighCaliber+1","floor":3},{"not_picked":["hermit:LowProfile","hermit:Snipe"],"picked":"hermit:ItchyTrigger+1","floor":5},{"not_picked":["hermit:Misfire+1","hermit:FromBeyond"],"picked":"hermit:Shortfuse+1","floor":6},{"not_picked":["hermit:Feint","hermit:WideOpen+1"],"picked":"hermit:Brawl","floor":8},{"not_picked":["hermit:ShadowCloak","hermit:ItchyTrigger+1","hermit:Misfire+1"],"picked":"SKIP","floor":10},{"not_picked":["hermit:Dive","hermit:Gestalt","hermit:CalledShot+1"],"picked":"SKIP","floor":11},{"not_picked":["hermit:Headshot+1","hermit:HoleUp"],"picked":"hermit:PistolWhip+1","floor":12}],"player_experience":1772929,"relics_obtained":[{"floor":6,"key":"Lantern"},{"floor":8,"key":"Replay:Bottled Flurry"},{"floor":9,"key":"ReplayTheSpireMod:Shallot"},{"floor":10,"key":"hubris:TinFlute"}],"event_choices":[{"damage_healed":0,"gold_gain":0,"player_choice":"Left Gold","damage_taken":0,"max_hp_gain":0,"max_hp_loss":0,"event_name":"World of Goop","floor":13,"gold_loss":40}],"is_beta":false,"boss_relics":[],"items_purged_floors":[],"is_endless":false,"potions_floor_spawned":[3,6,10,12],"killed_by":"The Guardian","ascension_level":0}}