{"host":"me30ioratabihv4r","time":1611513677,"event":{"mods":["AchievementEnabler","Act Like it!","BaseMod","Hallownest","Minty Spire (QoL Compilation)","StSLib","The Bug Knight","UnlockEverythingMod","everything is the same but u backflip on backflip"],"gold_per_floor":[117,129,129,139,139,139,214,232,256,269,10,41,41,41,41,137,137,152,152,152,0,18,18,18,18],"floor_reached":24,"language":"ENG","playtime":750,"items_purged":[],"score":213,"play_id":"1fc8c887-e168-428f-9a9f-dbbe74d2dd18","local_time":"20210124144117","is_ascension_mode":true,"campfire_choices":[{"data":"Bash","floor":6.0,"key":"SMITH"},{"data":"Seeing Red","floor":13.0,"key":"SMITH"},{"data":"Clothesline","floor":15.0,"key":"SMITH"},{"data":"Armaments","floor":23.0,"key":"SMITH"}],"circlet_count":0,"master_deck":["Strike_R","Strike_R","Strike_R","Strike_R","Defend_R","Defend_R+1","Defend_R","Defend_R","Bash+1","Cleave","Clothesline+1","Clothesline+1","Cleave","Seeing Red+1","Reaper","Uppercut","Seeing Red+1","Armaments+1"],"relics":["Burning Blood","Juzu Bracelet","PreservedInsect","Paper Frog","Matryoshka","Black Star"],"acts_visited":[],"potions_floor_usage":[],"damage_taken":[{"damage":1.0,"enemies":"Cultist","floor":1.0,"turns":3.0},{"damage":8.0,"enemies":"2 Louse","floor":2.0,"turns":3.0},{"damage":2.0,"enemies":"Jaw Worm","floor":4.0,"turns":3.0},{"damage":7.0,"enemies":"Red Slaver","floor":8.0,"turns":3.0},{"damage":4.0,"enemies":"Exordium Wildlife","floor":10.0,"turns":3.0},{"damage":10.0,"enemies":"Gremlin Nob","floor":12.0,"turns":3.0},{"damage":26.0,"enemies":"Slime Boss","floor":16.0,"turns":8.0},{"damage":25.0,"enemies":"2 Thieves","floor":18.0,"turns":4.0},{"damage":9.0,"enemies":"3 Byrds","floor":22.0,"turns":6.0},{"damage":0,"enemies":"Slavers","floor":24,"turns":1}],"seed_played":"-2440777969809039895","potions_obtained":[{"floor":2.0,"key":"Strength Potion"},{"floor":8.0,"key":"Regen Potion"},{"floor":12.0,"key":"BloodPotion"}],"is_trial":false,"path_per_floor":["M","M","?","M","?","R","?","M","T","M","$","E","R","$","R","B",null,"M","?","?","?","M","R","E"],"character_chosen":"IRONCLAD","items_purchased":["Paper Frog"],"campfire_rested":0,"item_purchase_floors":[11],"current_hp_per_floor":[80,78,78,80,64,64,53,52,52,54,54,50,50,50,50,30,80,61,61,46,46,47,47,47,47],"gold":18,"neow_bonus":"REMOVE_CARD","is_daily":false,"chose_seed":false,"campfire_upgraded":4,"win_rate":0.0,"timestamp":1611513677,"path_taken":["M","M","?","M","?","R","?","M","T","M","$","E","R","?","R","BOSS","M","?","?","?","M","R","E"],"items_purchased_type":["Relic"],"build_version":"2020-12-22","purchased_purges":0,"victory":false,"max_hp_per_floor":[80,80,80,80,80,80,80,80,80,80,80,80,80,80,80,80,80,80,80,85,85,85,85,85,85],"card_choices":[{"not_picked":["Twin Strike","Heavy Blade"],"picked":"Uppercut","floor":1.0},{"not_picked":["Clash","Body Slam"],"picked":"Cleave","floor":2.0},{"not_picked":["Flex","Shrug It Off"],"picked":"Clothesline","floor":4.0},{"not_picked":["Searing Blow","Berserk"],"picked":"Clothesline","floor":8.0},{"not_picked":["Flex","Sword Boomerang"],"picked":"Cleave","floor":10.0},{"not_picked":["Anger","Rampage"],"picked":"Seeing Red","floor":12.0},{"not_picked":["Fiend Fire","Brutality"],"picked":"Reaper","floor":16.0},{"not_picked":["Ghostly Armor","Body Slam"],"picked":"Uppercut","floor":18.0},{"not_picked":["Body Slam+1","Flex"],"picked":"Armaments","floor":22.0}],"player_experience":33336,"relics_obtained":[{"floor":9.0,"key":"PreservedInsect"},{"floor":12.0,"key":"Matryoshka"}],"event_choices":[{"cards_removed":["Uppercut"],"damage_healed":0.0,"max_hp_gain":0.0,"max_hp_loss":0.0,"gold_gain":0.0,"event_name":"WeMeetAgain","player_choice":"Gave Card","floor":3.0,"gold_loss":0.0,"damage_taken":0.0,"relics_obtained":["Juzu Bracelet"]},{"damage_healed":0.0,"max_hp_gain":0.0,"max_hp_loss":0.0,"gold_gain":0.0,"event_name":"Shining Light","player_choice":"Entered Light","floor":5.0,"gold_loss":0.0,"damage_taken":16.0,"cards_upgraded":["Defend_R","Clothesline"]},{"damage_healed":0.0,"max_hp_gain":0.0,"max_hp_loss":0.0,"gold_gain":75.0,"event_name":"World of Goop","player_choice":"Gather Gold","floor":7.0,"gold_loss":0.0,"damage_taken":11.0},{"damage_healed":0.0,"max_hp_gain":0.0,"max_hp_loss":0.0,"gold_gain":0.0,"event_name":"Duplicator","player_choice":"Copied","floor":19.0,"gold_loss":0.0,"damage_taken":0.0,"cards_obtained":["Seeing Red"]},{"damage_healed":0.0,"max_hp_gain":5.0,"max_hp_loss":0.0,"gold_gain":0.0,"event_name":"Forgotten Altar","player_choice":"Shed Blood","floor":20.0,"gold_loss":0.0,"damage_taken":20.0},{"damage_healed":0.0,"max_hp_gain":0.0,"max_hp_loss":0.0,"gold_gain":0.0,"event_name":"Masked Bandits","player_choice":"Paid Fearfully","floor":21.0,"gold_loss":152.0,"damage_taken":0.0}],"is_beta":false,"boss_relics":[{"not_picked":["Runic Pyramid","Snecko Eye"],"picked":"Black Star"}],"items_purged_floors":[],"is_endless":false,"potions_floor_spawned":[2,8,12,16,18,22],"killed_by":"Slavers","ascension_level":2}}