{"host":"o9xs51ubzug5n2pm","time":1611494969,"event":{"mods":["Arknights The Spire","Bard","BaseMod","Friendly Minions","GungeonMod","HololiveMod","Marisa£®ÏF”Í°°ƒß¿Ì…≥£©","Minty Spire (QoL Compilation)","SIMod","Shop Mod","StSLib","The Animator","The Bladedancer","The Construct","The Gatherer","Warlord Emblem","Yohane!","°æ“≈ŒÔø®≈∆°øREMEMod"],"gold_per_floor":[85,185,82,96,96,124,137,22,22,38,54,70,70,108,108,226,226,245,279,378,83,83,83,131,97,97,97,112,150,161,179,190,190,196,315,327,355,387,399,411,132,188,188,188,261,261,277,318,279,299,299,322,322,322,48,93,101],"floor_reached":58,"language":"ZHS","playtime":2671,"items_purged":["Pain","Hololive_OvertimeWork","Hololive_Drill+1"],"score":1246,"play_id":"29b6a290-58f7-4b84-85a8-d4b763d36032","local_time":"20210124212929","is_ascension_mode":false,"campfire_choices":[{"data":"Hololive_CallNatsuiroMatsuri","floor":13.0,"key":"SMITH"},{"data":"Hololive_CallRoboco","floor":15.0,"key":"SMITH"},{"data":"Hololive_CallSpadeEcho","floor":23.0,"key":"SMITH"},{"data":"Hololive_CallAmaneKanata","floor":27.0,"key":"SMITH"},{"data":"Hololive_CallCivia","floor":33.0,"key":"SMITH"},{"data":"Hololive_Thief","floor":43.0,"key":"SMITH"},{"floor":51.0,"key":"RECALL"},{"data":"Hololive_CallHoshimachiSuisei","floor":54.0,"key":"SMITH"}],"circlet_count":0,"master_deck":["Hololive_Defend","Hololive_Defend","Hololive_CallHoshimachiSuisei","Hololive_CallAZKi","Hololive_CallHoshimachiSuisei+1","Hololive_CallShiranuiFlare","Hololive_CallOzoraSubaru","Hololive_ILoveYou","Hololive_CallNatsuiroMatsuri+1","Hololive_CallSpadeEcho+1","Hololive_Spy","Hololive_CallRoboco+1","Hololive_RevenueBasedLive","Hololive_CallYogiri","Hololive_CallInugamiKorone","Hololive_CallShiroganeNoel","Hololive_CallAkiRosenthal","Hololive_Rebirth","Hololive_CallMinatoAqua","Hololive_CallAmaneKanata+1","Hololive_CallNekomataOkayu","Hololive_CallCivia+1","Hololive_IdolExercise","Hololive_Thief+1","Hololive_CallTokinoSora+1","Hololive_CallManoAloe+1","Hololive_CallSpadeEcho+1","Master of Strategy","Hololive_CallYozoraMel","Hololive_ManjiGathering+1","Hololive_Nanodesu+1","Hololive_ScarfAndHalo+1","Hololive_CallYukihanaLamy+1","Hololive_CallHoushouMarine","Hololive_CallMoonaHoshinova+1"],"relics":["Hololive_TheStar","REME_ComplimentaryCards","NeowsBlessing","WarpedTongs","DemoMod:Bottle","DemoMod:SerJunkan","DemoMod:Junk","REME_DuelDisc","MarkOfWind","Ancient Tea Set","SacredBark","DemoMod:RatBoots","MerchantsRug","Toolbox"],"acts_visited":["Exordium","TheCity","TheCity","TheBeyond","TheEnding"],"potions_floor_usage":[57,57,57],"damage_taken":[{"damage":0.0,"enemies":"Small Slimes","floor":1.0,"turns":2.0},{"damage":0.0,"enemies":"Cultist","floor":4.0,"turns":1.0},{"damage":1.0,"enemies":"Gremlin Nob","floor":6.0,"turns":1.0},{"damage":1.0,"enemies":"2 Louse","floor":7.0,"turns":3.0},{"damage":1.0,"enemies":"Exordium Thugs","floor":10.0,"turns":3.0},{"damage":0.0,"enemies":"Gremlin Gang","floor":11.0,"turns":3.0},{"damage":1.0,"enemies":"Red Slaver","floor":12.0,"turns":2.0},{"damage":0.0,"enemies":"3 Sentries","floor":14.0,"turns":4.0},{"damage":0.0,"enemies":"The Guardian","floor":16.0,"turns":4.0},{"damage":1.0,"enemies":"Shell Parasite","floor":18.0,"turns":3.0},{"damage":0.0,"enemies":"Spheric Guardian","floor":19.0,"turns":3.0},{"damage":0.0,"enemies":"Book of Stabbing","floor":24.0,"turns":3.0},{"damage":0.0,"enemies":"DemoMod:Veteran_shot_gun_kin_and_bullet_kin","floor":28.0,"turns":2.0},{"damage":0.0,"enemies":"DemoMod:4_Bullet_Kins","floor":29.0,"turns":4.0},{"damage":0.0,"enemies":"DemoMod:Red_and_blue_shotgun_kin_with_gunsinger","floor":30.0,"turns":4.0},{"damage":0.0,"enemies":"DemoMod:Veteran_shot_gun_kin_and_blue_shotgun_kin","floor":31.0,"turns":3.0},{"damage":0.0,"enemies":"DemoMod:Veteran_shot_gun_kin_and_red_shotgun_kin_with_gunsinger","floor":32.0,"turns":4.0},{"damage":1.0,"enemies":"DemoMod:ResourcefulRat","floor":35.0,"turns":10.0},{"damage":0.0,"enemies":"3 Shapes","floor":37.0,"turns":1.0},{"damage":0.0,"enemies":"3 Darklings","floor":38.0,"turns":3.0},{"damage":0.0,"enemies":"Reptomancer","floor":42.0,"turns":5.0},{"damage":0.0,"enemies":"Writhing Mass","floor":47.0,"turns":3.0},{"damage":0.0,"enemies":"Transient","floor":48.0,"turns":5.0},{"damage":0.0,"enemies":"Spire Growth","floor":50.0,"turns":3.0},{"damage":0.0,"enemies":"Awakened One","floor":52.0,"turns":9.0},{"damage":1,"enemies":"Shield and Spear","floor":56,"turns":11},{"damage":22,"enemies":"The Heart","floor":57,"turns":9}],"seed_played":"1479235350951016306","potions_obtained":[{"floor":6.0,"key":"SneckoOil"},{"floor":11.0,"key":"Ancient Potion"},{"floor":12.0,"key":"SkillPotion"},{"floor":16.0,"key":"Strength Potion"},{"floor":29.0,"key":"REME_GoldPotion"},{"floor":30.0,"key":"Dexterity Potion"},{"floor":37.0,"key":"Explosive Potion"},{"floor":47.0,"key":"CultistPotion"},{"floor":56,"key":"Block Potion"}],"is_trial":false,"path_per_floor":["M","?","$","M","?","E","M","$","T","M","M","M","R","E","R","B",null,"M","M","?","$","?","R","E","$","T","R","M","M","M","M","M","R","B","B",null,"M","M","?","?","$","E","R","?","T","T","M","M","$","M","R","B",null,"R","$","E","B",null],"character_chosen":"Hololive_HololiveCharacter","items_purchased":["Hololive_CallSpadeEcho","Hololive_Spy","DemoMod:GnawedKey","Hololive_MaximGun","Hololive_CallMinatoAqua","Hololive_CallAmaneKanata","Hololive_CallYozoraMel","MerchantsRug","Hololive_CallHoushouMarine","Toolbox"],"campfire_rested":0,"item_purchase_floors":[3,3,8,21,21,25,41,41,49,55],"current_hp_per_floor":[35,35,35,35,35,34,33,33,33,32,32,31,31,31,31,31,35,34,34,34,34,34,34,34,34,35,35,35,35,35,35,35,35,35,34,35,35,35,35,35,35,35,35,35,35,35,35,35,35,35,35,35,35,35,35,34,13],"gold":101,"neow_bonus":"THREE_ENEMY_KILL","is_daily":false,"chose_seed":false,"campfire_upgraded":7,"win_rate":0.0,"timestamp":1611494969,"path_taken":["M","?","?","M","?","E","?","$","T","M","?","M","R","E","R","BOSS","M","M","?","$","?","R","E","$","T","R","M","M","M","M","M","R","BOSS","BOSS","M","M","?","?","$","E","R","?","T","?","M","M","$","M","R","BOSS","R","$","E","BOSS"],"items_purchased_type":["Card","Card","Relic","Card","Card","Card","Card","Relic","Card","Relic"],"build_version":"2020-12-22","purchased_purges":3,"victory":true,"max_hp_per_floor":[35,35,35,35,35,35,35,35,35,35,35,35,35,35,35,35,35,35,35,35,35,35,35,35,35,35,35,35,35,35,35,35,35,35,35,35,35,35,35,35,35,35,35,35,35,35,35,35,35,35,35,35,35,35,35,35,35],"card_choices":[{"not_picked":["Hololive_CallManoAloe","Hololive_CallAkiRosenthal","Hololive_CallMoonaHoshinova"],"picked":"Hololive_CallNatsuiroMatsuri","floor":1.0},{"not_picked":["Hololive_Trident","Hololive_LuckPotion","Hololive_CocoNews"],"picked":"Hololive_CallRoboco","floor":4.0},{"not_picked":["Hololive_Psychosis","Hololive_Breathe","Hololive_LuckPotion"],"picked":"Hololive_RevenueBasedLive","floor":6.0},{"not_picked":["Hololive_ILoveYou","Hololive_StrengthChampion","Hololive_CallYuzukiChoco"],"picked":"Hololive_CallYogiri","floor":7.0},{"not_picked":["Hololive_Drill","Hololive_DevilCharm","Hololive_CallManoAloe"],"picked":"Hololive_CallInugamiKorone","floor":10.0},{"not_picked":["Hololive_DevilCharm","Hololive_CallShishiroBotan","Hololive_CallKiryuuCoco"],"picked":"Hololive_CallShiroganeNoel","floor":11.0},{"not_picked":["Hololive_AWSL","Hololive_OvertimeWork","Hololive_RevenueBasedLive","Hololive_StrengthChampion"],"picked":"SKIP","floor":12.0},{"not_picked":["Hololive_Breathe","Hololive_CocoNews","Hololive_Rebound"],"picked":"Hololive_CallAkiRosenthal","floor":14.0},{"not_picked":["Hololive_BeCareful","Hololive_DDD","Hololive_MaximGun"],"picked":"Hololive_Rebirth","floor":16.0},{"not_picked":["Hololive_Breathe","Hololive_DevilCharm+1","Hololive_Teleport","Hololive_Psychosis"],"picked":"SKIP","floor":18.0},{"not_picked":["Hololive_StrengthChampion","Hololive_CallInugamiKorone","Hololive_LuckPotion+1","Hololive_HuntDinosaur"],"picked":"SKIP","floor":19.0},{"not_picked":["Hololive_FlareMind","Hololive_Breathe","Hololive_Psychosis+1","Hololive_BringToTrial+1"],"picked":"SKIP","floor":24.0},{"not_picked":["Hololive_Breathe","Hololive_CocoNews","Hololive_CallRosalyn"],"picked":"Hololive_CallNekomataOkayu","floor":28.0},{"not_picked":["Hololive_Trident","Hololive_FlyingPonyTail","Hololive_CocoNews+1","Hololive_StrengthChampion"],"picked":"SKIP","floor":29.0},{"not_picked":["Hololive_Trident+1","Hololive_Sequa","Hololive_HuntDinosaur+1","Hololive_Breathe+1"],"picked":"SKIP","floor":30.0},{"not_picked":["Hololive_Breathe+1","Hololive_OvertimeWork","Hololive_CallFriendA"],"picked":"Hololive_CallCivia","floor":31.0},{"not_picked":["Hololive_OvertimeWork+1","Hololive_Breathe+1","Hololive_Drill"],"picked":"Hololive_IdolExercise","floor":32.0},{"not_picked":[],"picked":"DemoMod:Elimentaler","floor":35.0},{"not_picked":["Hololive_StarCraft","Hololive_DDD","Hololive_BeCareful"],"picked":"Hololive_Thief","floor":35.0},{"not_picked":["Hololive_CallAyundaRisu+1","Hololive_SummonFox","Hololive_SoulCatcher+1"],"picked":"Hololive_CallTokinoSora+1","floor":36.0},{"not_picked":["Hololive_OvertimeWork","Hololive_HuntDinosaur","Hololive_Sequa"],"picked":"Hololive_CallManoAloe+1","floor":37.0},{"not_picked":["Hololive_HuntDinosaur+1","Hololive_Breathe","Hololive_Sequa"],"picked":"Hololive_CallSpadeEcho+1","floor":38.0},{"not_picked":["Mind Blast","Apotheosis","Trip"],"picked":"Master of Strategy","floor":39.0},{"not_picked":["Hololive_OvertimeWork","Hololive_Rebound+1","Hololive_Drill","Hololive_AWSL"],"picked":"SKIP","floor":42.0},{"not_picked":["Hololive_Psychosis","Hololive_FlyingPonyTail","Hololive_CallHoshimachiSuisei+1","Hololive_Breathe+1"],"picked":"SKIP","floor":47.0},{"not_picked":["Hololive_ASMR","Hololive_Rebound","Hololive_Breathe+1"],"picked":"Hololive_CallYukihanaLamy+1","floor":48.0},{"not_picked":["Hololive_HuntDinosaur","Hololive_FlyingPonyTail","Hololive_Breathe","Hololive_Trident+1"],"picked":"SKIP","floor":50.0},{"not_picked":["Hololive_Rebound+1","Hololive_CallYogiri","Hololive_CallManoAloe"],"picked":"Hololive_CallMoonaHoshinova+1","floor":56}],"player_experience":223173,"relics_obtained":[{"floor":6.0,"key":"DemoMod:Bottle"},{"floor":9.0,"key":"DemoMod:SerJunkan"},{"floor":14.0,"key":"DemoMod:Junk"},{"floor":24.0,"key":"Ancient Tea Set"},{"floor":36.0,"key":"SacredBark"},{"floor":36.0,"key":"DemoMod:RatBoots"},{"floor":42.0,"key":"DemoMod:Junk"},{"floor":46.0,"key":"DemoMod:Junk"},{"floor":56,"key":"DemoMod:Junk"}],"event_choices":[{"damage_healed":0.0,"max_hp_gain":0.0,"max_hp_loss":0.0,"gold_gain":100.0,"event_name":"Wheel of Change","player_choice":"Gold","floor":2.0,"gold_loss":0.0,"damage_taken":0.0},{"damage_healed":0.0,"max_hp_gain":0.0,"max_hp_loss":0.0,"gold_gain":0.0,"event_name":"Accursed Blacksmith","player_choice":"Rummage","floor":5.0,"gold_loss":0.0,"damage_taken":0.0,"relics_obtained":["WarpedTongs"],"cards_obtained":["Pain"]},{"damage_healed":0.0,"max_hp_gain":0.0,"max_hp_loss":0.0,"gold_gain":99.0,"event_name":"Nest","player_choice":"Stole From Cult","floor":20.0,"gold_loss":0.0,"damage_taken":0.0},{"damage_healed":0.0,"max_hp_gain":0.0,"max_hp_loss":0.0,"gold_gain":0.0,"event_name":"SensoryStone","player_choice":"Memory 1","floor":39.0,"gold_loss":0.0,"damage_taken":0.0},{"damage_healed":0.0,"max_hp_gain":0.0,"max_hp_loss":0.0,"gold_gain":0.0,"event_name":"Falling","player_choice":"Ignored","floor":40.0,"gold_loss":0.0,"damage_taken":0.0}],"is_beta":false,"boss_relics":[{"not_picked":["Velvet Choker","Hololive_Finger"],"picked":"REME_DuelDisc"},{"not_picked":[]},{"not_picked":[]}],"items_purged_floors":[21,41,55],"is_endless":false,"potions_floor_spawned":[6,11,12,16,19,29,30,35,37,47,48,56],"ascension_level":0}}