{"host":"t9zjxed0utvsfjwc","time":1611494417,"event":{"mods":["2.2 Compatiblity","Aspiration","BaseMod","Better Altar","Better Match","Better Note","Better Sensory Stone","Better Skull","Better Third Choice","Block Reminder","Colored Map","Colored Powertips","Custom Start","Hermit","Highlight Path","Hubris","Infinite Spire","Minty Spire (QoL Compilation)","Quick Restart","Rare Cards Sparkle","Replay The Spire","Shade Mod","StSLib","The Cursed","The Disciple","The Marked","The Runesmith","Unceasing Turn Reminder","everything is the same but u backflip on backflip"],"gold_per_floor":[110,171,45,45,45,45,62,93,171,183,209,32,58,58,58,58,58,58,58],"floor_reached":18,"language":"ENG","playtime":4026,"items_purged":["Defend_R"],"score":185,"play_id":"08e033f1-68ac-43a8-96bb-e28ab807d0e9","local_time":"20210124132017","is_ascension_mode":true,"campfire_choices":[{"data":"Shrug It Off","floor":6,"key":"SMITH"},{"floor":17,"key":"REST"}],"circlet_count":0,"master_deck":["Strike_R","Strike_R","Strike_R","Strike_R","Strike_R","Defend_R","Defend_R","Defend_R","Bash","Uppercut","Shrug It Off+1","Ghostly Armor","Infernal Blade","Shrug It Off"],"relics":["Burning Blood","aspiration:Nostalgia","Sizzling Blood","aspiration:TomeofQuesting","Pet Ghost","hubris:Reverence","Orichalcum","Membership Card","The Courier","CeramicFish","Red Skull","Centennial Puzzle","Replay:Wax Seal"],"acts_visited":["Exordium"],"potions_floor_usage":[8,11,18,18],"damage_taken":[{"damage":6,"enemies":"Jaw Worm","floor":1,"turns":5},{"damage":0,"enemies":"Small Slimes","floor":7,"turns":5},{"damage":15,"enemies":"Lagavulin","floor":8,"turns":7},{"damage":1,"enemies":"2 Louse","floor":10,"turns":2},{"damage":0,"enemies":"Gremlin Nob","floor":11,"turns":4},{"damage":0,"enemies":"Replay:BlueRogue","floor":13,"turns":3},{"damage":29,"enemies":"Hexaghost","floor":18,"turns":15}],"seed_played":"-8989020940794740825","potions_obtained":[{"floor":2,"key":"SpeedPotion"},{"floor":2,"key":"BlessingOfTheForge"},{"floor":8,"key":"Ancient Potion"},{"floor":13,"key":"Block Potion"}],"is_trial":false,"path_per_floor":["M","?","$","?","?","R","M","E","T","M","E","$","E","PTL","PTL","?","R","B"],"character_chosen":"IRONCLAD","items_purchased":["Shrug It Off","Membership Card","Shrug It Off"],"campfire_rested":1,"item_purchase_floors":[3,12,12],"current_hp_per_floor":[84,63,63,63,63,63,73,68,68,77,84,84,84,84,84,3,28,0,0],"gold":58,"neow_bonus":"NOSTALGIA","is_daily":false,"chose_seed":false,"campfire_upgraded":1,"win_rate":0.0,"timestamp":1611494417,"path_taken":["M","?","$","?","?","R","?","E","T","M","E","$","E","PTL","PTL","?","R","BOSS"],"items_purchased_type":["Card","Relic","Card"],"build_version":"2020-12-22","purchased_purges":1,"victory":false,"max_hp_per_floor":[84,84,84,84,84,84,84,84,84,84,84,84,84,84,84,84,84,84,84],"card_choices":[{"not_picked":["Clash","Pummel","Body Slam"],"picked":"SKIP","floor":1},{"not_picked":["Wild Strike","Perfected Strike"],"picked":"Uppercut","floor":2},{"not_picked":["Perfected Strike","Life Link","Shockwave"],"picked":"SKIP","floor":7},{"not_picked":["Warcry","Massacre","Thunderclap"],"picked":"SKIP","floor":8},{"not_picked":["Warcry","Uppercut"],"picked":"Ghostly Armor","floor":10},{"not_picked":["Clothesline","Flex"],"picked":"Infernal Blade","floor":11},{"not_picked":["ReplayReversal","Disarm","Clothesline"],"picked":"SKIP","floor":13}],"player_experience":401370,"relics_obtained":[{"floor":2,"key":"aspiration:TomeofQuesting"},{"floor":8,"key":"Pet Ghost"},{"floor":9,"key":"hubris:Reverence"},{"floor":11,"key":"Orichalcum"},{"floor":13,"key":"The Courier"}],"event_choices":[{"cards_removed":["Voices"],"damage_healed":0,"gold_gain":0,"player_choice":"Forget","damage_taken":0,"max_hp_gain":0,"max_hp_loss":0,"event_name":"Living Wall","floor":5,"gold_loss":0},{"damage_healed":0,"gold_gain":0,"player_choice":"RE RE RE RE ","damage_taken":89,"relics_obtained":["CeramicFish","Red Skull","Centennial Puzzle","Replay:Wax Seal"],"max_hp_gain":0,"max_hp_loss":0,"event_name":"betterSkull:BetterSkull","floor":16,"gold_loss":0,"cards_upgraded":[]}],"is_beta":false,"boss_relics":[],"items_purged_floors":[3],"is_endless":false,"potions_floor_spawned":[8,13],"killed_by":"Hexaghost","ascension_level":1}}