{"host":"zj59u6rib3fz4c79","time":1611520551,"event":{"mods":["AchievementEnabler","BaseMod","Bestiary","Colored Map","Colored Powertips","Highlight Path","Minty Spire (QoL Compilation)","StSLib"],"gold_per_floor":[118,136,152,163,174,174,199,199,244,87,87,99,111,123,123,223,223,241,60,71,71,71,71,89,89,116,116,130,130,146,61,61,61,61],"floor_reached":33,"language":"ENG","playtime":2403,"items_purged":["Defend_G"],"score":264,"play_id":"2ce08058-3576-438a-bd8a-477b145f44ae","local_time":"20210124143551","is_ascension_mode":true,"campfire_choices":[{"data":"Bane","floor":6,"key":"SMITH"},{"floor":8,"key":"RECALL"},{"data":"Noxious Fumes","floor":11,"key":"SMITH"},{"floor":15,"key":"REST"},{"data":"Neutralize","floor":23,"key":"SMITH"},{"floor":25,"key":"REST"},{"floor":27,"key":"REST"},{"data":"Unload","floor":29,"key":"SMITH"},{"data":"Leg Sweep","floor":32,"key":"SMITH"}],"circlet_count":0,"master_deck":["Strike_G+1","Strike_G+1","Strike_G+1","Strike_G+1","Strike_G+1","Defend_G+1","Defend_G+1","Defend_G+1","Defend_G+1","Survivor","Neutralize+1","Noxious Fumes+1","Bane+1","PiercingWail","Leg Sweep+1","Blur","Unload+1","Backflip","Well Laid Plans","Necronomicurse"],"relics":["Ring of the Snake","Orichalcum","Bronze Scales","TwistedFunnel","Philosopher\u0027s Stone","Necronomicon","Molten Egg 2"],"acts_visited":["Exordium","TheCity"],"potions_floor_usage":[7,7,7,16],"damage_taken":[{"damage":1,"enemies":"Cultist","floor":1,"turns":4},{"damage":0,"enemies":"Small Slimes","floor":2,"turns":3},{"damage":1,"enemies":"2 Louse","floor":3,"turns":2},{"damage":4,"enemies":"Looter","floor":4,"turns":4},{"damage":5,"enemies":"Red Slaver","floor":5,"turns":4},{"damage":5,"enemies":"3 Sentries","floor":7,"turns":8},{"damage":4,"enemies":"3 Louse","floor":12,"turns":2},{"damage":0,"enemies":"Lots of Slimes","floor":13,"turns":2},{"damage":4,"enemies":"Gremlin Gang","floor":14,"turns":3},{"damage":35,"enemies":"Slime Boss","floor":16,"turns":13},{"damage":0,"enemies":"Spheric Guardian","floor":18,"turns":4},{"damage":1,"enemies":"Shell Parasite","floor":20,"turns":4},{"damage":22,"enemies":"Centurion and Healer","floor":24,"turns":7},{"damage":0,"enemies":"Snake Plant","floor":28,"turns":4},{"damage":5,"enemies":"Snecko","floor":30,"turns":4},{"damage":66,"enemies":"Champ","floor":33,"turns":15}],"seed_played":"8834544177781400334","potions_obtained":[{"floor":2,"key":"AttackPotion"},{"floor":4,"key":"EssenceOfSteel"},{"floor":5,"key":"AttackPotion"},{"floor":13,"key":"CunningPotion"},{"floor":30,"key":"Strength Potion"}],"is_trial":false,"path_per_floor":["M","M","M","M","M","R","E","R","T","$","R","M","M","M","R","B",null,"M","$","M","?","?","R","M","R","T","R","M","R","M","?","R","B"],"character_chosen":"THE_SILENT","items_purchased":["TwistedFunnel","Backflip","Well Laid Plans"],"campfire_rested":3,"item_purchase_floors":[10,19,19],"current_hp_per_floor":[69,69,68,64,59,59,54,54,54,54,54,50,50,46,67,32,70,70,70,69,69,53,53,31,52,52,70,70,70,65,65,65,0,0],"gold":61,"neow_bonus":"THREE_CARDS","is_daily":false,"chose_seed":false,"campfire_upgraded":5,"win_rate":0.0,"timestamp":1611520551,"path_taken":["M","M","M","M","M","R","E","R","T","$","R","M","?","M","R","BOSS","M","$","M","?","?","R","M","R","T","R","M","R","M","?","R","BOSS"],"items_purchased_type":["Relic","Card","Card"],"build_version":"2020-12-22","purchased_purges":1,"victory":false,"max_hp_per_floor":[70,70,70,70,70,70,70,70,70,70,70,70,70,70,70,70,70,70,70,70,70,70,70,70,70,70,70,70,70,70,70,70,70,70],"card_choices":[{"not_picked":["Endless Agony","Acrobatics"],"picked":"Noxious Fumes","floor":0},{"not_picked":["Outmaneuver","Terror","Dagger Throw"],"picked":"SKIP","floor":1},{"not_picked":["Catalyst","Outmaneuver"],"picked":"Bane","floor":2},{"not_picked":["Outmaneuver","Dagger Throw"],"picked":"PiercingWail","floor":3},{"not_picked":["Acrobatics","Dodge and Roll","Riddle With Holes"],"picked":"SKIP","floor":4},{"not_picked":["Backflip","Dodge and Roll","Eviscerate"],"picked":"SKIP","floor":5},{"not_picked":["Slice","Flying Knee"],"picked":"Leg Sweep","floor":7},{"not_picked":["Flechettes","Doppelganger"],"picked":"Blur","floor":12},{"not_picked":["Dagger Throw","Acrobatics","Dagger Spray"],"picked":"SKIP","floor":13},{"not_picked":["Slice","Die Die Die","Expertise"],"picked":"SKIP","floor":14},{"not_picked":["Phantasmal Killer","Die Die Die"],"picked":"Unload","floor":16},{"not_picked":["Infinite Blades","Prepared","Terror"],"picked":"SKIP","floor":18},{"not_picked":["Choke+1","Dodge and Roll","Backstab"],"picked":"SKIP","floor":20},{"not_picked":["Acrobatics","Underhanded Strike+1","Reflex"],"picked":"SKIP","floor":24},{"not_picked":["Dagger Spray","Outmaneuver","Quick Slash"],"picked":"SKIP","floor":28},{"not_picked":["PiercingWail","Dodge and Roll","Endless Agony"],"picked":"SKIP","floor":30}],"player_experience":60344,"relics_obtained":[{"floor":7,"key":"Orichalcum"},{"floor":9,"key":"Bronze Scales"},{"floor":22,"key":"Necronomicon"}],"event_choices":[{"damage_healed":0,"gold_gain":0,"player_choice":"Simplicity","damage_taken":0,"max_hp_gain":0,"max_hp_loss":0,"event_name":"Back to Basics","floor":21,"gold_loss":0,"cards_upgraded":["Strike_G","Strike_G","Strike_G","Strike_G","Strike_G","Defend_G","Defend_G","Defend_G","Defend_G"]},{"damage_healed":0,"gold_gain":0,"player_choice":"Obtained Book","damage_taken":16,"max_hp_gain":0,"max_hp_loss":0,"event_name":"Cursed Tome","floor":22,"gold_loss":0},{"damage_healed":0,"gold_gain":0,"player_choice":"Obtained Relic","damage_taken":0,"relics_obtained":["Molten Egg 2"],"max_hp_gain":0,"max_hp_loss":0,"event_name":"Addict","floor":31,"gold_loss":85}],"is_beta":false,"boss_relics":[{"not_picked":["Coffee Dripper","WristBlade"],"picked":"Philosopher\u0027s Stone"}],"items_purged_floors":[19],"is_endless":false,"potions_floor_spawned":[2,4,5,13,30],"killed_by":"Champ","ascension_level":1}}