{"host":"7qoz5gmva6til3yp","time":1611485349,"event":{"mods":["AchievementEnabler","BaseMod","Minty Spire (QoL Compilation)","StSLib","SuperFastMode"],"gold_per_floor":[114,126,126,141,159,159,139,139,139],"floor_reached":8,"language":"KOR","playtime":309,"items_purged":[],"score":75,"play_id":"08014b47-68bd-41ed-ac68-31469b14b61b","local_time":"20210124194909","is_ascension_mode":true,"campfire_choices":[{"data":"Neutralize","floor":6,"key":"SMITH"}],"circlet_count":0,"master_deck":["AscendersBane","Strike_G","Strike_G","Strike_G","Strike_G","Strike_G","Defend_G","Defend_G","Defend_G","Defend_G","Defend_G","Survivor","Neutralize+1","Backflip","Escape Plan","Decay","Dagger Spray","Blade Dance","Tactician"],"relics":["Ring of the Snake"],"acts_visited":["Exordium"],"potions_floor_usage":[],"damage_taken":[{"damage":0,"enemies":"Jaw Worm","floor":1,"turns":5},{"damage":0,"enemies":"Cultist","floor":2,"turns":4},{"damage":0,"enemies":"2 Louse","floor":4,"turns":3},{"damage":25,"enemies":"Exordium Wildlife","floor":5,"turns":9},{"damage":11,"enemies":"Exordium Thugs","floor":7,"turns":4},{"damage":27,"enemies":"Gremlin Nob","floor":8,"turns":4}],"seed_played":"-1356168950291415368","potions_obtained":[{"floor":1,"key":"Regen Potion"},{"floor":2,"key":"Explosive Potion"}],"is_trial":false,"path_per_floor":["M","M","?","M","M","R","M","E"],"character_chosen":"THE_SILENT","items_purchased":[],"campfire_rested":0,"item_purchase_floors":[],"current_hp_per_floor":[63,63,63,63,38,38,27,0,0],"gold":139,"neow_bonus":"THREE_CARDS","is_daily":false,"chose_seed":false,"campfire_upgraded":1,"win_rate":0.0,"timestamp":1611485349,"path_taken":["M","M","?","M","M","R","M","E"],"items_purchased_type":[],"build_version":"2020-12-22","purchased_purges":0,"victory":false,"max_hp_per_floor":[70,70,70,70,70,70,70,70,70],"card_choices":[{"not_picked":["Concentrate","Choke"],"picked":"Backflip","floor":0},{"not_picked":["Quick Slash","Setup"],"picked":"Escape Plan","floor":1},{"not_picked":["Concentrate","Dodge and Roll","Bane"],"picked":"SKIP","floor":2},{"not_picked":["Underhanded Strike","Backflip"],"picked":"Dagger Spray","floor":4},{"not_picked":["Accuracy","Distraction"],"picked":"Blade Dance","floor":5},{"not_picked":["Predator","Distraction"],"picked":"Tactician","floor":7}],"player_experience":424600,"relics_obtained":[],"event_choices":[{"damage_healed":0,"gold_gain":0,"player_choice":"Cursed","damage_taken":0,"max_hp_gain":0,"max_hp_loss":0,"event_name":"Wheel of Change","floor":3,"gold_loss":0,"cards_obtained":["Decay"]}],"is_beta":false,"boss_relics":[],"items_purged_floors":[],"is_endless":false,"potions_floor_spawned":[1,2],"killed_by":"Gremlin Nob","ascension_level":10}}