{"host":"8s7r99mpv862ws6o","time":1611514547,"event":{"mods":["AchievementEnabler","Act Like it!","BaseMod","Gensokyo","GifTheSpireLib","Minty Spire (QoL Compilation)","Quick Restart","StSLib","Youmu£®ªÍ∆«—˝√Œ£©","Yuyuko"],"gold_per_floor":[119,49,49,65,661,690,690,720,793,793,222,408,805,831,831,936,936,950,950,950,960,266,297,309,344,344,356,385,385,411,425,425,520,520,532,532,551,6,6,35,63,89,141,170,170,202,214,247,247,247,247,266,67,96,96],"floor_reached":56,"language":"ZHS","playtime":5709,"items_purged":["Faramita\u0027s Temptation","Unfulfilling Attachment","Dying Butterflies"],"score":1781,"play_id":"5d4ad45a-b3b8-48d9-b395-1bd8ad3628fe","local_time":"20210125025547","is_ascension_mode":true,"campfire_choices":[{"data":"Postpone Bloom","floor":7.0,"key":"SMITH"},{"data":"Open The Fan","floor":10.0,"key":"SMITH"},{"data":"The Forgotten Winter","floor":15.0,"key":"SMITH"},{"data":"Sweet of Phantom","floor":29.0,"key":"SMITH"},{"data":"Bloom","floor":32.0,"key":"SMITH"},{"data":"Bloom","floor":45,"key":"SMITH"},{"floor":49,"key":"RECALL"}],"circlet_count":0,"master_deck":["Fantasy Butterflies","Fantasy Butterflies","Fantasy Butterflies","Fantasy Butterflies","Fantasy Butterflies","Dreamy Sakura","Dreamy Sakura","Dreamy Sakura+1","Dreamy Sakura","Dreamy Sakura","Deathly Ground+1","Open The Fan+1","Gauzy Sakura","Bloom+1","Sweet of Phantom+1","Song of Papilio","The Forgotten Winter+1","Infinite Reviving","Fondling of Papilio+1","Gensokyo:SpontaneousHumanCombustion","Suicide","Fondling of Papilio+1","Dancing Soul","Bomb+1","Cerasus Subhirtella","Wandering Soul+1","Triple Snow+1","Float on Moon+1","Nihility+1","Monster Cherry Tree+1","Gensokyo:PrivateSquare","Redemption of Death+1","Bloom+1","Dancing Butterflies+1","Showy Withering+1","Mirror of Mind","Ghostdom Sakura+1","Bloom","Open The Fan+1","Serene Spring+1","Postpone Bloom+1"],"relics":["Coronal","Yuyuko\u0027s fan","Anchor","Gensokyo:OccultBall","Chemical X","Orrery","Juzu Bracelet","Regal Pillow","Prayer Wheel","Mummified Hand","PreservedInsect","Bottled Lightning","Matryoshka","Bag of Marbles","Blood Vial","Meat on the Bone","Orichalcum","Philosopher\u0027s Stone","Omamori","Strange Spoon","Sling","TheAbacus","DollysMirror","WingedGreaves","Boot","Frozen Egg 2","Darkstone Periapt","Du-Vu Doll","Pear","Bottled Flame","Coffee Dripper","Obi","Molten Egg 2","Gensokyo:DualWield","Vajra","Trap Lamp","Sundial","Akabeko","Ancient Tea Set","Bottled Tornado","Oddly Smooth Stone","Eternal Feather","Happy Flower"],"acts_visited":["Exordium","Gensokyo:Gensokyo","Gensokyo:Gensokyoer","TheEnding"],"potions_floor_usage":[],"damage_taken":[{"damage":12.0,"enemies":"Gensokyo:Gryphon","floor":1.0,"turns":4.0},{"damage":6.0,"enemies":"Gensokyo:Python","floor":4.0,"turns":4.0},{"damage":43.0,"enemies":"Gensokyo:Mamizou","floor":6.0,"turns":11.0},{"damage":11.0,"enemies":"Gensokyo:Cirno","floor":8.0,"turns":6.0},{"damage":24.0,"enemies":"Gensokyo:Mamizou","floor":12.0,"turns":6.0},{"damage":9.0,"enemies":"Gensokyo:Cirno","floor":14.0,"turns":5.0},{"damage":58.0,"enemies":"Gensokyo:Kokoro","floor":16.0,"turns":14.0},{"damage":30.0,"enemies":"Gensokyo:3_Dogs","floor":18.0,"turns":6.0},{"damage":19.0,"enemies":"Gensokyo:Chomper","floor":21.0,"turns":4.0},{"damage":4.0,"enemies":"Gensokyo:Reisen","floor":23.0,"turns":4.0},{"damage":8.0,"enemies":"Gensokyo:Swordslinger","floor":24.0,"turns":4.0},{"damage":6.0,"enemies":"Gensokyo:Koishi","floor":25.0,"turns":3.0},{"damage":49.0,"enemies":"Gensokyo:Chomper_and_Gloop","floor":27.0,"turns":5.0},{"damage":6.0,"enemies":"Gensokyo:Reisen","floor":28.0,"turns":4.0},{"damage":21.0,"enemies":"Gensokyo:Tenshi","floor":30.0,"turns":4.0},{"damage":2.0,"enemies":"Gensokyo:Wraith","floor":31.0,"turns":2.0},{"damage":5.0,"enemies":"Gensokyo:Kaguya","floor":33.0,"turns":5.0},{"damage":4.0,"enemies":"Gensokyo:3_Boulders","floor":35.0,"turns":4.0},{"damage":6.0,"enemies":"Gensokyo:3_Bats","floor":37.0,"turns":3.0},{"damage":4.0,"enemies":"Gensokyo:Doremy","floor":40.0,"turns":4.0},{"damage":8.0,"enemies":"Gensokyo:Kasen","floor":41.0,"turns":4.0},{"damage":5.0,"enemies":"Gensokyo:Doremy","floor":42.0,"turns":5.0},{"damage":7,"enemies":"Gensokyo:Kasen","floor":44,"turns":4},{"damage":3,"enemies":"Gensokyo:Doremy","floor":46,"turns":3},{"damage":23,"enemies":"Gensokyo:Rafflesia","floor":47,"turns":5},{"damage":3,"enemies":"Gensokyo:Marisa","floor":48,"turns":3},{"damage":43,"enemies":"Gensokyo:Scarlet_Devils","floor":50,"turns":6},{"damage":5,"enemies":"Gensokyo:Scarlet_Devils","floor":52,"turns":5},{"damage":8,"enemies":"Shield and Spear","floor":54,"turns":5},{"damage":1,"enemies":"The Heart","floor":55,"turns":8}],"seed_played":"-6076379922704342551","potions_obtained":[{"floor":1.0,"key":"Strength Potion"},{"floor":4.0,"key":"EntropicBrew"},{"floor":6.0,"key":"DuplicationPotion"},{"floor":18.0,"key":"SpeedPotion"},{"floor":27.0,"key":"Regen Potion"},{"floor":30.0,"key":"FairyPotion"},{"floor":41.0,"key":"SteroidPotion"},{"floor":54,"key":"FairyPotion"}],"is_trial":false,"path_per_floor":["M","?","?","M","COS","E","R","E","T","R","$","?","$","E","R","B",null,"M","?","?","M","COS","E","M","E","T","M","E","R","E","M","R","B",null,"M","?","M","COS","?","E","E","E","T","E","R","E","M","E","R","B",null,"R","$","E","B",null],"character_chosen":"YUYOKO","items_purchased":["PreservedInsect","Bloom","Sweet of Phantom","Bottled Lightning","Blood Vial","Meat on the Bone","Song of Papilio","GamblersBrew"],"campfire_rested":0,"item_purchase_floors":[11,11,11,11,13,13,13,53],"current_hp_per_floor":[32,32,32,36,36,4,4,32,32,32,32,34,34,35,35,25,40,31,31,31,23,23,16,24,31,31,23,38,38,40,42,42,29,44,40,40,41,41,41,26,36,28,28,30,30,38,39,41,44,38,44,39,39,43,43],"gold":96,"neow_bonus":"RANDOM_COMMON_RELIC","is_daily":false,"chose_seed":false,"campfire_upgraded":6,"win_rate":0.0,"timestamp":1611514547,"path_taken":["M","?","?","M","COS","E","R","E","T","R","?","?","$","E","R","BOSS","M","?","?","M","COS","E","M","E","T","M","E","R","E","M","R","BOSS","M","?","M","COS","?","E","E","E","T","E","R","E","M","E","R","BOSS","R","$","E","BOSS"],"items_purchased_type":["Relic","Card","Card","Relic","Relic","Relic","Card","Potion"],"build_version":"2020-12-22","purchased_purges":3,"victory":true,"max_hp_per_floor":[40,40,40,40,40,40,40,40,40,40,40,40,40,40,40,40,40,40,36,34,34,34,34,34,34,34,34,44,44,44,44,44,44,44,44,44,44,44,44,44,44,44,44,44,44,44,44,44,44,44,44,44,44,44,44],"card_choices":[{"not_picked":["Final of Final","Redemption of Death"],"picked":"Dying Butterflies","floor":1.0},{"not_picked":["Elegance","Steamed Phantom"],"picked":"Open The Fan","floor":4.0},{"not_picked":["Immigrant Phantom","The Forgotten Winter"],"picked":"Unfulfilling Attachment","floor":5.0},{"not_picked":["Elegance","Steamed Phantom"],"picked":"Postpone Bloom","floor":5.0},{"not_picked":["Steamed Phantom","Infinite Sin","Unknown Petal"],"picked":"SKIP","floor":6.0},{"not_picked":["Redemption of Death","Monster Cherry Tree"],"picked":"Gauzy Sakura","floor":8.0},{"not_picked":["All Wander","Steamed Phantom","Mini Ghostdom"],"picked":"SKIP","floor":12.0},{"not_picked":["Phantom Butterflies","Reverse The Screen"],"picked":"The Forgotten Winter","floor":14.0},{"not_picked":["Supernatural Nether","Dying Dream"],"picked":"Infinite Reviving","floor":16.0},{"not_picked":["Unborn Light","Gone"],"picked":"Fondling of Papilio+1","floor":18.0},{"not_picked":["Immigrant Phantom","Trap Lamp","Dark Wind"],"picked":"SKIP","floor":18.0},{"not_picked":["Gensokyo:Doppelganger","Gensokyo:MissMary"],"picked":"Gensokyo:SpontaneousHumanCombustion","floor":19.0},{"not_picked":["Phantom Gift+1","Reverse The Screen"],"picked":"Suicide","floor":21.0},{"not_picked":["Gather the Spring","Snow","Dark Wind"],"picked":"SKIP","floor":21.0},{"not_picked":["Ghastly Dream","Phantom Village+1"],"picked":"Dancing Soul","floor":23.0},{"not_picked":["Unstable Ward","City of Death"],"picked":"Dying Butterflies","floor":24.0},{"not_picked":["Dying Butterflies","Butterflies Rainbow"],"picked":"Bomb+1","floor":24.0},{"not_picked":["Elegance","Serene Spring"],"picked":"Cerasus Subhirtella","floor":25.0},{"not_picked":["Gauzy Sakura+1","Snow"],"picked":"Wandering Soul+1","floor":27.0},{"not_picked":["Butterflies in Dream","Become Phantom+1","Redemption of Death+1"],"picked":"SKIP","floor":27.0},{"not_picked":["Snow","The Forgotten Winter"],"picked":"Triple Snow+1","floor":28.0},{"not_picked":["Chase The Sukhavati","Linger over Flower","Fondling of Papilio"],"picked":"SKIP","floor":30.0},{"not_picked":["Stifle+1","Living to Die+1","Gather the Spring"],"picked":"SKIP","floor":31.0},{"not_picked":["Butterflies Rainbow","Immigrant Phantom+1","Unknown Petal"],"picked":"SKIP","floor":31.0},{"not_picked":["Remain Here+1","Ticket to Heaven"],"picked":"Float on Moon+1","floor":33.0},{"not_picked":["Chase The Sukhavati","Fondling of Papilio"],"picked":"Nihility+1","floor":35.0},{"not_picked":["Sakura Ward+1","Unborn Light+1"],"picked":"Monster Cherry Tree+1","floor":35.0},{"not_picked":["Butterflies Rainbow","Dark Wind+1"],"picked":"Redemption of Death+1","floor":37.0},{"not_picked":["Nihility","Monster Cherry Tree+1"],"picked":"Bloom","floor":37.0},{"not_picked":["Monster Cherry Tree+1","Ghost Spot","Unstable Ward+1"],"picked":"SKIP","floor":40.0},{"not_picked":["Unborn Light+1","Spear of Papilio+1"],"picked":"Dancing Butterflies+1","floor":41.0},{"not_picked":["Dancing Butterflies+1","Gather the Spring+1"],"picked":"Showy Withering+1","floor":42.0},{"not_picked":["Immigrant Phantom+1","Linger over Flower+1"],"picked":"Mirror of Mind","floor":44},{"not_picked":["Steamed Phantom","Snow"],"picked":"Ghostdom Sakura+1","floor":46},{"not_picked":["Dark Wind+1","Dancing Soul+1"],"picked":"Bloom","floor":47},{"not_picked":["Sweet of Phantom","Steamed Phantom+1"],"picked":"Open The Fan+1","floor":47},{"not_picked":["Snow","Unfulfilling Attachment+1","Sweet of Phantom"],"picked":"SKIP","floor":48},{"not_picked":["Redemption of Death+1","Open The Fan"],"picked":"Serene Spring+1","floor":52},{"not_picked":["Ghostdom Sakura","Dancing Butterflies+1","Snow"],"picked":"SKIP","floor":52},{"not_picked":["Dancing Butterflies+1","Nihility+1"],"picked":"Postpone Bloom+1","floor":54}],"player_experience":612303,"relics_obtained":[{"floor":6.0,"key":"Juzu Bracelet"},{"floor":8.0,"key":"Gensokyo:OccultBall"},{"floor":8.0,"key":"Prayer Wheel"},{"floor":9.0,"key":"Mummified Hand"},{"floor":12.0,"key":"Bag of Marbles"},{"floor":14.0,"key":"Orichalcum"},{"floor":16.0,"key":"Gensokyo:OccultBall"},{"floor":23.0,"key":"WingedGreaves"},{"floor":25.0,"key":"Gensokyo:OccultBall"},{"floor":25.0,"key":"Boot"},{"floor":26.0,"key":"Frozen Egg 2"},{"floor":26.0,"key":"Darkstone Periapt"},{"floor":28.0,"key":"Pear"},{"floor":30.0,"key":"Bottled Flame"},{"floor":33.0,"key":"Gensokyo:OccultBall"},{"floor":40.0,"key":"Vajra"},{"floor":41.0,"key":"Trap Lamp"},{"floor":42.0,"key":"Gensokyo:OccultBall"},{"floor":42.0,"key":"Sundial"},{"floor":43.0,"key":"Akabeko"},{"floor":44,"key":"Bottled Tornado"},{"floor":46,"key":"Oddly Smooth Stone"},{"floor":47,"key":"Gensokyo:OccultBall"},{"floor":48,"key":"Eternal Feather"},{"floor":52,"key":"Gensokyo:OccultBall"},{"floor":54,"key":"Happy Flower"}],"event_choices":[],"is_beta":false,"boss_relics":[{"not_picked":["Empty Cage","Runic Pyramid"],"picked":"Philosopher\u0027s Stone"},{"not_picked":["Runic Dome","Sozu"],"picked":"Coffee Dripper"}],"items_purged_floors":[11,13,53],"is_endless":false,"potions_floor_spawned":[1,4,6,18,24,27,28,30,41,44,46,47,48,54],"ascension_level":1}}