{"host":"h0xw20cia6ppa69g","time":1611480240,"event":{"mods":["AchievementEnabler","BaseMod","Colored Map","Filter the Spire","Googly Eyes","Minty Spire (QoL Compilation)","Relic Stats","StSLib","The Awakened One except there are too many feathers","everything is the same but u backflip on backflip"],"gold_per_floor":[111,131,131,144,94,94,54,82,82,107,107,139,159,179,179,274,274,287,287,297,297,309,338,338,364,364,398,408,420,35,61,61,157,157,175,175,175,193,193,193,193,223,223,243,243,49,64,79,79,79,79,79,41,69,69],"floor_reached":56,"language":"ENG","playtime":2463,"items_purged":[],"score":1481,"play_id":"587ba1b5-7efe-4ccd-a306-07892e9170df","local_time":"20210124032400","is_ascension_mode":true,"campfire_choices":[{"data":"Glass Knife","floor":6.0,"key":"SMITH"},{"data":"Crippling Poison","floor":11.0,"key":"SMITH"},{"data":"Storm of Steel","floor":15.0,"key":"SMITH"},{"data":"After Image","floor":24.0,"key":"SMITH"},{"data":"Phantasmal Killer","floor":32.0,"key":"SMITH"},{"floor":40,"key":"RECALL"},{"data":"Well Laid Plans","floor":45,"key":"SMITH"},{"data":"Neutralize","floor":49,"key":"SMITH"},{"data":"Cloak And Dagger","floor":52,"key":"SMITH"}],"circlet_count":0,"master_deck":["Survivor","Neutralize+1","Noxious Fumes","Blade Dance","Glass Knife+1","Prepared","Storm of Steel+1","Crippling Poison+1","Blade Dance","Cloak And Dagger+1","Blade Dance","Well Laid Plans+1","PiercingWail","Blur","Heel Hook","After Image+1","Leg Sweep+1","Dodge and Roll","Accuracy+1","Phantasmal Killer+1","Reflex+1","Backflip+1","Cloak And Dagger+1","Bullet Time+1","Wraith Form v2+1","Reflex+1","Dodge and Roll+1","Calculated Gamble+1","Backflip+1","Tactician+1","Blur+1","Infinite Blades","Crippling Poison+1"],"relics":["Pandora\u0027s Box","Meat on the Bone","Ornamental Fan","Snake Skull","Question Card","Coffee Dripper","Omamori","CaptainsWheel","Toxic Egg 2","Juzu Bracelet","Shuriken","ClockworkSouvenir","Pantograph","Calling Bell","HornCleat","Akabeko","StoneCalendar","WarpedTongs","Pen Nib","OrangePellets","Mercury Hourglass"],"acts_visited":["Exordium","TheCity","TheBeyond","TheEnding"],"potions_floor_usage":[44,55,55,55],"damage_taken":[{"damage":1.0,"enemies":"2 Louse","floor":1.0,"turns":2.0},{"damage":0.0,"enemies":"Jaw Worm","floor":2.0,"turns":2.0},{"damage":0.0,"enemies":"Small Slimes","floor":4.0,"turns":1.0},{"damage":12.0,"enemies":"3 Sentries","floor":8.0,"turns":5.0},{"damage":1.0,"enemies":"Lagavulin","floor":10.0,"turns":5.0},{"damage":0.0,"enemies":"Gremlin Nob","floor":12.0,"turns":3.0},{"damage":0.0,"enemies":"3 Louse","floor":13.0,"turns":2.0},{"damage":0.0,"enemies":"Gremlin Gang","floor":14.0,"turns":4.0},{"damage":0.0,"enemies":"Slime Boss","floor":16.0,"turns":5.0},{"damage":0.0,"enemies":"3 Byrds","floor":18.0,"turns":3.0},{"damage":0.0,"enemies":"Spheric Guardian","floor":20.0,"turns":3.0},{"damage":0.0,"enemies":"Centurion and Healer","floor":22.0,"turns":5.0},{"damage":0.0,"enemies":"Book of Stabbing","floor":23.0,"turns":6.0},{"damage":3.0,"enemies":"Slavers","floor":25.0,"turns":4.0},{"damage":2.0,"enemies":"Gremlin Leader","floor":27.0,"turns":5.0},{"damage":0.0,"enemies":"Snecko","floor":28.0,"turns":3.0},{"damage":0.0,"enemies":"3 Cultists","floor":29.0,"turns":3.0},{"damage":8.0,"enemies":"Slavers","floor":31.0,"turns":3.0},{"damage":15.0,"enemies":"Automaton","floor":33.0,"turns":6.0},{"damage":0.0,"enemies":"3 Darklings","floor":35.0,"turns":6.0},{"damage":10,"enemies":"3 Shapes","floor":38,"turns":3},{"damage":0,"enemies":"Giant Head","floor":42,"turns":5},{"damage":0,"enemies":"Transient","floor":44,"turns":5},{"damage":0,"enemies":"3 Darklings","floor":47,"turns":4},{"damage":6,"enemies":"Jaw Worm Horde","floor":48,"turns":4},{"damage":0,"enemies":"Time Eater","floor":50,"turns":8},{"damage":11,"enemies":"Shield and Spear","floor":54,"turns":5},{"damage":34,"enemies":"The Heart","floor":55,"turns":9}],"seed_played":"-9085348932115824742","potions_obtained":[{"floor":2.0,"key":"LiquidBronze"},{"floor":8.0,"key":"GamblersBrew"},{"floor":12.0,"key":"Strength Potion"},{"floor":16.0,"key":"SteroidPotion"},{"floor":18.0,"key":"CultistPotion"},{"floor":20.0,"key":"DuplicationPotion"},{"floor":44,"key":"Energy Potion"}],"is_trial":false,"path_per_floor":["M","M","?","M","?","R","$","E","T","E","R","E","M","M","R","B",null,"M","?","M","?","M","E","R","E","T","E","M","M","$","E","R","B",null,"M","?","?","M","?","R","?","E","T","M","R","$","M","M","R","B",null,"R","$","E","B",null],"character_chosen":"THE_SILENT","items_purchased":["Well Laid Plans","Shuriken","ClockworkSouvenir","OrangePellets","Backflip+1","Infinite Blades"],"campfire_rested":0,"item_purchase_floors":[7,30,30,46,46,53],"current_hp_per_floor":[69,69,69,69,69,69,69,57,57,56,56,56,56,56,56,56,70,70,70,70,70,70,70,70,67,67,65,65,65,65,57,57,55,70,70,70,70,60,60,60,60,60,60,60,60,60,60,54,54,70,70,70,70,59,36],"gold":69,"neow_bonus":"BOSS_RELIC","is_daily":false,"chose_seed":false,"campfire_upgraded":8,"win_rate":0.0,"timestamp":1611480240,"path_taken":["M","M","?","M","?","R","$","E","T","E","R","E","M","M","R","BOSS","M","?","M","?","M","E","R","E","T","E","M","M","$","E","R","BOSS","M","?","?","M","?","R","?","E","T","M","R","$","M","M","R","BOSS","R","$","E","BOSS"],"items_purchased_type":["Card","Relic","Relic","Relic","Card","Card"],"build_version":"2020-12-22","purchased_purges":0,"victory":true,"max_hp_per_floor":[70,70,70,70,70,70,70,70,70,70,70,70,70,70,70,70,70,70,70,70,70,70,70,70,70,70,70,70,70,70,70,70,70,70,70,70,70,70,70,70,70,70,70,70,70,70,70,70,70,70,70,70,70,70,70],"relic_stats":{"counters":[28,118],"StoneCalendar":[52],"Snake Skull":[103],"Pen Nib":[11],"Juzu Bracelet":1,"Question Card":21,"WarpedTongs":[37],"Mercury Hourglass":[27],"OrangePellets":[7],"Ornamental Fan":[396],"Shuriken":[47],"Pantograph":40,"Pandora\u0027s Box":["Poisoned Stab","Distraction","Noxious Fumes","Blade Dance","Dagger Spray","Glass Knife","Prepared","Storm of Steel","Crippling Poison","Blade Dance"],"obtain_stats":[{"StoneCalendar":34,"Snake Skull":10,"Pen Nib":42,"Omamori":23,"Juzu Bracelet":27,"Question Card":12,"Akabeko":34,"ClockworkSouvenir":30,"WarpedTongs":41,"Mercury Hourglass":54,"Calling Bell":34,"OrangePellets":46,"CaptainsWheel":25,"HornCleat":34,"Ornamental Fan":9,"Shuriken":30,"Pantograph":31,"Pandora\u0027s Box":0,"Coffee Dripper":17,"Toxic Egg 2":26,"Ring of the Snake":0,"Meat on the Bone":8},{"StoneCalendar":19,"Snake Skull":5,"Pen Nib":22,"Omamori":13,"Juzu Bracelet":15,"Question Card":6,"Akabeko":19,"ClockworkSouvenir":17,"WarpedTongs":21,"Mercury Hourglass":27,"Calling Bell":19,"OrangePellets":23,"CaptainsWheel":14,"HornCleat":19,"Ornamental Fan":4,"Shuriken":17,"Pantograph":18,"Pandora\u0027s Box":0,"Coffee Dripper":9,"Toxic Egg 2":14,"Ring of the Snake":0,"Meat on the Bone":4},{"StoneCalendar":70,"Snake Skull":15,"Pen Nib":84,"Omamori":46,"Juzu Bracelet":55,"Question Card":18,"Akabeko":70,"ClockworkSouvenir":61,"WarpedTongs":79,"Mercury Hourglass":110,"Calling Bell":70,"OrangePellets":89,"CaptainsWheel":50,"HornCleat":70,"Ornamental Fan":10,"Shuriken":61,"Pantograph":64,"Pandora\u0027s Box":0,"Coffee Dripper":29,"Toxic Egg 2":50,"Ring of the Snake":0,"Meat on the Bone":10}],"Meat on the Bone":0},"card_choices":[{"not_picked":["Flying Knee","Backflip"],"picked":"Backstab","floor":1.0},{"not_picked":["Prepared","Dodge and Roll"],"picked":"Cloak And Dagger","floor":2.0},{"not_picked":["Bouncing Flask","Distraction","PiercingWail"],"picked":"SKIP","floor":4.0},{"not_picked":["Setup","Infinite Blades","Sucker Punch"],"picked":"SKIP","floor":8.0},{"not_picked":["Riddle With Holes","Outmaneuver"],"picked":"PiercingWail","floor":10.0},{"not_picked":["Well Laid Plans","Quick Slash","Bane"],"picked":"SKIP","floor":12.0},{"not_picked":["Acrobatics","Expertise","Calculated Gamble"],"picked":"Blur","floor":13.0},{"not_picked":["Riddle With Holes","All Out Attack","Deadly Poison"],"picked":"Heel Hook","floor":14.0},{"not_picked":["Adrenaline","Wraith Form v2","Unload"],"picked":"After Image","floor":16.0},{"not_picked":["Noxious Fumes","Slice","Outmaneuver"],"picked":"Leg Sweep+1","floor":18.0},{"not_picked":["Quick Slash","Calculated Gamble","Choke","Expertise"],"picked":"SKIP","floor":20.0},{"not_picked":["Prepared","Sucker Punch","Quick Slash"],"picked":"Dodge and Roll","floor":22.0},{"not_picked":["Cloak And Dagger","Dash+1","Flechettes"],"picked":"Accuracy+1","floor":23.0},{"not_picked":["Dagger Spray","Acrobatics","Sucker Punch"],"picked":"Phantasmal Killer","floor":25.0},{"not_picked":["Slice","PiercingWail+1","Die Die Die"],"picked":"Reflex+1","floor":27.0},{"not_picked":["Poisoned Stab","Leg Sweep+1","Masterful Stab"],"picked":"Backflip+1","floor":28.0},{"not_picked":["Reflex+1","Bane","Tactician+1"],"picked":"Cloak And Dagger+1","floor":29.0},{"not_picked":["Blade Dance+1","Setup+1","Sucker Punch"],"picked":"Bullet Time+1","floor":31.0},{"not_picked":["Unload","Adrenaline+1","Storm of Steel+1"],"picked":"Wraith Form v2","floor":33.0},{"not_picked":["Dagger Spray","Masterful Stab+1","Prepared+1","Quick Slash+1"],"picked":"SKIP","floor":35.0},{"not_picked":["PiercingWail+1","Dagger Throw","Cloak And Dagger+1"],"picked":"Reflex+1","floor":38},{"not_picked":["Distraction+1","Prepared+1","Predator+1"],"picked":"Dodge and Roll+1","floor":42},{"not_picked":["All Out Attack","Dagger Spray","Die Die Die"],"picked":"Calculated Gamble+1","floor":44},{"not_picked":["Bane+1","Leg Sweep+1","Blade Dance+1"],"picked":"Tactician+1","floor":47},{"not_picked":["Quick Slash","Bane","Dagger Throw"],"picked":"Blur+1","floor":48},{"not_picked":["Poisoned Stab","Quick Slash","Flechettes"],"picked":"Crippling Poison+1","floor":54}],"player_experience":3755670,"relics_obtained":[{"floor":8.0,"key":"Meat on the Bone"},{"floor":9.0,"key":"Ornamental Fan"},{"floor":10.0,"key":"Snake Skull"},{"floor":12.0,"key":"Question Card"},{"floor":23.0,"key":"Omamori"},{"floor":25.0,"key":"CaptainsWheel"},{"floor":26.0,"key":"Toxic Egg 2"},{"floor":27.0,"key":"Juzu Bracelet"},{"floor":31.0,"key":"Pantograph"},{"floor":34.0,"key":"HornCleat"},{"floor":34.0,"key":"Akabeko"},{"floor":34.0,"key":"StoneCalendar"},{"floor":42,"key":"Pen Nib"},{"floor":54,"key":"Mercury Hourglass"}],"event_choices":[{"damage_healed":0.0,"max_hp_gain":0.0,"max_hp_loss":0.0,"gold_gain":0.0,"cards_transformed":["Distraction"],"event_name":"Living Wall","player_choice":"Change","floor":3.0,"gold_loss":0.0,"damage_taken":0.0,"cards_obtained":["Blade Dance"]},{"cards_removed":["Poisoned Stab"],"damage_healed":0.0,"max_hp_gain":0.0,"max_hp_loss":0.0,"gold_gain":0.0,"event_name":"The Cleric","player_choice":"Card Removal","floor":5.0,"gold_loss":50.0,"damage_taken":0.0},{"damage_healed":0.0,"max_hp_gain":0.0,"max_hp_loss":0.0,"gold_gain":0.0,"event_name":"Ghosts","player_choice":"Ignored","floor":19.0,"gold_loss":0.0,"damage_taken":0.0},{"cards_removed":["Dagger Spray"],"damage_healed":0.0,"max_hp_gain":0.0,"max_hp_loss":0.0,"gold_gain":0.0,"event_name":"Back to Basics","player_choice":"Elegance","floor":21.0,"gold_loss":0.0,"damage_taken":0.0},{"damage_healed":0.0,"max_hp_gain":0.0,"max_hp_loss":0.0,"gold_gain":0.0,"event_name":"Upgrade Shrine","player_choice":"Upgraded","floor":36.0,"gold_loss":0.0,"damage_taken":0.0,"cards_upgraded":["Wraith Form v2"]},{"cards_removed":["Backstab"],"damage_healed":0,"gold_gain":0,"player_choice":"Removed Attack","damage_taken":0,"max_hp_gain":0,"max_hp_loss":0,"event_name":"Falling","floor":37,"gold_loss":0},{"damage_healed":0,"gold_gain":0,"player_choice":"Ignored","damage_taken":0,"max_hp_gain":0,"max_hp_loss":0,"event_name":"Tomb of Lord Red Mask","floor":39,"gold_loss":0},{"damage_healed":0,"gold_gain":0,"player_choice":"Rummage","damage_taken":0,"relics_obtained":["WarpedTongs"],"max_hp_gain":0,"max_hp_loss":0,"event_name":"Accursed Blacksmith","floor":41,"gold_loss":0,"cards_obtained":["Pain"]}],"is_beta":false,"boss_relics":[{"not_picked":["Astrolabe","Velvet Choker"],"picked":"Coffee Dripper"},{"not_picked":["Runic Dome","WristBlade"],"picked":"Calling Bell"}],"items_purged_floors":[],"is_endless":false,"potions_floor_spawned":[2,8,12,16,18,20,25,31,33,44,47,48],"ascension_level":1}}