{"host":"Nazu","time":1611532126,"event":{"mods":["BaseMod","Downfall","Minty Spire (QoL Compilation)","StSLib"],"gold_per_floor":[0,19,36,36,53,53,53,38,68,68,53,53,71,83,102,205,205,105,124,124,124,135,163,163,192,192,207,224,224,239,339,354,453,453,253,273,273,323,142,142,192,204,254,254,254,254,164,175,194,194,194,220,28,28,28,28],"floor_reached":57,"language":"ENG","playtime":5600,"items_purged":["champ:EnGarde"],"score":1342,"play_id":"f30fc8e9-5243-426e-913a-c385c4f79c8c","local_time":"20210124204846","is_ascension_mode":false,"campfire_choices":[{"floor":1,"key":"RECALL"},{"data":"champ:HoldFirm","floor":6,"key":"SMITH"},{"data":"champ:Taunt","floor":12,"key":"SMITH"},{"data":"champ:MurderStrike","floor":18,"key":"SMITH"},{"data":"Dramatic Entrance","floor":35,"key":"SMITH"},{"data":"champ:StrikeOfGenius","floor":44,"key":"SMITH"},{"data":"champ:Devastate","floor":46,"key":"SMITH"},{"data":"expansioncontent:DashGenerateEvil","floor":54,"key":"SMITH"}],"circlet_count":0,"master_deck":["champ:Strike+1","champ:Strike+1","champ:Strike+1","champ:Strike+1","champ:Defend+1","champ:Defend+1","champ:Defend+1","champ:Defend+1","champ:Taunt+1","champ:HoldFirm+1","champ:Backstep+1","champ:Lariat+1","champ:BringItOn+1","Dramatic Entrance+1","champ:HoldFirm+1","champ:Lariat+1","champ:DeathBlow","champ:MurderStrike+1","champ:FanOfKnives+1","champ:HoldFirm+1","champ:FocusedDefense+1","champ:FocusedBerserking+1","champ:Circumvent+1","champ:Devastate+1","champ:ShieldWall+1","expansioncontent:QuickStudy+1","expansioncontent:YouAreMine+1","champ:BringItOn+1","champ:StrikeOfGenius+1","champ:ShieldThrow","expansioncontent:DashGenerateEvil+1"],"relics":["champ:ChampionCrown","Toxic Egg 2","StrikeDummy","Matryoshka","SlaversCollar","downfall:HeartBlessingRed","Pear","Dream Catcher","Ancient Tea Set","champ:GladiatorsBookOfMartialProwess","champ:BlackKnightHelmet","Question Card","Sozu","downfall:HeartBlessingGreen","downfall:HeartBlessingBlue","Bird Faced Urn","Juzu Bracelet","Happy Flower","FossilizedHelix","Kunai"],"acts_visited":["Exordium","TheCity","TheBeyond","TheEnding"],"potions_floor_usage":[16,50,56],"damage_taken":[{"damage":10,"enemies":"Cultist","floor":2,"turns":3},{"damage":10,"enemies":"Small Slimes","floor":3,"turns":3},{"damage":15,"enemies":"2 Louse","floor":5,"turns":4},{"damage":10,"enemies":"downfall:FleeingMerchant","floor":8,"turns":4},{"damage":10,"enemies":"3 Sentries","floor":9,"turns":7},{"damage":10,"enemies":"downfall:FleeingMerchant","floor":11,"turns":4},{"damage":0,"enemies":"Large Slime","floor":13,"turns":5},{"damage":0,"enemies":"2 Fungi Beasts","floor":14,"turns":2},{"damage":0,"enemies":"Exordium Thugs","floor":15,"turns":3},{"damage":10,"enemies":"IC_STATUS_ARCHETYPE","floor":16,"turns":8},{"damage":10,"enemies":"3 Byrds","floor":19,"turns":5},{"damage":10,"enemies":"Shell Parasite","floor":22,"turns":4},{"damage":70,"enemies":"Gremlin Leader","floor":23,"turns":7},{"damage":30,"enemies":"Slavers","floor":25,"turns":5},{"damage":0,"enemies":"Snake Plant","floor":27,"turns":4},{"damage":20,"enemies":"Centurion and Healer","floor":28,"turns":7},{"damage":18,"enemies":"3 Cultists","floor":30,"turns":5},{"damage":40,"enemies":"3 Cultists","floor":31,"turns":8},{"damage":25,"enemies":"Snecko","floor":32,"turns":4},{"damage":60,"enemies":"SI_MIRROR_ARCHETYPE","floor":33,"turns":10},{"damage":10,"enemies":"Orb Walker","floor":36,"turns":3},{"damage":30,"enemies":"2 Orb Walkers","floor":38,"turns":5},{"damage":10,"enemies":"downfall:FleeingMerchant","floor":39,"turns":4},{"damage":0,"enemies":"3 Darklings","floor":42,"turns":3},{"damage":20,"enemies":"3 Darklings","floor":43,"turns":5},{"damage":40,"enemies":"downfall:FleeingMerchant","floor":47,"turns":4},{"damage":47,"enemies":"Spire Growth","floor":48,"turns":5},{"damage":24,"enemies":"Jaw Worm Horde","floor":49,"turns":6},{"damage":40,"enemies":"DF_ARCHETYPE_ORBS","floor":50,"turns":9},{"damage":57,"enemies":"downfall:CharBossMerchant","floor":52,"turns":10},{"damage":95,"enemies":"downfall:NeowBoss","floor":55,"turns":17},{"damage":75,"enemies":"downfall:NeowBossFinal","floor":56,"turns":11}],"seed_played":"-5079783062341549399","potions_obtained":[{"floor":3,"key":"ColorlessPotion"},{"floor":5,"key":"AttackPotion"},{"floor":9,"key":"Strength Potion"},{"floor":22,"key":"sneckomod:MuddlingPotion"},{"floor":27,"key":"SpeedPotion"},{"floor":29,"key":"CultistPotion"}],"is_trial":false,"path_per_floor":["R","M","M","T","M","R","T","$","E","?","$","R","M","M","M","B",null,"R","M","?","?","M","E","T","E","?","M","M","?","M","?","M","B",null,"R","M","?","?","$","?","T","M","?","R","?","R","$","M","M","B",null,"E","$","R","B","B",null],"character_chosen":"THE_CHAMP","items_purchased":["expansioncontent:QuickStudy","expansioncontent:DashGenerateEvil"],"campfire_rested":0,"item_purchase_floors":[39,53],"current_hp_per_floor":[90,90,90,90,90,90,90,90,90,90,90,90,90,90,90,90,90,90,90,90,90,90,100,100,100,100,100,100,100,97,97,97,97,100,110,110,110,110,110,110,110,110,110,110,110,110,110,105,95,94,110,73,73,73,79,57],"gold":28,"neow_bonus":"THREE_RARE_CARDS","is_daily":false,"chose_seed":false,"campfire_upgraded":7,"win_rate":0.0,"timestamp":1611532126,"path_taken":["R","M","M","?","M","R","T","$","E","?","$","R","M","?","M","BOSS","R","M","?","?","M","E","T","E","?","?","M","?","M","?","M","BOSS","R","M","?","?","$","?","T","M","?","R","?","R","$","M","M","BOSS","E","$","R","BOSS","BOSS"],"items_purchased_type":["Card","Card"],"build_version":"2020-12-18","purchased_purges":1,"victory":true,"max_hp_per_floor":[90,90,90,90,90,90,90,90,90,90,90,90,90,90,90,90,90,90,90,90,90,90,100,100,100,100,100,100,100,100,100,100,100,100,110,110,110,110,110,110,110,110,110,110,110,110,110,110,110,110,110,110,110,110,110,110],"card_choices":[{"not_picked":["champ:MurderStrike","champ:CheapShot"],"picked":"champ:HoldFirm","floor":0},{"not_picked":["champ:CrookedStrike","champ:ShieldSlam"],"picked":"champ:EnGarde","floor":2},{"not_picked":["champ:Haymaker","champ:BringItOn","champ:BladeFlurry"],"picked":"SKIP","floor":3},{"not_picked":["champ:FancyFootwork+1","champ:BladeFlurry"],"picked":"champ:Backstep+1","floor":5},{"not_picked":["champ:PreemptiveStrike","champ:IronFortress"],"picked":"champ:Lariat+1","floor":8},{"not_picked":["champ:IronFortress","champ:HeavySlash"],"picked":"champ:BringItOn+1","floor":9},{"not_picked":["champ:StanceDance+1","champ:ShieldThrow"],"picked":"champ:HoldFirm+1","floor":11},{"not_picked":["champ:PreciseThrust","champ:Backstep+1"],"picked":"champ:Lariat+1","floor":13},{"not_picked":["champ:PreciseThrust","champ:Haymaker","champ:EnGarde+1"],"picked":"SKIP","floor":14},{"not_picked":["champ:DefensiveShout+1","champ:AdrenalArmor+1"],"picked":"champ:DeathBlow","floor":15},{"not_picked":["champ:SteelEdge","champ:Improvising"],"picked":"champ:MurderStrike","floor":16},{"not_picked":["champ:BladeFlurry","champ:EnGarde+1"],"picked":"champ:FanOfKnives+1","floor":19},{"not_picked":["champ:Backstep+1","champ:Encircle","champ:PreemptiveStrike+1"],"picked":"SKIP","floor":22},{"not_picked":["champ:FlashCut","champ:Haymaker","champ:DeathBlow+1"],"picked":"SKIP","floor":23},{"not_picked":["champ:FlashCut","champ:Haymaker","champ:DeathBlow+1"],"picked":"SKIP","floor":23},{"not_picked":["champ:BerserkersShout+1","champ:AdrenalArmor+1","champ:IronFortress"],"picked":"SKIP","floor":25},{"not_picked":["champ:AdrenalArmor+1","champ:CrownThrow"],"picked":"champ:HoldFirm+1","floor":27},{"not_picked":["champ:GutPunch","champ:FanOfKnives"],"picked":"champ:FocusedDefense+1","floor":28},{"not_picked":["champ:BladeFlurry","champ:DefensiveShout+1","champ:EndlessRage"],"picked":"SKIP","floor":30},{"not_picked":["champ:IgnorePain+1","champ:Backstep+1"],"picked":"champ:FocusedBerserking+1","floor":31},{"not_picked":["champ:FlashCut","champ:RecklessLeap+1","champ:Shatter"],"picked":"champ:Circumvent+1","floor":32},{"not_picked":["champ:Improvising","champ:TripleStrike","champ:HeavySlash"],"picked":"champ:Devastate","floor":33},{"not_picked":["champ:EnGarde+1","champ:GutPunch+1","champ:RecklessLeap","champ:Haymaker"],"picked":"SKIP","floor":36},{"not_picked":["champ:Haymaker+1","champ:GutPunch+1","champ:PreemptiveStrike"],"picked":"champ:ShieldWall+1","floor":39},{"not_picked":["expansioncontent:AwakenDeath","expansioncontent:Chronoboost","expansioncontent:PrepareCrush+1"],"picked":"expansioncontent:YouAreMine+1","floor":40},{"not_picked":["champ:PerfectedStrike+1","champ:StanceDance+1","champ:Haymaker+1"],"picked":"champ:BringItOn+1","floor":42},{"not_picked":["champ:Circumvent+1","champ:FocusedDefense+1","champ:SetATrap+1"],"picked":"champ:StrikeOfGenius","floor":43},{"not_picked":["champ:StanceDance+1","champ:BladeFlurry","champ:FaceSlap","champ:FancyFootwork+1"],"picked":"SKIP","floor":47},{"not_picked":["champ:PreciseThrust","champ:PreemptiveStrike+1","champ:FanOfKnives","champ:GutPunch+1"],"picked":"SKIP","floor":48},{"not_picked":["champ:Endure+1","champ:Backstep+1","champ:Lariat+1","champ:Improvising"],"picked":"SKIP","floor":49},{"not_picked":["champ:Duel","champ:TornadoPunch","champ:PreciseThrust+1"],"picked":"champ:ShieldThrow","floor":52}],"player_experience":705254,"relics_obtained":[{"floor":4,"key":"Toxic Egg 2"},{"floor":7,"key":"StrikeDummy"},{"floor":9,"key":"Matryoshka"},{"floor":23,"key":"Pear"},{"floor":24,"key":"Dream Catcher"},{"floor":25,"key":"Ancient Tea Set"},{"floor":31,"key":"champ:BlackKnightHelmet"},{"floor":31,"key":"Question Card"},{"floor":38,"key":"Bird Faced Urn"},{"floor":41,"key":"Juzu Bracelet"},{"floor":41,"key":"Happy Flower"},{"floor":43,"key":"FossilizedHelix"},{"floor":52,"key":"Kunai"}],"event_choices":[{"damage_healed":0,"gold_gain":0,"player_choice":"Ignored","damage_taken":0,"max_hp_gain":0,"max_hp_loss":0,"event_name":"Vampires","floor":21,"gold_loss":0},{"damage_healed":0,"gold_gain":0,"player_choice":"Fight","damage_taken":0,"max_hp_gain":0,"max_hp_loss":0,"event_name":"Mysterious Sphere","floor":38,"gold_loss":0},{"cards_removed":["champ:Execute"],"damage_healed":0,"gold_gain":0,"player_choice":"Removed Attack","damage_taken":0,"max_hp_gain":0,"max_hp_loss":0,"event_name":"Falling","floor":45,"gold_loss":0}],"is_beta":true,"boss_relics":[{"not_picked":["Tiny House","Black Star"],"picked":"SlaversCollar"},{"not_picked":["Cursed Key","SacredBark"],"picked":"Sozu"}],"items_purged_floors":[47],"is_endless":false,"potions_floor_spawned":[3,5,9,13,22,27,30,33,38,42,43,48],"ascension_level":0}}