{"host":"2pffx5rqbod9ds0c","time":1611529804,"event":{"mods":["BaseMod","Better Altar","Better Match","Better Note","Better Sensory Stone","Better Skull","Better Third Choice","Custom Start","Hubris","Minty Spire (QoL Compilation)","Quick Restart","Relic Stats","Spicy Shops","StSLib","The Marked"],"gold_per_floor":[118,118,138,150,163,190,190,200,270,270,301,64,40,60,60,162,162,178,178,197,97,97,97,122,135,205,205,239,253,272,300,300,396,396,406,124,136,156,0,34,34,69,94,94,94,112,112,129,129,129],"floor_reached":51,"language":"ENG","playtime":5528,"items_purged":["theMarked:Strike","theMarked:Strike","theMarked:ChainLightning"],"score":921,"play_id":"8b3f42b7-8869-4052-ad97-e252a94609ac","local_time":"20210124151004","is_ascension_mode":true,"campfire_choices":[{"data":"theMarked:Indomitable","floor":7.0,"key":"SMITH"},{"data":"theMarked:SoldierOfQuellstein","floor":10.0,"key":"SMITH"},{"data":"theMarked:Parkour","floor":15.0,"key":"SMITH"},{"data":"theMarked:TakeOffHeels","floor":23.0,"key":"SMITH"},{"data":"theMarked:TakeOffHeels","floor":32.0,"key":"SMITH"},{"data":"theMarked:TakeOffHeels","floor":41.0,"key":"SMITH"},{"data":"theMarked:Overcharge","floor":44.0,"key":"SMITH"},{"data":"theMarked:WardOff","floor":47,"key":"SMITH"},{"data":"theMarked:BanishingStrike","floor":49,"key":"SMITH"}],"circlet_count":0,"master_deck":["theMarked:Defend","theMarked:Defend","theMarked:Defend","theMarked:Defend","theMarked:SoldierOfQuellstein+1","theMarked:WastefulAttack","theMarked:Parkour+1","theMarked:WardOff+1","theMarked:Indomitable+1","theMarked:BanishingStrike+1","theMarked:TakeOffHeels+1","theMarked:Overcharge+1","theMarked:TakeOffHeels+1","theMarked:TakeOffHeels+1"],"relics":["theMarked:ArtifactOfAir","Bag of Marbles","hubris:BottledRain","Peace Pipe","betterThird:SlimedRelic","Coffee Dripper","Pen Nib","Shuriken","Potion Belt","hubris:CuriousFeather","Busted Crown","theMarked:DemonDagger","Red Mask","Incense Burner","Dream Catcher","PreservedInsect","hubris:Towel"],"acts_visited":["Exordium","TheCity","TheBeyond"],"potions_floor_usage":[48,50,50],"damage_taken":[{"damage":1.0,"enemies":"Jaw Worm","floor":1.0,"turns":3.0},{"damage":1.0,"enemies":"Cultist","floor":3.0,"turns":3.0},{"damage":2.0,"enemies":"Small Slimes","floor":4.0,"turns":3.0},{"damage":2.0,"enemies":"3 Louse","floor":5.0,"turns":3.0},{"damage":17.0,"enemies":"3 Sentries","floor":6.0,"turns":6.0},{"damage":10.0,"enemies":"Exordium Thugs","floor":8.0,"turns":4.0},{"damage":11.0,"enemies":"Lagavulin","floor":11.0,"turns":8.0},{"damage":0.0,"enemies":"Red Slaver","floor":14.0,"turns":2.0},{"damage":4.0,"enemies":"The Guardian","floor":16.0,"turns":13.0},{"damage":14.0,"enemies":"2 Thieves","floor":18.0,"turns":3.0},{"damage":0.0,"enemies":"Spheric Guardian","floor":20.0,"turns":5.0},{"damage":16.0,"enemies":"Gremlin Leader","floor":24.0,"turns":7.0},{"damage":0.0,"enemies":"3 Cultists","floor":25.0,"turns":5.0},{"damage":0.0,"enemies":"Book of Stabbing","floor":28.0,"turns":4.0},{"damage":0.0,"enemies":"Snake Plant","floor":29.0,"turns":1.0},{"damage":3.0,"enemies":"Centurion and Healer","floor":30.0,"turns":5.0},{"damage":0.0,"enemies":"Gremlin Leader","floor":31.0,"turns":6.0},{"damage":19.0,"enemies":"hubris:MusketHawk","floor":33.0,"turns":5.0},{"damage":0.0,"enemies":"Orb Walker","floor":35.0,"turns":2.0},{"damage":0.0,"enemies":"3 Shapes","floor":37.0,"turns":4.0},{"damage":0.0,"enemies":"Writhing Mass","floor":38.0,"turns":4.0},{"damage":0.0,"enemies":"Nemesis","floor":40.0,"turns":5.0},{"damage":0.0,"enemies":"Giant Head","floor":42.0,"turns":7.0},{"damage":0,"enemies":"4 Shapes","floor":46,"turns":4},{"damage":0,"enemies":"Transient","floor":48,"turns":5},{"damage":26,"enemies":"hubris:GrandSnecko","floor":50,"turns":15}],"seed_played":"7250542155595827963","potions_obtained":[{"floor":5.0,"key":"theMarked:SummonPotion"},{"floor":8.0,"key":"Swift Potion"},{"floor":11.0,"key":"AttackPotion"},{"floor":16.0,"key":"BlessingOfTheForge"},{"floor":18.0,"key":"Energy Potion"},{"floor":25.0,"key":"PowerPotion"},{"floor":29.0,"key":"SteroidPotion"},{"floor":33.0,"key":"Energy Potion"},{"floor":35.0,"key":"Swift Potion"},{"floor":37.0,"key":"LiquidBronze"},{"floor":40.0,"key":"Fire Potion"},{"floor":46,"key":"Strength Potion"}],"is_trial":false,"path_per_floor":["M","?","M","M","M","E","R","M","T","R","E","$","?","M","R","B",null,"M","?","M","$","?","R","E","M","T","?","E","M","M","E","R","B",null,"M","$","M","M","?","E","R","E","T","R","?","M","R","M","R","B",null],"character_chosen":"THE_DEFAULT","items_purchased":["theMarked:TakeOffHeels","theMarked:DemonDagger"],"campfire_rested":0,"item_purchase_floors":[12,36],"current_hp_per_floor":[69,69,68,66,64,47,47,37,37,37,26,26,15,15,15,11,70,56,56,56,56,56,56,40,40,40,40,40,40,37,37,37,18,70,70,70,70,70,70,70,70,70,70,70,70,70,70,70,70,44],"gold":129,"neow_bonus":"THREE_CARDS","is_daily":false,"chose_seed":false,"campfire_upgraded":9,"win_rate":0.0,"timestamp":1611529804,"path_taken":["M","?","?","M","M","E","R","M","T","R","E","$","?","M","R","BOSS","M","?","M","$","?","R","E","M","T","?","E","M","?","E","R","BOSS","M","$","M","M","?","E","R","E","T","R","?","M","R","M","R","BOSS"],"items_purchased_type":["Card","Relic"],"build_version":"2020-12-22","purchased_purges":3,"victory":true,"max_hp_per_floor":[70,70,70,70,70,70,70,70,70,70,70,70,70,70,70,70,70,70,70,70,70,70,70,70,70,70,70,70,70,70,70,70,70,70,70,70,70,70,70,70,70,70,70,70,70,70,70,70,70,70],"relic_stats":{"Peace Pipe":0,"Dream Catcher":0,"Busted Crown":18,"counters":[26,132],"Shuriken":[31],"Pen Nib":[16],"PreservedInsect":0,"obtain_stats":[{"Potion Belt":28,"theMarked:DemonDagger":36,"Pen Nib":24,"PreservedInsect":43,"Incense Burner":40,"hubris:Towel":45,"Peace Pipe":11,"theMarked:ArtifactOfAir":0,"Dream Catcher":42,"Busted Crown":34,"Shuriken":26,"betterThird:SlimedRelic":13,"hubris:CuriousFeather":31,"Bag of Marbles":6,"Coffee Dripper":17,"Red Mask":39,"hubris:BottledRain":9},{"Potion Belt":14,"theMarked:DemonDagger":19,"Pen Nib":12,"PreservedInsect":23,"Incense Burner":22,"hubris:Towel":23,"Peace Pipe":7,"theMarked:ArtifactOfAir":0,"Dream Catcher":23,"Busted Crown":18,"Shuriken":13,"betterThird:SlimedRelic":7,"hubris:CuriousFeather":17,"Bag of Marbles":5,"Coffee Dripper":9,"Red Mask":21,"hubris:BottledRain":6},{"Potion Belt":69,"theMarked:DemonDagger":88,"Pen Nib":60,"PreservedInsect":108,"Incense Burner":101,"hubris:Towel":108,"Peace Pipe":30,"theMarked:ArtifactOfAir":0,"Dream Catcher":108,"Busted Crown":86,"Shuriken":65,"betterThird:SlimedRelic":30,"hubris:CuriousFeather":81,"Bag of Marbles":18,"Coffee Dripper":45,"Red Mask":96,"hubris:BottledRain":22}]},"card_choices":[{"not_picked":["theMarked:Overcharge","theMarked:WastefulDefense"],"picked":"theMarked:WastefulAttack","floor":0.0},{"not_picked":["theMarked:Frustration","theMarked:BanishingStrike","theMarked:Parkour"],"picked":"SKIP","floor":1.0},{"not_picked":["theMarked:MysticalArsenal","theMarked:Overcharge"],"picked":"theMarked:ChainLightning","floor":3.0},{"not_picked":["theMarked:Overcharge","theMarked:Generate"],"picked":"theMarked:Parkour","floor":4.0},{"not_picked":["theMarked:KeepCalmAndFightOn","theMarked:Improvise"],"picked":"theMarked:WardOff","floor":5.0},{"not_picked":["theMarked:Improvise","theMarked:Maelstrom"],"picked":"theMarked:Indomitable","floor":6.0},{"not_picked":["theMarked:Static","theMarked:EnhanceMovement","theMarked:WardOff"],"picked":"SKIP","floor":8.0},{"not_picked":["theMarked:ElectricStrings","theMarked:RepellingDischarge"],"picked":"theMarked:BanishingStrike","floor":11.0},{"not_picked":["theMarked:Convert","theMarked:Panic"],"picked":"theMarked:Overcharge","floor":14.0},{"not_picked":["theMarked:Defy","theMarked:SuspiciousRaven"],"picked":"theMarked:TakeOffHeels","floor":16.0},{"not_picked":["theMarked:KeepCalmAndFight","theMarked:Reabsorb","theMarked:WastefulAttack"],"picked":"SKIP","floor":18.0},{"not_picked":["theMarked:BanishingWave","theMarked:Parkour","theMarked:ResourceFulStrike"],"picked":"SKIP","floor":20.0},{"not_picked":["theMarked:Opportunist","theMarked:BindingBlade","theMarked:WardOff"],"picked":"SKIP","floor":24.0},{"not_picked":["theMarked:SelfDefenseTraining","theMarked:WastefulAttack+1","theMarked:Opportunist+1"],"picked":"SKIP","floor":25.0},{"not_picked":["theMarked:TurnInvisible","theMarked:RepellingDischarge","theMarked:Improvise+1"],"picked":"SKIP","floor":28.0},{"not_picked":["theMarked:Polarize","theMarked:HeightenedSenses","theMarked:BanishingStrike"],"picked":"SKIP","floor":29.0},{"not_picked":["theMarked:Frustration","theMarked:TheMission+1","theMarked:MuscleMemory+1"],"picked":"SKIP","floor":30.0},{"not_picked":["theMarked:Panic+1","theMarked:Parry","theMarked:Determination"],"picked":"SKIP","floor":31.0},{"not_picked":["theMarked:ThrowWeapon","theMarked:UnarmedFury"],"picked":"theMarked:TakeOffHeels","floor":33.0},{"not_picked":["theMarked:WardOff+1"],"picked":"SKIP","floor":35.0},{"not_picked":["theMarked:HeightenedSenses"],"picked":"SKIP","floor":37.0},{"not_picked":["theMarked:ResourceFulStrike"],"picked":"SKIP","floor":38.0},{"not_picked":["theMarked:Memento"],"picked":"SKIP","floor":40.0},{"not_picked":["theMarked:SelfDefenseTraining+1"],"picked":"SKIP","floor":42.0},{"not_picked":["theMarked:SwordAndMagic+1"],"picked":"SKIP","floor":46},{"not_picked":["theMarked:TunnelVision"],"picked":"SKIP","floor":48}],"player_experience":735939,"relics_obtained":[{"floor":6.0,"key":"Bag of Marbles"},{"floor":9.0,"key":"hubris:BottledRain"},{"floor":11.0,"key":"Peace Pipe"},{"floor":24.0,"key":"Pen Nib"},{"floor":26.0,"key":"Shuriken"},{"floor":28.0,"key":"Potion Belt"},{"floor":31.0,"key":"hubris:CuriousFeather"},{"floor":40.0,"key":"Incense Burner"},{"floor":42.0,"key":"Dream Catcher"},{"floor":43.0,"key":"PreservedInsect"}],"event_choices":[{"cards_removed":["theMarked:Strike"],"damage_healed":0.0,"max_hp_gain":0.0,"max_hp_loss":0.0,"gold_gain":0.0,"event_name":"Purifier","player_choice":"Purged","floor":2.0,"gold_loss":0.0,"damage_taken":0.0},{"damage_healed":0.0,"max_hp_gain":0.0,"max_hp_loss":0.0,"gold_gain":0.0,"event_name":"betterThird:BetterGoop","player_choice":"Slimed","floor":13.0,"gold_loss":24.0,"damage_taken":11.0},{"damage_healed":0.0,"max_hp_gain":0.0,"max_hp_loss":0.0,"gold_gain":0.0,"event_name":"betterNote:BetterNote","player_choice":"Ignored","floor":19.0,"gold_loss":0.0,"damage_taken":0.0,"cards_obtained":["theMarked:ChannelForce"]},{"cards_removed":["theMarked:Strike"],"damage_healed":0.0,"max_hp_gain":0.0,"max_hp_loss":0.0,"gold_gain":0.0,"event_name":"betterThird:BetterWriting","player_choice":"Elegance","floor":22.0,"gold_loss":0.0,"damage_taken":0.0},{"cards_removed":["theMarked:Strike"],"damage_healed":0.0,"max_hp_gain":0.0,"max_hp_loss":0.0,"gold_gain":0.0,"event_name":"Purifier","player_choice":"Purged","floor":27.0,"gold_loss":0.0,"damage_taken":0.0},{"damage_healed":0.0,"max_hp_gain":0.0,"max_hp_loss":0.0,"gold_gain":0.0,"event_name":"Tomb of Lord Red Mask","player_choice":"Paid","floor":39.0,"gold_loss":156.0,"damage_taken":0.0,"relics_obtained":["Red Mask"]}],"is_beta":false,"boss_relics":[{"not_picked":["SacredBark","hubris:GrandSneckoEye"],"picked":"Coffee Dripper"},{"not_picked":["hubris:TerracottaHorce","hubris:BlackHole"],"picked":"Busted Crown"}],"items_purged_floors":[12,21,36],"is_endless":false,"potions_floor_spawned":[5,8,11,16,18,25,29,33,35,37,40,46],"ascension_level":1}}