{"host":"bsjxazy3oyu2p5p6","time":1611470115,"event":{"mods":["AchievementEnabler","BaseMod","Colored Map","Colored Powertips","Minty Spire (QoL Compilation)"],"gold_per_floor":[117,117,128,128,138,173,173,186,186,186,186,204,219,231,231,332,332,344,344,344,355,355,355,366,114,114,114,214,39,39,138,138,243,243,256,256,307,307,320,335,335,354,354,354,354,354,13,0,0,0],"floor_reached":51,"language":"ENG","playtime":2803,"items_purged":[],"score":643,"play_id":"fd894ccb-a4c1-4d35-90e4-4d1c2f34f04e","local_time":"20210123233515","is_ascension_mode":false,"campfire_choices":[{"floor":11.0,"key":"REST"},{"data":"Wish","floor":15.0,"key":"SMITH"},{"floor":23.0,"key":"REST"},{"data":"DevaForm","floor":27.0,"key":"SMITH"},{"floor":30.0,"key":"REST"},{"data":"Chrysalis","floor":32.0,"key":"SMITH"},{"floor":41,"key":"REST"},{"floor":44,"key":"REST"},{"data":"Adaptation","floor":49,"key":"SMITH"}],"circlet_count":0,"master_deck":["Strike_P+1","Strike_P+1","Strike_P+1","Strike_P+1","Defend_P+1","Defend_P+1","Defend_P+1","Defend_P+1","Eruption+1","Vigilance","EmptyMind","FollowUp","Wish+1","JustLucky","MentalFortress","Halt","ClearTheMind","DevaForm+1","Adaptation+1","EmptyBody+1","SashWhip","Conclude","Chrysalis+1","MasterReality","CarveReality+1","FollowUp+1","BowlingBash+1","Consecrate+1","FlurryOfBlows","Violence","Writhe"],"relics":["PureWater","Bag of Preparation","Mercury Hourglass","Sundial","Snecko Eye","Gambling Chip","Enchiridion","Shuriken","InkBottle","Ice Cream","Letter Opener","SlaversCollar","Pocketwatch","Bottled Lightning","White Beast Statue","Turnip","Red Mask"],"acts_visited":["Exordium","TheCity","TheBeyond"],"potions_floor_usage":[37,39,40,50,50],"damage_taken":[{"damage":12.0,"enemies":"2 Louse","floor":1.0,"turns":2.0},{"damage":0.0,"enemies":"Cultist","floor":3.0,"turns":2.0},{"damage":0.0,"enemies":"Small Slimes","floor":5.0,"turns":2.0},{"damage":16.0,"enemies":"3 Sentries","floor":6.0,"turns":8.0},{"damage":8.0,"enemies":"Red Slaver","floor":8.0,"turns":3.0},{"damage":6.0,"enemies":"Blue Slaver","floor":12.0,"turns":4.0},{"damage":15.0,"enemies":"Large Slime","floor":13.0,"turns":8.0},{"damage":0.0,"enemies":"2 Fungi Beasts","floor":14.0,"turns":2.0},{"damage":40.0,"enemies":"The Guardian","floor":16.0,"turns":14.0},{"damage":5.0,"enemies":"Shell Parasite","floor":18.0,"turns":2.0},{"damage":0.0,"enemies":"3 Byrds","floor":21.0,"turns":2.0},{"damage":0.0,"enemies":"Snake Plant","floor":24.0,"turns":2.0},{"damage":14.0,"enemies":"Colosseum Slavers","floor":28.0,"turns":4.0},{"damage":21.0,"enemies":"Colosseum Nobs","floor":28.0,"turns":5.0},{"damage":16.0,"enemies":"Automaton","floor":33.0,"turns":6.0},{"damage":12,"enemies":"3 Shapes","floor":35,"turns":3},{"damage":32,"enemies":"2 Orb Walkers","floor":37,"turns":4},{"damage":6,"enemies":"Orb Walker","floor":39,"turns":3},{"damage":11,"enemies":"Sphere and 2 Shapes","floor":40,"turns":3},{"damage":5,"enemies":"Maw","floor":42,"turns":7},{"damage":62,"enemies":"Time Eater","floor":50,"turns":9}],"seed_played":"-2806502940094600999","potions_obtained":[{"floor":1.0,"key":"StancePotion"},{"floor":3.0,"key":"Regen Potion"},{"floor":13.0,"key":"Fire Potion"},{"floor":21.0,"key":"SteroidPotion"},{"floor":24.0,"key":"Ancient Potion"},{"floor":33.0,"key":"SpeedPotion"},{"floor":37,"key":"EssenceOfSteel"},{"floor":39,"key":"Swift Potion"},{"floor":42,"key":"LiquidMemories"}],"is_trial":false,"path_per_floor":["M","?","M","?","M","E","?","M","T","?","R","M","M","M","R","B",null,"M","T","?","M","?","R","M","$","T","R","?","$","R","?","R","B",null,"M","?","?","T","M","M","R","M","T","R","?","?","$","?","R","B",null],"character_chosen":"WATCHER","items_purchased":["Shuriken","Chrysalis","Turnip","SkillPotion"],"campfire_rested":5,"item_purchase_floors":[25,29,47,47],"current_hp_per_floor":[60,60,60,60,60,59,64,56,56,56,77,71,56,56,56,16,77,72,72,72,72,56,77,77,77,77,77,42,42,65,65,65,49,77,65,65,33,33,27,16,39,34,34,57,57,76,76,76,76,14],"gold":0,"neow_bonus":"RANDOM_COMMON_RELIC","is_daily":false,"chose_seed":false,"campfire_upgraded":4,"win_rate":0.0,"timestamp":1611470115,"path_taken":["M","?","M","?","?","E","?","M","T","?","R","M","M","M","R","BOSS","M","?","?","M","?","R","M","$","T","R","?","?","R","?","R","BOSS","M","?","?","?","M","M","R","?","T","R","?","?","?","?","R","BOSS"],"items_purchased_type":["Relic","Card","Relic","Potion"],"build_version":"2020-12-22","purchased_purges":0,"victory":true,"max_hp_per_floor":[72,72,72,72,72,72,77,77,77,77,77,77,77,77,77,77,77,77,77,77,77,77,77,77,77,77,77,77,77,77,77,77,77,77,77,77,77,77,77,77,77,77,77,77,77,77,77,77,77,77],"card_choices":[{"not_picked":["SandsOfTime","FlyingSleeves"],"picked":"ThirdEye","floor":1.0},{"not_picked":["CrushJoints","Swivel"],"picked":"EmptyMind","floor":3.0},{"not_picked":["ReachHeaven","FlurryOfBlows"],"picked":"FollowUp","floor":5.0},{"not_picked":["JustLucky","FlurryOfBlows"],"picked":"Wish","floor":6.0},{"not_picked":["FollowUp","PathToVictory"],"picked":"JustLucky","floor":8.0},{"not_picked":["JustLucky","FlyingSleeves"],"picked":"Halt","floor":12.0},{"not_picked":["ThirdEye","Halt"],"picked":"ClearTheMind","floor":13.0},{"not_picked":["WindmillStrike","FlurryOfBlows"],"picked":"CutThroughFate","floor":14.0},{"not_picked":["DeusExMachina","Vault"],"picked":"DevaForm","floor":16.0},{"not_picked":["Evaluate+1","FollowUp+1"],"picked":"Adaptation","floor":18.0},{"not_picked":["Halt","CutThroughFate+1"],"picked":"EmptyBody+1","floor":21.0},{"not_picked":["EmptyMind","Meditate"],"picked":"SashWhip","floor":24.0},{"not_picked":["WheelKick","JustLucky+1"],"picked":"Conclude","floor":28.0},{"not_picked":["Judgement","LessonLearned"],"picked":"MasterReality","floor":33.0},{"not_picked":["InnerPeace+1","ClearTheMind+1"],"picked":"CarveReality+1","floor":35},{"not_picked":["Protect+1","CutThroughFate"],"picked":"FollowUp+1","floor":37},{"not_picked":["ClearTheMind","Protect+1"],"picked":"BowlingBash+1","floor":39},{"not_picked":["WreathOfFlame+1","Swivel"],"picked":"Consecrate+1","floor":40},{"not_picked":["Tantrum","EmptyMind+1"],"picked":"FlurryOfBlows","floor":42},{"not_picked":["Secret Weapon","Purity"],"picked":"Violence","floor":45}],"player_experience":493249,"relics_obtained":[{"floor":6.0,"key":"Mercury Hourglass"},{"floor":9.0,"key":"Sundial"},{"floor":19.0,"key":"Gambling Chip"},{"floor":22.0,"key":"Enchiridion"},{"floor":26.0,"key":"InkBottle"},{"floor":28.0,"key":"Ice Cream"},{"floor":28.0,"key":"Letter Opener"},{"floor":37,"key":"Pocketwatch"},{"floor":38,"key":"Bottled Lightning"},{"floor":43,"key":"White Beast Statue"}],"event_choices":[{"damage_healed":0.0,"max_hp_gain":0.0,"max_hp_loss":0.0,"gold_gain":0.0,"event_name":"Living Wall","player_choice":"Grow","floor":2.0,"gold_loss":0.0,"damage_taken":0.0,"cards_upgraded":["Eruption"]},{"damage_healed":0.0,"max_hp_gain":0.0,"max_hp_loss":0.0,"gold_gain":0.0,"event_name":"NoteForYourself","player_choice":"Ignored","floor":4.0,"gold_loss":0.0,"damage_taken":0.0},{"damage_healed":0.0,"max_hp_gain":5.0,"max_hp_loss":0.0,"gold_gain":0.0,"event_name":"Big Fish","player_choice":"Donut","floor":7.0,"gold_loss":0.0,"damage_taken":0.0},{"damage_healed":0.0,"max_hp_gain":0.0,"max_hp_loss":0.0,"gold_gain":0.0,"cards_transformed":["ThirdEye"],"event_name":"Transmorgrifier","player_choice":"Transformed","floor":10.0,"gold_loss":0.0,"damage_taken":0.0,"cards_obtained":["MentalFortress"]},{"damage_healed":0.0,"max_hp_gain":0.0,"max_hp_loss":0.0,"gold_gain":0.0,"event_name":"Back to Basics","player_choice":"Simplicity","floor":20.0,"gold_loss":0.0,"damage_taken":0.0,"cards_upgraded":["Strike_P","Strike_P","Strike_P","Strike_P","Defend_P","Defend_P","Defend_P","Defend_P"]},{"damage_healed":0.0,"max_hp_gain":0.0,"max_hp_loss":0.0,"gold_gain":0.0,"event_name":"Cursed Tome","player_choice":"Obtained Book","floor":22.0,"gold_loss":0.0,"damage_taken":16.0},{"damage_healed":0.0,"max_hp_gain":0.0,"max_hp_loss":0.0,"gold_gain":0.0,"event_name":"Colosseum","player_choice":"Fight","floor":28.0,"gold_loss":0.0,"damage_taken":0.0},{"damage_healed":0.0,"max_hp_gain":0.0,"max_hp_loss":0.0,"gold_gain":0.0,"event_name":"Colosseum","player_choice":"Fought Nobs","floor":28.0,"gold_loss":0.0,"damage_taken":0.0},{"damage_healed":0.0,"max_hp_gain":0.0,"max_hp_loss":0.0,"gold_gain":99.0,"event_name":"Nest","player_choice":"Stole From Cult","floor":31.0,"gold_loss":0.0,"damage_taken":0.0},{"cards_removed":["CutThroughFate"],"damage_healed":0,"gold_gain":0,"player_choice":"Removed Attack","damage_taken":0,"max_hp_gain":0,"max_hp_loss":0,"event_name":"Falling","floor":36,"gold_loss":0},{"damage_healed":0,"gold_gain":0,"player_choice":"Fight","damage_taken":0,"max_hp_gain":0,"max_hp_loss":0,"event_name":"Mysterious Sphere","floor":37,"gold_loss":0},{"damage_healed":0,"gold_gain":0,"player_choice":"Memory 1","damage_taken":0,"max_hp_gain":0,"max_hp_loss":0,"event_name":"SensoryStone","floor":45,"gold_loss":0},{"damage_healed":19,"gold_gain":0,"player_choice":"Writhe","damage_taken":0,"max_hp_gain":0,"max_hp_loss":0,"event_name":"Winding Halls","floor":46,"gold_loss":0,"cards_obtained":["Writhe"]},{"damage_healed":0,"gold_gain":0,"player_choice":"Paid","damage_taken":0,"relics_obtained":["Red Mask"],"max_hp_gain":0,"max_hp_loss":0,"event_name":"Tomb of Lord Red Mask","floor":48,"gold_loss":13}],"is_beta":false,"boss_relics":[{"not_picked":["Velvet Choker","Cursed Key"],"picked":"Snecko Eye"},{"not_picked":["Pandora\u0027s Box","Sozu"],"picked":"SlaversCollar"}],"items_purged_floors":[],"is_endless":false,"potions_floor_spawned":[1,3,13,21,24,33,37,39,42],"ascension_level":0}}