{"host":"v7f6n6ea3j6on08h","time":1611480799,"event":{"mods":["AchievementEnabler","Aspiration","BaseMod","Duelist Mod","Friendly Minions","Hubris","Minty Spire (QoL Compilation)","Replay The Spire","StSLib"],"gold_per_floor":[145,158,158,233,251,280,205,205,205,267,280,280,280],"floor_reached":12,"language":"ENG","playtime":731,"items_purged":["theDuelist:CastleWalls"],"score":156,"play_id":"6a4eaeeb-a448-4258-88c2-169143fd63ce","local_time":"20210124043319","is_ascension_mode":true,"campfire_choices":[{"data":"theDuelist:SpellShatteringArrow","floor":8,"key":"SMITH"}],"circlet_count":0,"master_deck":["AscendersBane","theDuelist:DarkMagician","theDuelist:MysticalElf","theDuelist:MysticalElf","theDuelist:NeoMagic","theDuelist:NeoMagic","theDuelist:Sparks","theDuelist:Sparks","theDuelist:Sparks","theDuelist:MythicalBeast","theDuelist:SpellShatteringArrow+1","theDuelist:DoomShaman","theDuelist:VoidExpansion","theDuelist:ScrapFactory"],"relics":["theDuelist:MillenniumPuzzle","theDuelist:CardPoolRelic","theDuelist:CardPoolBasicRelic","theDuelist:BoosterPackPoolRelic","theDuelist:CardPoolAddRelic","theDuelist:CardPoolMinusRelic","theDuelist:CardPoolSaveRelic","theDuelist:CardPoolOptionsRelic","theDuelist:ZombieRelic","Mummified Hand"],"acts_visited":["Exordium"],"potions_floor_usage":[6],"damage_taken":[{"damage":0,"enemies":"Jaw Worm","floor":1,"turns":3},{"damage":0,"enemies":"2 Louse","floor":2,"turns":3},{"damage":0,"enemies":"Small Slimes","floor":5,"turns":3},{"damage":4,"enemies":"3 Sentries","floor":6,"turns":9},{"damage":32,"enemies":"Gremlin Nob","floor":10,"turns":6},{"damage":8,"enemies":"2 Fungi Beasts","floor":11,"turns":4},{"damage":17,"enemies":"Gremlin Nob","floor":12,"turns":3}],"seed_played":"2429002388040772859","potions_obtained":[{"floor":1,"key":"Strength Potion"},{"floor":11,"key":"SpeedPotion"}],"is_trial":false,"path_per_floor":["M","M","?","?","M","E","$","R","T","?","M","E"],"character_chosen":"THE_DUELIST","items_purchased":[],"campfire_rested":0,"item_purchase_floors":[],"current_hp_per_floor":[70,70,70,59,59,55,55,55,55,23,15,0,0],"gold":280,"neow_bonus":"TEN_PERCENT_HP_BONUS","is_daily":false,"chose_seed":false,"campfire_upgraded":1,"win_rate":0.0,"timestamp":1611480799,"path_taken":["M","M","?","?","M","E","$","R","T","?","M","E"],"items_purchased_type":[],"build_version":"2020-12-22","purchased_purges":1,"victory":false,"max_hp_per_floor":[77,77,77,77,77,77,77,77,77,77,77,77,77],"card_choices":[{"not_picked":["theDuelist:ExodiaRA","theDuelist:ExodiaLA","theDuelist:MagicalBlast","theDuelist:Wildfire"],"picked":"theDuelist:MythicalBeast","floor":1},{"not_picked":["theDuelist:DokiDoki","theDuelist:EarthquakeGiant","theDuelist:GemArmadillo","theDuelist:GemElephant","theDuelist:GiantSoldierSteel"],"picked":"SKIP","floor":2},{"not_picked":["theDuelist:BlizzardWarrior","theDuelist:SangaThunder","theDuelist:DarkMagician","theDuelist:InfernoFireBlast"],"picked":"theDuelist:SpellShatteringArrow","floor":5},{"not_picked":["theDuelist:ExodiaRA","theDuelist:WitchBlackRose","theDuelist:DarkMagician","theDuelist:AncientElf"],"picked":"theDuelist:DoomShaman","floor":6},{"not_picked":["theDuelist:MagiciansRod","theDuelist:TimeWizard","theDuelist:BadReaction","theDuelist:VoidVanishment"],"picked":"theDuelist:VoidExpansion","floor":10},{"not_picked":["theDuelist:LightningRodLord","theDuelist:FlameTiger","theDuelist:PotAvarice","theDuelist:DokiDoki"],"picked":"theDuelist:ScrapFactory","floor":11}],"player_experience":1073876,"relics_obtained":[{"floor":6,"key":"theDuelist:ZombieRelic"},{"floor":10,"key":"Mummified Hand"}],"event_choices":[{"cards_removed":["theDuelist:CastleWalls"],"damage_healed":0,"gold_gain":0,"player_choice":"Forget","damage_taken":0,"max_hp_gain":0,"max_hp_loss":0,"event_name":"Living Wall","floor":3,"gold_loss":0},{"damage_healed":0,"gold_gain":75,"player_choice":"Gather Gold","damage_taken":11,"max_hp_gain":0,"max_hp_loss":0,"event_name":"World of Goop","floor":4,"gold_loss":0},{"damage_healed":0,"gold_gain":0,"player_choice":"Searched \u00271\u0027 times","damage_taken":0,"max_hp_gain":0,"max_hp_loss":0,"event_name":"Dead Adventurer","floor":10,"gold_loss":0}],"is_beta":false,"boss_relics":[],"items_purged_floors":[7],"is_endless":false,"potions_floor_spawned":[1,11],"killed_by":"Gremlin Nob","ascension_level":20}}