{"host":"9viy3memdfgcf4vy","time":1611511829,"event":{"mods":["BaseMod","Colored Map","Downfall","Minty Spire (QoL Compilation)","StSLib"],"gold_per_floor":[99,119,129,129,139,171,194,216,228,274,13,13,25,35,54,151,151,51,61,61,115,65,116,184,198,37,37,88,88,118,169,228,325,325,225,319,319,369,468,468,518,536,536,553,564,564,26,43,60,60],"floor_reached":51,"language":"ENG","playtime":7382,"items_purged":["Slimebound:Tackle","Slimebound:Defend_Slimebound","Parasite"],"score":952,"play_id":"71dda2aa-a233-4db0-bb6b-caf08b7cb80a","local_time":"20210124201029","is_ascension_mode":true,"campfire_choices":[{"data":"Slimebound:Split","floor":1,"key":"SMITH"},{"data":"Slimebound:LevelUp","floor":9,"key":"SMITH"},{"floor":12,"key":"RECALL"},{"data":"Apotheosis","floor":18,"key":"SMITH"},{"floor":29,"key":"REST"},{"floor":35,"key":"REST"},{"floor":40,"key":"REST"}],"circlet_count":0,"master_deck":["Slimebound:Strike_Slimebound+1","Slimebound:Strike_Slimebound+1","Slimebound:Split+1","Slimebound:CorrosiveSpit","Slimebound:Schlurp","Slimebound:SplitBruiser+1","Slimebound:SplitLeeching","Slimebound:LevelUp+1","Slimebound:RallyTheTroops","Slimebound:SlimeBarrage","Apotheosis+1","Slimebound:MassRepurpose","Slimebound:SplitMire","Slimebound:HauntingLick","Slimebound:Overexert","Slimebound:GoopSpray+1","Slimebound:TongueLash+1","Slimebound:Prepare+1","Slimebound:MegaLick","Slimebound:FormOfPuddle","Slimebound:OozeBath","Slimebound:MegaLick+1","Slimebound:SlimeSpikes","Slimebound:Recycling+1","Slimebound:SplitMire+1","Slimebound:LevelUp+1","Slimebound:GrowthPunch","Slimebound:HauntingLick+1","expansioncontent:LastStand+1","Slimebound:LevelUp+1"],"relics":["Slimebound:AbsorbEndCombatUpgraded","Whetstone","MawBank","Orichalcum","downfall:HeartBlessingRed","downfall:KnowingSkull","Letter Opener","Blood Vial","Frozen Egg 2","Toy Ornithopter","Fusion Hammer","downfall:HeartBlessingGreen","Mercury Hourglass","HandDrill"],"acts_visited":["Exordium","TheCity","TheBeyond"],"potions_floor_usage":[6,16,16,23,26,26,30,42,50,50,50],"damage_taken":[{"damage":3,"enemies":"Jaw Worm","floor":2,"turns":4},{"damage":4,"enemies":"Cultist","floor":3,"turns":3},{"damage":5,"enemies":"2 Louse","floor":5,"turns":3},{"damage":9,"enemies":"Lagavulin","floor":6,"turns":6},{"damage":8,"enemies":"Blue Slaver","floor":8,"turns":3},{"damage":16,"enemies":"Gremlin Nob","floor":10,"turns":3},{"damage":2,"enemies":"downfall:FleeingMerchant","floor":11,"turns":4},{"damage":3,"enemies":"Large Slime","floor":13,"turns":4},{"damage":9,"enemies":"Gremlin Gang","floor":14,"turns":3},{"damage":12,"enemies":"3 Louse","floor":15,"turns":4},{"damage":12,"enemies":"IC_STATUS_ARCHETYPE","floor":16,"turns":6},{"damage":16,"enemies":"Shell Parasite","floor":19,"turns":4},{"damage":9,"enemies":"Chosen","floor":21,"turns":3},{"damage":15,"enemies":"downfall:FleeingMerchant","floor":22,"turns":4},{"damage":8,"enemies":"Centurion and Healer","floor":23,"turns":4},{"damage":7,"enemies":"Shelled Parasite and Fungi","floor":25,"turns":3},{"damage":6,"enemies":"downfall:FleeingMerchant","floor":26,"turns":3},{"damage":6,"enemies":"Snake Plant","floor":28,"turns":3},{"damage":35,"enemies":"Slavers","floor":30,"turns":4},{"damage":4,"enemies":"Cultist and Chosen","floor":31,"turns":6},{"damage":5,"enemies":"Snecko","floor":32,"turns":4},{"damage":70,"enemies":"SI_MIRROR_ARCHETYPE","floor":33,"turns":12},{"damage":20,"enemies":"3 Shapes","floor":36,"turns":4},{"damage":11,"enemies":"Orb Walker","floor":38,"turns":4},{"damage":21,"enemies":"Transient","floor":39,"turns":5},{"damage":4,"enemies":"Maw","floor":42,"turns":4},{"damage":8,"enemies":"Sphere and 2 Shapes","floor":44,"turns":3},{"damage":22,"enemies":"Writhing Mass","floor":45,"turns":5},{"damage":13,"enemies":"4 Shapes","floor":48,"turns":4},{"damage":27,"enemies":"Jaw Worm Horde","floor":49,"turns":4},{"damage":56,"enemies":"DF_ARCHETYPE_ORBS","floor":50,"turns":7}],"seed_played":"-4912195491471829895","potions_obtained":[{"floor":2,"key":"LiquidBronze"},{"floor":3,"key":"SkillPotion"},{"floor":13,"key":"Slimebound:SlimyTonguePotion"},{"floor":14,"key":"Slimebound:SpawnSlimePotion"},{"floor":15,"key":"AttackPotion"},{"floor":19,"key":"AttackPotion"},{"floor":21,"key":"Guardian:BlockOnCardUsePotion"},{"floor":23,"key":"DistilledChaos"},{"floor":25,"key":"Slimebound:SpawnSlimePotion"},{"floor":32,"key":"SteroidPotion"},{"floor":33,"key":"Dexterity Potion"},{"floor":39,"key":"Weak Potion"},{"floor":42,"key":"Fruit Juice"},{"floor":45,"key":"GamblersBrew"},{"floor":49,"key":"DuplicationPotion"}],"is_trial":false,"path_per_floor":["R","M","M","?","M","E","T","M","R","E","$","R","M","M","M","B",null,"R","M","?","M","$","M","T","M","$","$","M","R","E","M","M","B",null,"R","M","?","M","M","R","T","M","?","M","M","?","$","M","M","B",null],"character_chosen":"SLIMEBOUND","items_purchased":["Apotheosis","Slimebound:MassRepurpose","Blood Vial","Frozen Egg 2","Mercury Hourglass","HandDrill"],"campfire_rested":3,"item_purchase_floors":[11,11,26,26,47,47],"current_hp_per_floor":[56,59,59,59,58,57,57,53,53,43,47,47,50,41,29,23,64,64,60,54,51,48,46,46,42,45,45,44,67,46,53,56,3,59,77,63,63,60,50,73,73,82,82,80,72,72,72,67,51,27],"gold":60,"neow_bonus":"TWENTY_PERCENT_HP_BONUS","is_daily":false,"chose_seed":false,"campfire_upgraded":3,"win_rate":0.0,"timestamp":1611511829,"path_taken":["R","M","M","?","M","E","T","?","R","E","$","R","M","M","M","BOSS","R","M","?","M","$","?","T","M","?","$","M","R","E","M","M","BOSS","R","M","?","?","M","R","T","M","?","M","?","?","$","M","M","BOSS"],"items_purchased_type":["Card","Card","Relic","Relic","Relic","Relic"],"build_version":"2020-12-22","purchased_purges":3,"victory":true,"max_hp_per_floor":[77,77,77,77,77,77,77,77,77,77,77,77,77,77,77,77,77,77,77,77,77,77,77,77,77,77,77,77,77,77,77,77,77,77,77,77,77,77,77,77,77,82,82,82,82,82,79,79,79,79],"card_choices":[{"not_picked":["Slimebound:Chomp","Slimebound:SlimeTap"],"picked":"Slimebound:Schlurp","floor":2},{"not_picked":["Slimebound:Prepare","Slimebound:SamplingLick"],"picked":"Slimebound:SplitBruiser","floor":3},{"not_picked":["Slimebound:RollThrough","Slimebound:ComboTackle"],"picked":"Slimebound:SplitLeeching","floor":5},{"not_picked":["Slimebound:Dissolve","Slimebound:SamplingLick"],"picked":"Slimebound:LevelUp","floor":6},{"not_picked":["Slimebound:LeechingTouch","Slimebound:AcidTongue","Slimebound:SlimeBrawl"],"picked":"SKIP","floor":8},{"not_picked":["Slimebound:GoopSpray","Slimebound:SplitBruiser"],"picked":"Slimebound:RallyTheTroops","floor":10},{"not_picked":["Slimebound:FinishingTackle","Slimebound:PrepareCrush"],"picked":"Slimebound:SlimeBarrage","floor":11},{"not_picked":["Slimebound:GoopTackle","Slimebound:Prepare"],"picked":"Slimebound:SplitMire","floor":13},{"not_picked":["Slimebound:SplitAcid","Slimebound:LeechingTouch","Slimebound:RollThrough"],"picked":"SKIP","floor":14},{"not_picked":["Slimebound:RollThrough","Slimebound:SlimeSpikes"],"picked":"Slimebound:HauntingLick","floor":15},{"not_picked":["Slimebound:DouseInSlime","Slimebound:Teamwork"],"picked":"Slimebound:Overexert","floor":16},{"not_picked":["Slimebound:SplitLeeching","Slimebound:Recollect+1"],"picked":"Slimebound:GoopSpray+1","floor":19},{"not_picked":["Slimebound:Schlurp","Slimebound:HauntingLick"],"picked":"Slimebound:TongueLash+1","floor":21},{"not_picked":["Slimebound:FinishingTackle","Slimebound:Schlurp"],"picked":"Slimebound:Prepare+1","floor":22},{"not_picked":["Slimebound:TongueLash","Slimebound:ItLooksTasty+1"],"picked":"Slimebound:MegaLick","floor":23},{"not_picked":["Slimebound:SplitMire+1","Slimebound:Grow"],"picked":"Slimebound:FormOfPuddle","floor":25},{"not_picked":["Slimebound:FinishingTackle","Slimebound:LeechingTouch"],"picked":"Slimebound:OozeBath","floor":26},{"not_picked":["Slimebound:Repurpose","Slimebound:Replication","Slimebound:SplitAcid"],"picked":"SKIP","floor":28},{"not_picked":["Slimebound:SplitAcid","Slimebound:Chomp+1","Slimebound:GoopTackle"],"picked":"SKIP","floor":30},{"not_picked":["Slimebound:ItLooksTasty","Slimebound:Replication"],"picked":"Slimebound:MegaLick+1","floor":31},{"not_picked":["Slimebound:LeechEnergy","Slimebound:Repurpose+1"],"picked":"Slimebound:SlimeSpikes","floor":32},{"not_picked":["Slimebound:TagTeam","Slimebound:MassRepurpose"],"picked":"Slimebound:Recycling+1","floor":33},{"not_picked":["Slimebound:Equalize","Slimebound:Dissolve+1"],"picked":"Slimebound:SplitMire+1","floor":36},{"not_picked":["Slimebound:SplitAcid","Slimebound:SlimeBrawl+1"],"picked":"Slimebound:LevelUp+1","floor":38},{"not_picked":["Slimebound:SplitBruiser+1","Slimebound:ComboTackle","Slimebound:SlimeSpikes+1"],"picked":"SKIP","floor":39},{"not_picked":["Slimebound:SlimeSpikes+1","Slimebound:ProtectTheBoss+1","Slimebound:SlimeBrawl"],"picked":"SKIP","floor":42},{"not_picked":["Slimebound:SplitBruiser","Slimebound:Prepare+1"],"picked":"Slimebound:GrowthPunch","floor":44},{"not_picked":["Slimebound:AcidTongue+1","Slimebound:HungryTackle+1"],"picked":"Slimebound:HauntingLick+1","floor":45},{"not_picked":["expansioncontent:GuardianWhirl","expansioncontent:HyperBeam"],"picked":"expansioncontent:LastStand+1","floor":46},{"not_picked":["Slimebound:Prepare","Slimebound:Schlurp+1","Slimebound:RallyTheTroops"],"picked":"SKIP","floor":48},{"not_picked":["Slimebound:SplitLeeching+1","Slimebound:SplitMire+1"],"picked":"Slimebound:LevelUp+1","floor":49}],"player_experience":380307,"relics_obtained":[{"floor":6,"key":"Whetstone"},{"floor":7,"key":"MawBank"},{"floor":10,"key":"Orichalcum"},{"floor":24,"key":"Letter Opener"},{"floor":30,"key":"Toy Ornithopter"}],"event_choices":[{"cards_removed":["Slimebound:Defend_Slimebound"],"damage_healed":0,"gold_gain":0,"player_choice":"Offered Basic","damage_taken":0,"max_hp_gain":0,"max_hp_loss":0,"event_name":"Bonfire Elementals","floor":37,"gold_loss":0}],"is_beta":false,"boss_relics":[{"not_picked":["Velvet Choker","Pandora\u0027s Box"],"picked":"Slimebound:AbsorbEndCombatUpgraded"},{"not_picked":["bronze:MakeshiftBattery","SacredBark"],"picked":"Fusion Hammer"}],"items_purged_floors":[22,26,47],"is_endless":false,"potions_floor_spawned":[2,3,13,14,15,19,21,23,25,32,33,39,42,45,49],"ascension_level":9}}