{"host":"usrgk25etjl0nf5i","time":1611448562,"event":{"mods":["2.2 Compatiblity","BaseMod","Downfall","Hubris","Minty Spire (QoL Compilation)","StSLib","SuperFastMode"],"gold_per_floor":[360,13,28,28,45,77,77,103,103,103,103,134,152,169,169,247,247,263,263,280,195,51,51,78,78,78,109,68,68,68,79,79,152,152,163,163,173,101,101,135,135,135,135,42,55,80,107,117,117,117],"floor_reached":51,"language":"ENG","playtime":2156,"items_purged":[],"score":1286,"play_id":"c34982a9-6ce0-4267-b486-5ccab56ae4a1","local_time":"20210123163602","is_ascension_mode":true,"campfire_choices":[{"data":"Loop","floor":7,"key":"SMITH"},{"floor":11,"key":"REST"},{"floor":15,"key":"REST"},{"data":"Zap","floor":23,"key":"SMITH"},{"floor":25,"key":"REST"},{"floor":30,"key":"REST"},{"data":"Creative AI","floor":32,"key":"SMITH"},{"data":"Loop","floor":41,"key":"SMITH"},{"floor":49,"key":"REST"}],"circlet_count":0,"master_deck":["AscendersBane","Strike_B","Strike_B","Strike_B","Strike_B","Defend_B","Defend_B","Defend_B","Defend_B","Zap+1","Dualcast","Go for the Eyes","Loop+1","Leap","Storm","FTL","Conserve Battery","Loop+1","Ball Lightning","Turbo","Rainbow","Coolheaded","Creative AI+1","Capacitor","Double Energy","Reboot","Heatsinks+1","Capacitor+1","Heatsinks+1","Amplify+1","Hologram","Dark Shackles","Defragment+1","Storm+1","Rainbow","Bandage Up","Self Repair+1","Hologram+1","Conserve Battery","Conserve Battery+1"],"relics":["Cracked Core","Emotion Chip","hubris:Towel","Dead Branch","Guardian:GemstoneGun","Bottled Tornado","Guardian:PocketSentry","Inserter","DataDisk","hubris:TinFlute","Frozen Egg 2","hubris:DeckOfHolding","hubris:Reverence","sneckomod:SneckoTalon","Regal Pillow","Ginger","hubris:Zylophone","Pen Nib"],"acts_visited":["Exordium","TheCity","TheBeyond"],"potions_floor_usage":[6,6,8,40,50,50],"damage_taken":[{"damage":6,"enemies":"2 Louse","floor":1,"turns":3},{"damage":2,"enemies":"Small Slimes","floor":3,"turns":4},{"damage":7,"enemies":"Jaw Worm","floor":5,"turns":2},{"damage":11,"enemies":"Lagavulin","floor":6,"turns":8},{"damage":20,"enemies":"Gremlin Nob","floor":8,"turns":5},{"damage":1,"enemies":"3 Sentries","floor":12,"turns":3},{"damage":1,"enemies":"Looter","floor":13,"turns":2},{"damage":1,"enemies":"Blue Slaver","floor":14,"turns":2},{"damage":17,"enemies":"The Guardian","floor":16,"turns":9},{"damage":15,"enemies":"Shell Parasite","floor":18,"turns":4},{"damage":20,"enemies":"2 Thieves","floor":20,"turns":3},{"damage":10,"enemies":"Gremlin Leader","floor":24,"turns":4},{"damage":33,"enemies":"Slavers","floor":27,"turns":4},{"damage":0,"enemies":"Centurion and Healer","floor":31,"turns":7},{"damage":12,"enemies":"Champ","floor":33,"turns":6},{"damage":0,"enemies":"Orb Walker","floor":35,"turns":3},{"damage":8,"enemies":"3 Darklings","floor":37,"turns":4},{"damage":0,"enemies":"Reptomancer","floor":40,"turns":4},{"damage":5,"enemies":"4 Shapes","floor":45,"turns":2},{"damage":0,"enemies":"Mind Bloom Boss Battle","floor":46,"turns":4},{"damage":9,"enemies":"Giant Head","floor":47,"turns":5},{"damage":21,"enemies":"Spire Growth","floor":48,"turns":4},{"damage":41,"enemies":"Awakened One","floor":50,"turns":7}],"seed_played":"-4833600998385549569","potions_obtained":[{"floor":1,"key":"Weak Potion"},{"floor":3,"key":"AttackPotion"},{"floor":6,"key":"Block Potion"},{"floor":27,"key":"Ancient Potion"},{"floor":31,"key":"DuplicationPotion"},{"floor":40,"key":"Explosive Potion"}],"is_trial":false,"path_per_floor":["M","$","M","?","M","E","R","E","T","?","R","E","M","M","R","B",null,"M","?","M","?","$","R","E","R","T","E","$","?","R","M","R","B",null,"M","?","M","$","?","E","R","?","T","$","M","?","E","M","R","B",null],"character_chosen":"DEFECT","items_purchased":["Emotion Chip","Loop","Capacitor","Double Energy","Capacitor+1","Storm+1","Bandage Up"],"campfire_rested":5,"item_purchase_floors":[2,2,22,22,28,38,44],"current_hp_per_floor":[62,62,60,60,53,42,42,22,22,15,37,36,35,34,56,39,66,51,51,31,31,31,31,21,43,43,10,10,10,32,32,32,20,61,61,61,53,53,53,53,53,53,53,53,48,48,43,32,69,32],"gold":117,"neow_bonus":"TWO_FIFTY_GOLD","is_daily":false,"chose_seed":false,"campfire_upgraded":4,"win_rate":0.0,"timestamp":1611448562,"path_taken":["M","$","M","?","M","E","R","E","T","?","R","E","M","M","R","BOSS","M","?","M","?","?","R","E","R","T","E","$","?","R","M","R","BOSS","M","?","M","$","?","E","R","?","T","$","?","?","E","M","R","BOSS"],"items_purchased_type":["Relic","Card","Card","Card","Card","Card","Card"],"build_version":"2020-12-22","purchased_purges":0,"victory":true,"max_hp_per_floor":[75,75,75,75,75,75,75,75,75,75,75,75,75,75,75,75,75,75,75,75,75,75,75,75,75,75,75,75,75,75,75,75,75,75,75,75,75,75,75,75,75,75,75,75,75,75,75,75,75,75],"card_choices":[{"not_picked":["Scrape","Cold Snap"],"picked":"Go for the Eyes","floor":1},{"not_picked":["Cold Snap","Consume"],"picked":"Leap","floor":3},{"not_picked":["Steam","Compile Driver"],"picked":"Storm","floor":5},{"not_picked":["Gash","Skim"],"picked":"FTL","floor":6},{"not_picked":["Undo","Leap"],"picked":"Conserve Battery","floor":8},{"not_picked":["hubris:Ukulele","Consume"],"picked":"Loop","floor":12},{"not_picked":["Consume","Coolheaded"],"picked":"Ball Lightning","floor":13},{"not_picked":["Aggregate","hubris:PowerSurge"],"picked":"Turbo","floor":14},{"not_picked":["hubris:SpecializedCircuitry","Hyperbeam"],"picked":"Rainbow","floor":16},{"not_picked":["Reprogram","Streamline"],"picked":"Coolheaded","floor":18},{"not_picked":["Barrage","Storm"],"picked":"Creative AI","floor":20},{"not_picked":["Cold Snap","Streamline"],"picked":"Reboot","floor":24},{"not_picked":["Go for the Eyes","Stack"],"picked":"Heatsinks+1","floor":27},{"not_picked":["Sweeping Beam","Stack"],"picked":"Heatsinks+1","floor":31},{"not_picked":["Electrodynamics+1","hubris:SpecializedCircuitry+1"],"picked":"Amplify","floor":33},{"not_picked":["Redo","Undo"],"picked":"Hologram","floor":35},{"not_picked":["Discovery","Good Instincts"],"picked":"Dark Shackles","floor":36},{"not_picked":["Self Repair+1","Genetic Algorithm"],"picked":"Defragment+1","floor":37},{"not_picked":["Reprogram","Steam Power"],"picked":"Rainbow","floor":40},{"not_picked":["Tempest","Go for the Eyes"],"picked":"Self Repair+1","floor":45},{"not_picked":["Leap+1","Coolheaded"],"picked":"Hologram+1","floor":46},{"not_picked":["Redo","All For One"],"picked":"Conserve Battery","floor":47},{"not_picked":["Doom and Gloom+1","Ball Lightning"],"picked":"Conserve Battery+1","floor":48}],"player_experience":664785,"relics_obtained":[{"floor":6,"key":"Dead Branch"},{"floor":8,"key":"Guardian:GemstoneGun"},{"floor":9,"key":"Bottled Tornado"},{"floor":12,"key":"Guardian:PocketSentry"},{"floor":24,"key":"Frozen Egg 2"},{"floor":26,"key":"hubris:DeckOfHolding"},{"floor":27,"key":"hubris:Reverence"},{"floor":40,"key":"Regal Pillow"},{"floor":43,"key":"Ginger"},{"floor":46,"key":"hubris:Zylophone"},{"floor":47,"key":"Pen Nib"}],"event_choices":[{"cards_removed":["Normality"],"damage_healed":0,"gold_gain":0,"player_choice":"Card Removal","damage_taken":7,"max_hp_gain":0,"max_hp_loss":0,"event_name":"Golden Wing","floor":10,"gold_loss":0},{"damage_healed":0,"gold_gain":0,"player_choice":"Opened","damage_taken":0,"relics_obtained":["DataDisk"],"max_hp_gain":0,"max_hp_loss":0,"event_name":"The Mausoleum","floor":19,"gold_loss":0},{"damage_healed":0,"gold_gain":0,"player_choice":"Obtained Relic","damage_taken":0,"relics_obtained":["hubris:TinFlute"],"max_hp_gain":0,"max_hp_loss":0,"event_name":"Addict","floor":21,"gold_loss":85},{"damage_healed":0,"gold_gain":0,"player_choice":"Ignored","damage_taken":0,"max_hp_gain":0,"max_hp_loss":0,"event_name":"Ghosts","floor":29,"gold_loss":0},{"damage_healed":0,"gold_gain":0,"player_choice":"Memory 1","damage_taken":0,"max_hp_gain":0,"max_hp_loss":0,"event_name":"SensoryStone","floor":36,"gold_loss":0},{"damage_healed":0,"gold_gain":0,"player_choice":"Bought 0 Potions","damage_taken":0,"max_hp_gain":0,"max_hp_loss":0,"event_name":"The Woman in Blue","floor":42,"gold_loss":0},{"damage_healed":0,"gold_gain":0,"player_choice":"Fight","damage_taken":0,"max_hp_gain":0,"max_hp_loss":0,"event_name":"MindBloom","floor":46,"gold_loss":0}],"is_beta":false,"boss_relics":[{"not_picked":["SacredBark","Tiny House"],"picked":"Inserter"},{"not_picked":["Snecko Eye","hubris:VirtuousBlindfold"],"picked":"sneckomod:SneckoTalon"}],"items_purged_floors":[],"is_endless":false,"potions_floor_spawned":[1,3,6,27,31,33,40,45],"ascension_level":13}}