{"host":"ooe12lh8pgcirntb","time":1611462358,"event":{"mods":["AchievementEnabler","Act Like it!","BaseMod","Beaked The Cultist","ChefMod","Colored Map","Colored Powertips","Downfall","Minty Spire (QoL Compilation)","StSLib","The Animator","The Bug Knight","The Disciple","The Hierophant","The Problem Sleuth"],"gold_per_floor":[109,184,196,210,210,248,248,268,295,75,100,114,114,114,114,239,289,299,324,324,24,24,24,66,21,21,41,5,32,32,58,58,157,157,186,208,208,230,261,261,282,232,232,255,355,370,370,397,397,405],"floor_reached":51,"language":"ENG","playtime":6558,"items_purged":["animator:HighElfArcher"],"score":653,"play_id":"986d1eaf-a9b1-4413-8a4b-70e6005e4b39","local_time":"20210123232558","is_ascension_mode":false,"campfire_choices":[{"data":"animator:Spearman","floor":7,"key":"SMITH"},{"data":"animator:Sloth","floor":15,"key":"SMITH"},{"data":"animator:HighElfArcher","floor":23,"key":"SMITH"},{"floor":30,"key":"REST"},{"floor":32,"key":"REST"},{"data":"animator:ElricAlphonse","floor":40,"key":"SMITH"},{"floor":47,"key":"REST"},{"floor":49,"key":"REST"}],"circlet_count":0,"master_deck":["animator:Strike_GoblinSlayer+1","animator:Defend_GoblinSlayer+1","animator:Strike","animator:Strike+1","animator:Strike","animator:Defend+1","animator:Defend","animator:Defend","animator:LizardPriest","animator:DwarfShaman+1","animator:Aqua","animator:Sloth+1","animator:Spearman+1","animator:Kazuma","animator:GuildGirl+1","animator:Witch","animator:Mikaela","animator:SwordMaiden","animator:ElricEdward+1","animator:HighElfArcher+1","Necronomicurse","animator:CowGirl","animator:ElricAlphonse+1","animator:Mitsuba","animator:Kaijin","animator:Mitsurugi+1","animator:HighElfArcher+1"],"relics":["animator:VividPicture","animator:TheMissingPiece","NeowsBlessing","animator:EngravedStaff","Centennial Puzzle","Lee\u0027s Waffle","Tiny House","Whetstone","Smiling Mask","bronze:BronzeIdol","Guardian:PocketSentry","Necronomicon","hexamod:CandleOfCauterizing","Singing Bowl"],"acts_visited":["Exordium","TheCity","TheBeyond"],"potions_floor_usage":[6,24,33,33,33,44,48],"damage_taken":[{"damage":0,"enemies":"2 Louse","floor":1,"turns":1},{"damage":0,"enemies":"Cultist","floor":3,"turns":1},{"damage":0,"enemies":"Small Slimes","floor":4,"turns":1},{"damage":26,"enemies":"Lagavulin","floor":6,"turns":6},{"damage":1,"enemies":"Blue Slaver","floor":8,"turns":3},{"damage":3,"enemies":"Large Slime","floor":11,"turns":4},{"damage":7,"enemies":"Red Slaver","floor":12,"turns":4},{"damage":19,"enemies":"Slime Boss","floor":16,"turns":8},{"damage":22,"enemies":"2 Thieves","floor":18,"turns":4},{"damage":7,"enemies":"Shelled Parasite and Fungi","floor":24,"turns":4},{"damage":8,"enemies":"Centurion and Healer","floor":27,"turns":4},{"damage":4,"enemies":"Chosen and Byrds","floor":29,"turns":4},{"damage":4,"enemies":"3 Cultists","floor":31,"turns":5},{"damage":58,"enemies":"Collector","floor":33,"turns":11},{"damage":14,"enemies":"3 Darklings","floor":35,"turns":5},{"damage":2,"enemies":"Orb Walker","floor":36,"turns":4},{"damage":15,"enemies":"Jaw Worm Horde","floor":38,"turns":5},{"damage":0,"enemies":"4 Shapes","floor":39,"turns":8},{"damage":18,"enemies":"Sphere and 2 Shapes","floor":41,"turns":8},{"damage":17,"enemies":"Transient","floor":44,"turns":5},{"damage":4,"enemies":"Writhing Mass","floor":46,"turns":4},{"damage":33,"enemies":"3 Darklings","floor":48,"turns":5},{"damage":59,"enemies":"Donu and Deca","floor":50,"turns":10}],"seed_played":"-4959037346667288435","potions_obtained":[{"floor":1,"key":"PowerPotion"},{"floor":3,"key":"sneckomod:MuddlingPotion"},{"floor":11,"key":"SkillPotion"},{"floor":16,"key":"Block Potion"},{"floor":17,"key":"FearPotion"},{"floor":24,"key":"SneckoOil"},{"floor":27,"key":"SkillPotion"},{"floor":36,"key":"BlessingOfTheForge"},{"floor":38,"key":"PowerPotion"},{"floor":48,"key":"Dexterity Potion"}],"is_trial":false,"path_per_floor":["M","?","M","M","?","E","R","M","T","$","M","M","?","?","R","B",null,"M","T","?","$","?","R","M","$","T","M","$","M","R","M","R","B",null,"M","M","?","M","M","R","M","$","T","M","?","M","R","M","R","B",null],"character_chosen":"THE_ANIMATOR","items_purchased":["animator:GuildGirl","Lee\u0027s Waffle","bronze:BronzeIdol","Guardian:PocketSentry","animator:ElricAlphonse","animator:Kaijin"],"campfire_rested":4,"item_purchase_floors":[10,10,21,21,25,28],"current_hp_per_floor":[66,60,62,62,62,38,38,37,37,73,71,66,51,74,74,57,79,60,60,60,60,44,44,39,39,39,31,31,29,53,49,73,17,80,69,72,72,59,64,64,51,51,51,41,41,42,67,44,69,13],"gold":405,"neow_bonus":"THREE_ENEMY_KILL","is_daily":false,"chose_seed":false,"campfire_upgraded":4,"win_rate":0.0,"timestamp":1611462358,"path_taken":["M","?","M","?","?","E","R","M","T","$","M","M","?","?","R","BOSS","M","?","?","$","?","R","M","?","T","?","$","M","R","M","R","BOSS","M","?","?","M","M","R","M","$","T","?","?","M","R","M","R","BOSS"],"items_purchased_type":["Card","Relic","Relic","Relic","Card","Card"],"build_version":"2020-12-22","purchased_purges":1,"victory":true,"max_hp_per_floor":[66,66,66,66,66,66,66,66,66,73,74,74,74,74,74,74,79,80,80,80,80,80,80,80,80,80,80,80,80,80,80,80,80,80,80,80,80,80,80,80,80,80,80,82,82,84,84,86,86,86],"card_choices":[{"not_picked":["animator:YunYun","animator:Yoichi"],"picked":"animator:Aqua","floor":1},{"not_picked":["animator:Pride","animator:Evileye","animator:ChaikaBohdan"],"picked":"SKIP","floor":3},{"not_picked":["animator:Benimaru","animator:ElricAlphonse"],"picked":"animator:Sloth","floor":4},{"not_picked":["animator:LizardPriest","animator:GuildGirl"],"picked":"animator:Spearman","floor":6},{"not_picked":["animator:Shion","animator:Aqua"],"picked":"animator:Kazuma","floor":8},{"not_picked":["animator:Hakurou","animator:LizardPriest"],"picked":"animator:Witch","floor":11},{"not_picked":["animator:Guy","animator:Pride"],"picked":"animator:Mikaela","floor":12},{"not_picked":["animator:ChaikaTrabant","animator:Hans"],"picked":"animator:SwordMaiden","floor":16},{"not_picked":["animator:Hakurou","animator:Yoichi"],"picked":"animator:ElricEdward","floor":17},{"not_picked":["animator:Witch","animator:Spearman"],"picked":"animator:HighElfArcher","floor":18},{"not_picked":["animator:Shuna+1","animator:HighElfArcher"],"picked":"animator:CowGirl","floor":24},{"not_picked":["animator:NarberalGamma","animator:Shizu"],"picked":"animator:Mitsuba","floor":27},{"not_picked":["animator:Spearman","animator:GazelDwargon","animator:Millim+1"],"picked":"SKIP","floor":29},{"not_picked":["animator:Envy","animator:Albedo"],"picked":"animator:Eris","floor":33},{"not_picked":["animator:Verdia","animator:MaesHughes"],"picked":"animator:Mitsurugi+1","floor":35},{"not_picked":["animator:Souei","animator:Vanir","animator:Mikaela"],"picked":"SKIP","floor":36},{"not_picked":["animator:Cocytus","animator:Kaijin"],"picked":"animator:HighElfArcher","floor":38},{"not_picked":["animator:AcuraAkari+1","animator:LizardPriest+1"],"picked":"animator:HighElfArcher+1","floor":41},{"not_picked":["animator:Priestess","animator:CrowleyEusford","animator:GazelDwargon"],"picked":"Singing Bowl","floor":44},{"not_picked":["animator:Gillette","animator:Scar","animator:Millim"],"picked":"Singing Bowl","floor":46},{"not_picked":["animator:GuildGirl","animator:LizardPriest","animator:Priestess"],"picked":"Singing Bowl","floor":48}],"player_experience":684865,"relics_obtained":[{"floor":6,"key":"animator:EngravedStaff"},{"floor":9,"key":"Centennial Puzzle"},{"floor":19,"key":"Whetstone"},{"floor":22,"key":"Necronomicon"},{"floor":26,"key":"hexamod:CandleOfCauterizing"},{"floor":43,"key":"Singing Bowl"}],"event_choices":[{"damage_healed":0,"gold_gain":75,"player_choice":"Touch","damage_taken":6,"max_hp_gain":0,"max_hp_loss":0,"event_name":"FaceTrader","floor":2,"gold_loss":0},{"damage_healed":0,"gold_gain":0,"player_choice":"Grow","damage_taken":0,"max_hp_gain":0,"max_hp_loss":0,"event_name":"Living Wall","floor":5,"gold_loss":0,"cards_upgraded":["animator:DwarfShaman"]},{"damage_healed":0,"gold_gain":0,"player_choice":"Entered Light","damage_taken":15,"max_hp_gain":0,"max_hp_loss":0,"event_name":"Shining Light","floor":13,"gold_loss":0,"cards_upgraded":["animator:Defend_GoblinSlayer","animator:Strike"]},{"damage_healed":23,"gold_gain":0,"player_choice":"Full Heal","damage_taken":0,"max_hp_gain":0,"max_hp_loss":0,"event_name":"Wheel of Change","floor":14,"gold_loss":0},{"damage_healed":0,"gold_gain":0,"player_choice":"Opened","damage_taken":0,"relics_obtained":["Smiling Mask"],"max_hp_gain":0,"max_hp_loss":0,"event_name":"The Mausoleum","floor":20,"gold_loss":0},{"damage_healed":0,"gold_gain":0,"player_choice":"Obtained Book","damage_taken":16,"max_hp_gain":0,"max_hp_loss":0,"event_name":"Cursed Tome","floor":22,"gold_loss":0},{"damage_healed":0,"gold_gain":0,"player_choice":"Ignored","damage_taken":0,"max_hp_gain":0,"max_hp_loss":0,"event_name":"SecretPortal","floor":37,"gold_loss":0},{"damage_healed":0,"gold_gain":100,"player_choice":"Pray","damage_taken":0,"max_hp_gain":0,"max_hp_loss":0,"event_name":"Golden Shrine","floor":45,"gold_loss":0}],"is_beta":false,"boss_relics":[{"not_picked":["Fusion Hammer","Ectoplasm"],"picked":"Tiny House"},{"not_picked":["Empty Cage","Black Star"],"picked":"animator:VividPicture"}],"items_purged_floors":[42],"is_endless":false,"potions_floor_spawned":[1,3,11,16,24,27,31,36,38,48],"ascension_level":0}}