{"host":"xuwi0g0wfi2leo50","time":1611462864,"event":{"mods":["A Magickal Journey","Aspiration","BaseMod","Colored Map","Colored Powertips","Custom Start","DeckTracker","Downfall","Energized Spire","GifTheSpireLib","Highlight Path","Hubris","Infinite Spire","Lobotomy","Marisa????????","Minty Spire (QoL Compilation)","Quick Restart","Random Character Button","StSLib","SuperFastMode","Synergy Search","Td1madao Mod","The Cursed","The Jungle","The Runesmith","The Servant 0.9.4","vexMod"],"gold_per_floor":[99,99,99,99,199,213,213,231,231,263,163,183,183,66,78,183,183,183,197,197,207,307,326,379,379,397,397,414,1,1,30,50,147,147,147,158,208,220,289,303,327,337,348,348,359,359,412,431,448,448,448,448],"floor_reached":50,"language":"ENG","playtime":3325,"items_purged":["champ:Strike"],"score":566,"play_id":"c8cca88d-9cc0-41f7-a7a0-8453dfd8268b","local_time":"20210123223424","is_ascension_mode":false,"campfire_choices":[{"floor":1,"key":"RECALL"},{"data":"champ:RapidStrikes","floor":11,"key":"SMITH"},{"data":"champ:Strike","floor":18,"key":"PURGE"},{"data":"infinitespire:Collect","floor":25,"key":"SMITH"},{"data":"champ:FanOfKnives","floor":27,"key":"SMITH"},{"data":"expansioncontent:StudyTheSpire","floor":30,"key":"SMITH"},{"data":"expansioncontent:QuickStudy","floor":35,"key":"SMITH"},{"floor":44,"key":"REST"},{"data":"champ:HoldFirm","floor":46,"key":"SMITH"}],"circlet_count":0,"master_deck":["champ:Strike","champ:Strike","champ:Defend","champ:Defend","champ:Defend+1","champ:Defend","champ:Execute","champ:Taunt","champ:RecklessLeap+1","champ:RapidStrikes+1","champ:FanOfKnives+1","champ:Encircle","infinitespire:Menacing","champ:HoldFirm+1","infinitespire:Collect+1","expansioncontent:StudyTheSpire+1","infinitespire:Collect+1","hubris:DuctTapeCard","BottledTime+1","Parasite","Pod Fire"],"relics":["champ:ChampionCrownUpgraded","downfall:HeartsMalice","Toy Ornithopter","Peace Pipe","hubris:PeanutButter","downfall:HeartBlessingRed","SlaversCollar","PrismaticShard","champ:FightingForDummies","DollysMirror","Bronze Scales","Cauldron","Tiny House","hubris:DuctTape","Pen Nib"],"acts_visited":["Exordium","TheCity","TheBeyond"],"potions_floor_usage":[10,10,14,16,23,26,32,33,47,50,50,50,50,50],"damage_taken":[{"damage":0,"enemies":"2 Louse","floor":2,"turns":1},{"damage":0,"enemies":"Small Slimes","floor":4,"turns":1},{"damage":0,"enemies":"downfall:LadyInBlue","floor":5,"turns":1},{"damage":11,"enemies":"Cultist","floor":6,"turns":4},{"damage":38,"enemies":"3 Louse","floor":8,"turns":2},{"damage":78,"enemies":"3 Sentries","floor":10,"turns":4},{"damage":9,"enemies":"Blue Slaver","floor":12,"turns":3},{"damage":2,"enemies":"downfall:FleeingMerchant","floor":14,"turns":5},{"damage":2,"enemies":"Exordium Wildlife","floor":15,"turns":3},{"damage":86,"enemies":"DF_ARCHETYPE_STREAMLINE","floor":16,"turns":8},{"damage":2,"enemies":"3 Byrds","floor":19,"turns":5},{"damage":46,"enemies":"Sentry and Sphere","floor":21,"turns":8},{"damage":10,"enemies":"3 Cultists","floor":23,"turns":5},{"damage":46,"enemies":"Snecko","floor":26,"turns":4},{"damage":12,"enemies":"Snake Plant","floor":28,"turns":4},{"damage":6,"enemies":"downfall:FleeingMerchant","floor":29,"turns":5},{"damage":42,"enemies":"Gremlin Leader","floor":31,"turns":5},{"damage":15,"enemies":"3 Cultists","floor":32,"turns":5},{"damage":42,"enemies":"WA_ARCHETYPE_CALM","floor":33,"turns":6},{"damage":0,"enemies":"Orb Walker","floor":36,"turns":4},{"damage":18,"enemies":"3 Darklings","floor":38,"turns":3},{"damage":41,"enemies":"Maw","floor":40,"turns":8},{"damage":34,"enemies":"Writhing Mass","floor":42,"turns":9},{"damage":0,"enemies":"Jaw Worm Horde","floor":43,"turns":2},{"damage":7,"enemies":"4 Shapes","floor":45,"turns":3},{"damage":25,"enemies":"2 Orb Walkers","floor":47,"turns":4},{"damage":20,"enemies":"Writhing Mass","floor":48,"turns":9},{"damage":9,"enemies":"Sphere and 2 Shapes","floor":49,"turns":8},{"damage":111,"enemies":"IC_BLOCK_ARCHETYPE","floor":50,"turns":8}],"seed_played":"-500706507199692158","potions_obtained":[{"floor":5,"key":"Slimebound:ThreeZeroPotion"},{"floor":5,"key":"Slimebound:ThreeZeroPotion"},{"floor":5,"key":"ColorlessPotion"},{"floor":10,"key":"Fruit Juice"},{"floor":16,"key":"EssenceOfSteel"},{"floor":23,"key":"GamblersBrew"},{"floor":31,"key":"hexamod:SoulburnPotion"},{"floor":33,"key":"Fire Potion"},{"floor":37,"key":"Guardian:BlockOnCardUsePotion"},{"floor":37,"key":"Swift Potion"},{"floor":40,"key":"EntropicBrew"},{"floor":48,"key":"FearPotion"}],"is_trial":false,"path_per_floor":["R","M","?","M","?","M","T","M","?","E","R","M","?","$","M","B",null,"R","M","AVR","M","?","M","T","R","M","R","M","$","R","E","M","B",null,"R","M","AVR","M","?","M","T","M","M","R","M","R","?","M","M","B"],"character_chosen":"THE_CHAMP","items_purchased":["Fruit Juice","DollysMirror","expansioncontent:QuickStudy","Block Potion"],"campfire_rested":1,"item_purchase_floors":[14,29,29,29],"current_hp_per_floor":[90,90,90,90,90,89,89,86,86,87,87,88,66,84,92,56,100,100,100,100,59,59,64,64,64,73,73,81,85,85,93,93,100,100,100,100,105,87,87,71,71,62,62,93,91,91,76,76,67,0,0,0],"gold":448,"neow_bonus":"THREE_ENEMY_KILL","is_daily":false,"chose_seed":false,"campfire_upgraded":6,"win_rate":0.0,"timestamp":1611462864,"path_taken":["R","M","?","M","?","M","T","?","?","E","R","M","?","?","M","BOSS","R","M","AVR","M","?","M","T","R","M","R","M","$","R","E","M","BOSS","R","M","AVR","M","?","M","T","M","M","R","M","R","?","M","M","BOSS"],"items_purchased_type":["Potion","Relic","Card","Potion"],"build_version":"2020-12-22","purchased_purges":1,"victory":false,"max_hp_per_floor":[90,90,90,90,90,90,90,90,90,95,95,95,95,100,100,100,100,100,100,100,100,100,100,100,100,100,100,100,100,100,100,100,100,100,100,100,105,105,105,105,105,105,105,105,105,105,105,105,105,105,105,105],"card_choices":[{"not_picked":["champ:BringItOn","champ:FancyFootwork"],"picked":"champ:RecklessLeap","floor":2},{"not_picked":["champ:SetATrap","champ:TornadoPunch","champ:RisingSlash"],"picked":"SKIP","floor":4},{"not_picked":["champ:EndlessRage","champ:Haymaker"],"picked":"champ:RapidStrikes","floor":5},{"not_picked":["champ:EnGarde","champ:ShieldThrow"],"picked":"champ:FanOfKnives","floor":6},{"not_picked":["champ:Shatter","champ:StanceDance","champ:CalledShot"],"picked":"SKIP","floor":8},{"not_picked":["champ:FanOfKnives","champ:PreciseThrust"],"picked":"champ:Encircle","floor":10},{"not_picked":["champ:FanOfKnives","champ:RapidStrikes","champ:Haymaker"],"picked":"SKIP","floor":12},{"not_picked":["infinitespire:UltimateForm","infinitespire:TheBestDefense"],"picked":"infinitespire:Menacing","floor":13},{"not_picked":["champ:ArenaPreparation","champ:FanOfKnives","champ:SetATrap"],"picked":"SKIP","floor":14},{"not_picked":["champ:Lariat","champ:FanOfKnives","champ:AdrenalArmor"],"picked":"SKIP","floor":15},{"not_picked":["champ:DancingMaster","champ:Devastate"],"picked":"champ:HoldFirm","floor":16},{"not_picked":["champ:TornadoPunch","champ:StanceDance","champ:PreciseThrust"],"picked":"SKIP","floor":19},{"not_picked":["champ:BladeFlurry","Beak","Manipulate"],"picked":"SKIP","floor":21},{"not_picked":["Lockon","Guardian:SpikerProtocol+1","bronze:Overheat"],"picked":"SKIP","floor":23},{"not_picked":["Magicka:RuinCrusherCard","Magicka:PoisonCloudCard"],"picked":"Wingbeat+1","floor":26},{"not_picked":["Magicka:ConcentrateCard","bronze:BronzeArmor","DeceiveReality"],"picked":"SKIP","floor":28},{"not_picked":["Anger","sneckomod:UnknownClassGREEN"],"picked":"expansioncontent:StudyTheSpire","floor":29},{"not_picked":["Beam Cell+1","champ:RisingSlash","bronze:ItsAFeature"],"picked":"SKIP","floor":31},{"not_picked":["Beam Cell+1","champ:RisingSlash","bronze:ItsAFeature"],"picked":"SKIP","floor":31},{"not_picked":["hexamod:ThermalTransfer","TheCursedMod:TacticalStrike","ReachHeaven"],"picked":"SKIP","floor":32},{"not_picked":["Guardian:WalkerClaw+1","Wild Strike","TheCursedMod:AshesToAshes"],"picked":"SKIP","floor":36},{"not_picked":["Thunder Jump","Three Hit","Streamline+1"],"picked":"SKIP","floor":38},{"not_picked":["Finisher+1","champ:EnGarde","FTL+1"],"picked":"SKIP","floor":40},{"not_picked":["WindmillStrike","champ:FlashCut+1","champ:TornadoPunch+1"],"picked":"SKIP","floor":42},{"not_picked":["Combust","Pray+1"],"picked":"BottledTime+1","floor":43},{"not_picked":["Recycle+1","hubris:SlightOfHand","Reckless Charge"],"picked":"SKIP","floor":45},{"not_picked":["Runesmith:UnstableHammer+1","Consecrate"],"picked":"Pod Fire","floor":48},{"not_picked":["Slimebound:ComboTackle","Harmony+1","Compile Driver+1"],"picked":"SKIP","floor":49}],"player_experience":928773,"relics_obtained":[{"floor":5,"key":"Toy Ornithopter"},{"floor":7,"key":"Peace Pipe"},{"floor":10,"key":"hubris:PeanutButter"},{"floor":24,"key":"champ:FightingForDummies"},{"floor":31,"key":"Bronze Scales"},{"floor":39,"key":"hubris:DuctTape"},{"floor":41,"key":"Pen Nib"}],"event_choices":[{"damage_healed":0,"gold_gain":0,"player_choice":"Fight","damage_taken":0,"max_hp_gain":0,"max_hp_loss":0,"event_name":"Mysterious Sphere","floor":47,"gold_loss":0}],"is_beta":false,"boss_relics":[{"not_picked":["Calling Bell","aspiration:SilentSkillbook"],"picked":"SlaversCollar"},{"not_picked":["vexMod:EndlessSickness","hubris:TerracottaHorce"],"picked":"champ:ChampionCrownUpgraded"}],"items_purged_floors":[20],"is_endless":false,"potions_floor_spawned":[5,6,10,16,23,31,33,40,43,48,49],"killed_by":"IC_BLOCK_ARCHETYPE","ascension_level":0}}