{"host":"dwyzfvnzfcqffr30","time":1611499886,"event":{"mods":["2.2 Compatiblity","Act Like it!","Aspiration","BaseMod","Beaked The Cultist","Better Altar","Better Match","Better Note","Better Sensory Stone","Better Skull","Better Third Choice","Clockwork Mod","Colored Map","Colored Powertips","Conspire","Elementarium","GifTheSpireLib","Halation","Hermit","Hubris","Infinite Spire","Ironclad Rager","Jedi Mod","Menagerie","Mimic Mod","Minty Spire (QoL Compilation)","Permanent Neow","Random Character Button","Reliquary","Replay The Spire","Spicy Shops","Spikes Relics","StSLib","Stuff the Spire","The Construct","The Disciple","The Druid","The Marked","TheFirefly","Trackpad","Wandering Minibosses","vexMod"],"gold_per_floor":[124,23,23,41,63,63,97,97,97,97,97,144,166,196,249,275,275,410,410,477,533,533,533,54,107,142,176,176,216,216,258,331,380,380,525,525,572,637,717,717,797,797,892,972,1021,1142,1142,1142,1244,1387,1387,1401,1401],"floor_reached":52,"language":"ENG","playtime":5562,"items_purged":["Pain","hermit:Strike_Hermit+1"],"score":1024,"play_id":"69c50b15-a071-496f-be02-a9b60f7f4da5","local_time":"20210124065126","is_ascension_mode":true,"campfire_choices":[{"floor":6,"key":"RECALL"},{"data":"hermit:FlashPowder+1","floor":8,"key":"SMITH"},{"floor":17,"key":"REST"},{"floor":30,"key":"REST"},{"floor":34,"key":"REST"},{"floor":42,"key":"REST"},{"data":"StuffTheSpire:Vigor","floor":48,"key":"SMITH"},{"floor":51,"key":"REST"}],"circlet_count":0,"master_deck":["hermit:Strike_Hermit+1","hermit:Strike_Hermit+2","hermit:Strike_Hermit+1","hermit:Defend_Hermit+1","hermit:Defend_Hermit+1","hermit:Defend_Hermit+1","hermit:Defend_Hermit+1","hermit:Snapshot+1","hermit:Covet+1","hermit:Gambit+1","MasterReality+1","Apotheosis+1","hermit:TrackingShot+2","hermit:FlashPowder+2","hermit:NoHoldsBarred+1","hermit:Scavenge+1","hermit:Brawl+1","hermit:Headshot+1","hermit:Glare+1","hermit:Scavenge+1","hermit:GhostlyPresence+1","StuffTheSpire:Vigor+1","hermit:ItchyTrigger+1","hermit:FlashPowder+1","hermit:Deadeye+1","hermit:RoundhouseKick+1","hermit:Ricochet+1","hermit:Snipe+1","infinitespire:UltimateForm+1"],"relics":["hermit:Momento","Bottled Tornado","conspire:InfiniteJournal","SacredBark","infinitespire:EvilPickle","Quantum Egg","Frozen Egg 2","Molten Egg 2","Toxic Egg 2","trackpad:BottledTsunami","Whetstone","Painkiller Herb","StuffTheSpire:MayFlowers","ShockBauble","Potion Belt","Replay:WaspNest","vexMod:MemoryStick","Boot","SlaversCollar","trackpad:Compendium","reliquary:TatteredRug","Replay:Accelerometer","halation:PrussianBluePaint"],"acts_visited":["Menagerie:Menagerie","TheCity","TheBeyond"],"potions_floor_usage":[2,4,7,12,15,25,25,31,35,41,52,52],"damage_taken":[{"damage":10,"enemies":"Menagerie:WhisperingWraith","floor":1,"turns":3},{"damage":0,"enemies":"Menagerie:StygianBoar","floor":4,"turns":2},{"damage":0,"enemies":"Menagerie:MonstrousExperiment","floor":5,"turns":3},{"damage":0,"enemies":"Menagerie:MaskedSummoner","floor":7,"turns":7},{"damage":6,"enemies":"Menagerie:Hydra","floor":12,"turns":4},{"damage":1,"enemies":"Menagerie:EntropyWarlock","floor":13,"turns":3},{"damage":13,"enemies":"Menagerie:KEEPER_AND_YOUNG_SUNEATER","floor":14,"turns":4},{"damage":1,"enemies":"Menagerie:VoidReaper","floor":15,"turns":2},{"damage":1,"enemies":"Menagerie:3_RABBITS","floor":16,"turns":3},{"damage":10,"enemies":"Menagerie:AVATARS","floor":18,"turns":6},{"damage":10,"enemies":"3 Byrds","floor":20,"turns":5},{"damage":17,"enemies":"2 Thieves","floor":21,"turns":4},{"damage":0,"enemies":"Book of Stabbing","floor":25,"turns":5},{"damage":9,"enemies":"Shelled Parasite and Fungi","floor":26,"turns":4},{"damage":12,"enemies":"Replay:Snechameleon","floor":27,"turns":4},{"damage":0,"enemies":"3 Cultists","floor":29,"turns":3},{"damage":0,"enemies":"Snecko","floor":31,"turns":4},{"damage":0,"enemies":"Gremlin Leader","floor":32,"turns":5},{"damage":0,"enemies":"Centurion and Healer","floor":33,"turns":6},{"damage":11,"enemies":"hubris:MusketHawk","floor":35,"turns":7},{"damage":0,"enemies":"3 Shapes","floor":37,"turns":2},{"damage":0,"enemies":"Orb Walker","floor":38,"turns":5},{"damage":28,"enemies":"Writhing Mass","floor":39,"turns":6},{"damage":0,"enemies":"3 Darklings","floor":41,"turns":4},{"damage":0,"enemies":"Transient","floor":43,"turns":5},{"damage":23,"enemies":"Jaw Worm Horde","floor":44,"turns":4},{"damage":10,"enemies":"Giant Head","floor":46,"turns":7},{"damage":0,"enemies":"Writhing Mass","floor":49,"turns":7},{"damage":42,"enemies":"Reptomancer","floor":50,"turns":5},{"damage":56,"enemies":"Donu and Deca","floor":52,"turns":6}],"seed_played":"-8113474404615376357","potions_obtained":[{"floor":4,"key":"EntropicBrew"},{"floor":14,"key":"Energy Potion"},{"floor":15,"key":"FearPotion"},{"floor":18,"key":"Dexterity Potion"},{"floor":27,"key":"Reflective Coating"},{"floor":33,"key":"Elixir"},{"floor":38,"key":"jedi:wingpotion"},{"floor":39,"key":"Adrenaline Potion"},{"floor":50,"key":"jedi:StrikingPotion"}],"is_trial":false,"path_per_floor":["M","$","?","M","M","R","E","R","T","PTL","PTL","E","M","M","E","M","R","B",null,"?","?","?","?","T","E","?","E","T","?","T","?","E","?","T","B",null,"?","?","?","?","?","T","?","?","T","E","AVR","T","?","E","T","B"],"character_chosen":"HERMIT","items_purchased":["Fruit Juice","ShockBauble","Potion Belt"],"campfire_rested":5,"item_purchase_floors":[2,24,24],"current_hp_per_floor":[58,68,76,76,76,76,76,76,76,76,76,70,69,56,55,54,79,69,81,71,54,54,54,54,54,45,33,33,33,58,58,58,61,85,79,84,84,84,59,59,59,84,85,62,62,57,57,57,62,20,45,0,0],"gold":1401,"neow_bonus":"ONE_RANDOM_RARE_CARD","is_daily":false,"chose_seed":false,"campfire_upgraded":2,"win_rate":0.0,"timestamp":1611499886,"path_taken":["M","$","?","M","M","R","E","R","T","PTL","PTL","E","M","M","E","M","R","BOSS","?","?","?","?","T","E","?","E","T","?","T","?","E","?","T","BOSS","?","?","?","?","?","T","?","?","T","E","AVR","T","?","E","T","BOSS"],"items_purchased_type":["Potion","Relic","Relic"],"build_version":"2020-12-22","purchased_purges":2,"victory":false,"max_hp_per_floor":[75,85,85,85,85,85,85,85,85,85,85,85,85,85,85,85,85,85,85,85,85,85,85,85,85,85,85,85,85,85,85,85,85,85,85,85,85,85,85,85,85,85,85,85,85,85,85,85,85,85,85,85,85],"card_choices":[{"not_picked":["hermit:Midnight+1","hermit:Feint+1"],"picked":"hermit:TrackingShot+1","floor":1},{"not_picked":["hermit:BodyArmor+1","hermit:Coalescence+1"],"picked":"hermit:FlashPowder+1","floor":4},{"not_picked":["hermit:Feint+1","hermit:Vantage+1"],"picked":"hermit:NoHoldsBarred+1","floor":5},{"not_picked":["hermit:CursedWeapon+1","hermit:Showdown+1"],"picked":"hermit:Scavenge+1","floor":7},{"not_picked":["hermit:Manifest+1","hermit:HoleUp+1"],"picked":"hermit:Brawl+1","floor":12},{"not_picked":["hermit:Coalescence+1","hermit:CalledShot+1"],"picked":"hermit:Headshot+1","floor":13},{"not_picked":["hermit:HighCaliber+1","hermit:Desperado+1","hermit:TrackingShot+1"],"picked":"SKIP","floor":14},{"not_picked":["hermit:Manifest+1","hermit:WideOpen+1"],"picked":"hermit:Glare+1","floor":15},{"not_picked":["hermit:Combo+1","hermit:Desperado+1"],"picked":"hermit:Scavenge+1","floor":16},{"not_picked":["hermit:PistolWhip+1","hermit:Malice+1","hermit:Roulette+1"],"picked":"SKIP","floor":20},{"not_picked":["hermit:PistolWhip+1","hermit:Feint+1"],"picked":"hermit:GhostlyPresence+1","floor":21},{"not_picked":["hermit:FatalDesire+1","hermit:HoleUp+1"],"picked":"hermit:ItchyTrigger+1","floor":25},{"not_picked":["hermit:SprayPray+1","hermit:WideOpen+1","hermit:ItchyTrigger+1"],"picked":"SKIP","floor":26},{"not_picked":["hermit:HighCaliber+1","hermit:Malice+1"],"picked":"hermit:FlashPowder+1","floor":27},{"not_picked":["hermit:Manifest+1","hermit:Horror+1","hermit:Misfire+1"],"picked":"SKIP","floor":29},{"not_picked":["hermit:Headshot+1","hermit:Feint+1","hermit:ItchyTrigger+1"],"picked":"SKIP","floor":31},{"not_picked":["hermit:Virtue+1","hermit:Quickdraw+1"],"picked":"hermit:Deadeye+1","floor":32},{"not_picked":["hermit:GoldenBullet+1","hermit:CalledShot+1","hermit:Desperado+1"],"picked":"SKIP","floor":33},{"not_picked":["hermit:OverwhelmingPower+1","hermit:Magnum+1"],"picked":"hermit:RoundhouseKick+1","floor":35},{"not_picked":["hermit:Headshot+1","hermit:ShadowCloak+1","hermit:BodyArmor+1"],"picked":"SKIP","floor":37},{"not_picked":["hermit:HoleUp+1","hermit:Reprieve+1"],"picked":"hermit:Ricochet+1","floor":38},{"not_picked":["hermit:Feint+1","hermit:Cheat+1","hermit:FlashPowder+1"],"picked":"SKIP","floor":39},{"not_picked":["hermit:Quickdraw+1","hermit:Glare+1"],"picked":"hermit:Snipe+1","floor":41},{"not_picked":["hermit:Glare+1","hermit:FromBeyond+1","hermit:HoleUp+1"],"picked":"SKIP","floor":43},{"not_picked":["hermit:HoleUp+1","hermit:ShadowCloak+1","hermit:BodyArmor+1"],"picked":"SKIP","floor":44},{"not_picked":["hermit:Midnight+1","hermit:Purgatory+1","hermit:Combo+1"],"picked":"SKIP","floor":46},{"not_picked":["hermit:PistolWhip+1","hermit:CursedWeapon+1","hermit:SprayPray+1"],"picked":"SKIP","floor":49},{"not_picked":["hermit:CursedWeapon+1","hermit:TakeCover+1","hermit:Showdown+1"],"picked":"SKIP","floor":50}],"player_experience":2202553,"relics_obtained":[{"floor":12,"key":"trackpad:BottledTsunami"},{"floor":15,"key":"Whetstone"},{"floor":23,"key":"StuffTheSpire:MayFlowers"},{"floor":27,"key":"Replay:WaspNest"},{"floor":28,"key":"vexMod:MemoryStick"},{"floor":32,"key":"Boot"},{"floor":45,"key":"trackpad:Compendium"},{"floor":46,"key":"reliquary:TatteredRug"},{"floor":50,"key":"halation:PrussianBluePaint"}],"event_choices":[{"damage_healed":0,"gold_gain":0,"player_choice":"Simplicity","damage_taken":0,"max_hp_gain":0,"max_hp_loss":8,"event_name":"betterThird:BetterWriting","floor":0,"gold_loss":0},{"damage_healed":0,"gold_gain":0,"player_choice":"Relic","damage_taken":0,"max_hp_gain":0,"max_hp_loss":0,"event_name":"Wheel of Change","floor":23,"gold_loss":0}],"is_beta":false,"boss_relics":[{"not_picked":["Runic Dome","aspiration:RunicSpoon"],"picked":"Painkiller Herb"},{"not_picked":["Astrolabe","halation:SmartPhone"],"picked":"SlaversCollar"}],"items_purged_floors":[24,47],"is_endless":false,"potions_floor_spawned":[4,5,14,15,18,20,27,32,33,38,39,50],"killed_by":"Donu and Deca","ascension_level":7}}