{"host":"sum4dy402bbv9y4o","time":1611480219,"event":{"mods":["Aspiration","BaseMod","Conspire","Highlight Path","Minty Spire (QoL Compilation)","StSLib"],"gold_per_floor":[115,115,40,50,61,91,91,103,126,155,179,190,190,36,36,111,111,31,41,41,41],"floor_reached":20,"language":"ENG","playtime":827,"items_purged":["Defend_B","Defend_B"],"score":364,"play_id":"c1610ca5-6a7d-4ea3-8d37-47dfe5fc46d7","local_time":"20210124122339","is_ascension_mode":true,"campfire_choices":[{"data":"Gash","floor":7,"key":"SMITH"},{"data":"Gash","floor":15,"key":"SMITH"}],"circlet_count":0,"master_deck":["AscendersBane","Strike_B","Strike_B","Strike_B","Strike_B","Defend_B","Defend_B","Zap+1","Dualcast+1","Glacier","Gash+1","Gash+1","Cold Snap","BootSequence","Auto Shields","Creative AI","Sweeping Beam+1","aspiration:Polymerization"],"relics":["Cracked Core","aspiration:Nostalgia","Burning Blood","Blood Vial","Art of War","Tiny Chest","Black Star"],"acts_visited":["Exordium","TheCity"],"potions_floor_usage":[6,10,16,16,20],"damage_taken":[{"damage":5,"enemies":"2 Louse","floor":1,"turns":4},{"damage":2,"enemies":"Cultist","floor":4,"turns":4},{"damage":2,"enemies":"Jaw Worm","floor":5,"turns":3},{"damage":24,"enemies":"Gremlin Nob","floor":6,"turns":4},{"damage":4,"enemies":"3 Louse","floor":8,"turns":3},{"damage":5,"enemies":"3 Sentries","floor":10,"turns":7},{"damage":0,"enemies":"Red Slaver","floor":12,"turns":3},{"damage":7,"enemies":"The Guardian","floor":16,"turns":11},{"damage":23,"enemies":"2 Thieves","floor":18,"turns":4},{"damage":37,"enemies":"Spheric Guardian","floor":19,"turns":6},{"damage":22,"enemies":"Snake Plant","floor":20,"turns":4}],"seed_played":"2512228734976914856","potions_obtained":[{"floor":1,"key":"Explosive Potion"},{"floor":5,"key":"Strength Potion"},{"floor":10,"key":"Swift Potion"},{"floor":19,"key":"DuplicationPotion"}],"is_trial":false,"path_per_floor":["M","?","$","M","M","E","R","M","T","E","T","M","?","$","R","B",null,"M","M","M"],"character_chosen":"DEFECT","items_purchased":["FocusPotion"],"campfire_rested":0,"item_purchase_floors":[14],"current_hp_per_floor":[59,59,59,57,55,31,31,33,33,36,36,44,40,40,40,41,64,49,20,0,0],"gold":41,"neow_bonus":"UPGRADE_CARD","is_daily":false,"chose_seed":false,"campfire_upgraded":2,"win_rate":0.0,"timestamp":1611480219,"path_taken":["M","?","?","M","M","E","R","?","T","E","?","M","?","?","R","BOSS","M","M","M"],"items_purchased_type":["Potion"],"build_version":"2020-12-22","purchased_purges":2,"victory":false,"max_hp_per_floor":[71,71,71,71,71,71,71,71,71,71,71,71,71,71,71,71,71,71,71,71,71],"card_choices":[{"not_picked":["Blizzard","conspire:Rain"],"picked":"Glacier","floor":1},{"not_picked":["Coolheaded","Hello World"],"picked":"Gash","floor":4},{"not_picked":["Double Energy","aspiration:Polymerization"],"picked":"Gash","floor":5},{"not_picked":["Redo","White Noise"],"picked":"Cold Snap","floor":6},{"not_picked":["Steam","Leap","Redo"],"picked":"SKIP","floor":8},{"not_picked":["Darkness","Compile Driver"],"picked":"BootSequence","floor":10},{"not_picked":["Hologram","White Noise"],"picked":"Auto Shields","floor":12},{"not_picked":["Reboot","Amplify"],"picked":"Creative AI","floor":16},{"not_picked":["Glacier","Double Energy"],"picked":"Sweeping Beam+1","floor":18},{"not_picked":["Compile Driver","Leap"],"picked":"aspiration:Polymerization","floor":19}],"player_experience":2998205,"relics_obtained":[{"floor":6,"key":"aspiration:Nostalgia"},{"floor":9,"key":"Blood Vial"},{"floor":10,"key":"Art of War"},{"floor":11,"key":"Tiny Chest"}],"event_choices":[{"damage_healed":0,"gold_gain":0,"player_choice":"Upgraded","damage_taken":0,"max_hp_gain":0,"max_hp_loss":0,"event_name":"Upgrade Shrine","floor":2,"gold_loss":0,"cards_upgraded":["Zap"]},{"damage_healed":0,"gold_gain":0,"player_choice":"Leave","damage_taken":0,"max_hp_gain":0,"max_hp_loss":0,"event_name":"conspire:Investor","floor":13,"gold_loss":0}],"is_beta":false,"boss_relics":[{"not_picked":["aspiration:PoetsPen","SlaversCollar"],"picked":"Black Star"}],"items_purged_floors":[3,14],"is_endless":false,"potions_floor_spawned":[1,5,10,19],"killed_by":"Snake Plant","ascension_level":20}}