{"host":"6p0attdrtjqaih7v","time":1611476955,"event":{"mods":["2.2 Compatiblity","AchievementEnabler","Bard","BaseMod","Better Skull","Better Third Choice","Colored Powertips","Hermit","Highlight Path","Jorbs\u0027s Wanderer Trilogy","Key Reminder","Minty Spire (QoL Compilation)","Permanent Neow","Quick Restart","Random Character Button","Relic Stats","Replay The Spire","Robot Space Explorer","StSLib"],"gold_per_floor":[117,10,24,36,56,56,84,97,97,97,110,124,124,154,154,228,228,246,8,20,20,36,36,36,62,62,80,80,80,80,98,98,177,177,196,196,156,170,3,3,36,36,36,0,13,28,28,28,28,28],"floor_reached":51,"language":"ENG","playtime":2449,"items_purged":["RobotSpaceExplorer:Defend"],"score":1265,"play_id":"f7c0908d-e931-4aed-bebd-4a2a4699777f","local_time":"20210124032915","is_ascension_mode":true,"campfire_choices":[{"data":"RobotSpaceExplorer:Blaster","floor":6,"key":"SMITH"},{"data":"RobotSpaceExplorer:FreezingShield","floor":10,"key":"SMITH"},{"data":"RobotSpaceExplorer:MiniLasers","floor":13,"key":"SMITH"},{"data":"Deep Breath","floor":15,"key":"SMITH"},{"floor":23,"key":"REST"},{"floor":29,"key":"REST"},{"floor":30,"key":"REST"},{"data":"RobotSpaceExplorer:Strike","floor":32,"key":"PURGE"},{"data":"RobotSpaceExplorer:Defend","floor":40,"key":"PURGE"},{"data":"RobotSpaceExplorer:Strike","floor":42,"key":"PURGE"},{"floor":47,"key":"REST"},{"data":"Shame","floor":49,"key":"PURGE"}],"circlet_count":0,"master_deck":["AscendersBane","RobotSpaceExplorer:Strike","RobotSpaceExplorer:Strike","RobotSpaceExplorer:Defend","RobotSpaceExplorer:Defend","RobotSpaceExplorer:Scan","RobotSpaceExplorer:MiniLasers+1","RobotSpaceExplorer:Blaster+1","RobotSpaceExplorer:FreezingShield+1","Deep Breath+1","RobotSpaceExplorer:MetalStrike","RobotSpaceExplorer:SlimeMissile","RobotSpaceExplorer:MetalStrike","RobotSpaceExplorer:ShovelStrike","RobotSpaceExplorer:JunkDive","RobotSpaceExplorer:ScrapShield","RobotSpaceExplorer:MiniDrones","RobotSpaceExplorer:Accelerator+1","RobotSpaceExplorer:ImprovisedAttack+1","RobotSpaceExplorer:IronShell","RobotSpaceExplorer:ScrapShield","RobotSpaceExplorer:DoubleBlock+1","RobotSpaceExplorer:PowerGlove","RobotSpaceExplorer:MiniDrones+1","RobotSpaceExplorer:TrailblazerForm+1","RobotSpaceExplorer:ScrapShield+1","RobotSpaceExplorer:Smokescreen+1","RobotSpaceExplorer:PlasmaMissile+1","RobotSpaceExplorer:FreezingShield+1"],"relics":["RobotSpaceExplorer:RoboCore","Bronze Scales","Peace Pipe","StrikeDummy","Fusion Hammer","WingedGreaves","Toxic Egg 2","Cursed Key","Guide Book","Toy Ornithopter","Sundial","Red Mask"],"acts_visited":["Exordium","TheCity","TheBeyond"],"potions_floor_usage":[7,12,16,22,31,35,38,46],"damage_taken":[{"damage":0,"enemies":"Cultist","floor":1,"turns":3},{"damage":0,"enemies":"Jaw Worm","floor":3,"turns":6},{"damage":0,"enemies":"2 Louse","floor":4,"turns":3},{"damage":0,"enemies":"2 Fungi Beasts","floor":5,"turns":2},{"damage":14,"enemies":"Replay:BlueRogue","floor":7,"turns":7},{"damage":9,"enemies":"3 Louse","floor":8,"turns":2},{"damage":4,"enemies":"Exordium Wildlife","floor":11,"turns":5},{"damage":6,"enemies":"Lots of Slimes","floor":12,"turns":6},{"damage":16,"enemies":"Lagavulin","floor":14,"turns":6},{"damage":13,"enemies":"The Guardian","floor":16,"turns":13},{"damage":4,"enemies":"Shell Parasite","floor":18,"turns":6},{"damage":10,"enemies":"2 Thieves","floor":20,"turns":4},{"damage":0,"enemies":"Chosen and Byrds","floor":22,"turns":5},{"damage":23,"enemies":"Slavers","floor":25,"turns":5},{"damage":8,"enemies":"Snake Plant","floor":27,"turns":4},{"damage":0,"enemies":"Snecko","floor":31,"turns":4},{"damage":25,"enemies":"Collector","floor":33,"turns":13},{"damage":1,"enemies":"3 Darklings","floor":35,"turns":5},{"damage":9,"enemies":"3 Shapes","floor":38,"turns":5},{"damage":5,"enemies":"Reptomancer","floor":41,"turns":9},{"damage":35,"enemies":"Spire Growth","floor":45,"turns":7},{"damage":2,"enemies":"Writhing Mass","floor":46,"turns":5},{"damage":10,"enemies":"Donu and Deca","floor":50,"turns":16}],"seed_played":"2153332485402955328","potions_obtained":[{"floor":4,"key":"Energy Potion"},{"floor":11,"key":"Regen Potion"},{"floor":12,"key":"Dexterity Potion"},{"floor":16,"key":"RobotSpaceExplorer:PlasmaFlask"},{"floor":18,"key":"Elixir"},{"floor":33,"key":"Swift Potion"},{"floor":37,"key":"PowerPotion"},{"floor":37,"key":"RobotSpaceExplorer:PlasmaFlask"},{"floor":41,"key":"EssenceOfSteel"}],"is_trial":false,"path_per_floor":["M","$","M","M","M","R","E","M","T","R","M","M","R","E","R","B",null,"M","$","M","?","M","R","?","E","T","M","?","R","R","M","R","B",null,"M","?","?","M","$","R","E","R","T","?","M","M","R","?","R","B",null],"character_chosen":"RobotSpaceExplorer","items_purchased":["Deep Breath","RobotSpaceExplorer:IronShell","RobotSpaceExplorer:ScrapShield","Guide Book"],"campfire_rested":4,"item_purchase_floors":[2,19,19,39],"current_hp_per_floor":[64,64,64,64,64,64,50,41,41,41,37,46,46,30,30,17,58,54,54,44,44,44,65,45,22,22,14,14,36,58,58,58,33,65,64,64,64,55,55,55,50,50,50,50,15,18,39,39,39,29],"gold":28,"neow_bonus":"ONE_RANDOM_RARE_CARD","is_daily":false,"chose_seed":false,"campfire_upgraded":4,"win_rate":0.0,"timestamp":1611476955,"path_taken":["M","?","M","?","M","R","E","M","T","R","M","M","R","E","R","BOSS","M","?","M","?","M","R","?","E","T","M","?","R","R","M","R","BOSS","M","?","?","?","$","R","E","R","T","?","M","M","R","?","R","BOSS"],"items_purchased_type":["Card","Card","Card","Relic"],"build_version":"2020-12-22","purchased_purges":1,"victory":true,"max_hp_per_floor":[71,71,71,71,71,71,71,71,71,71,71,71,71,71,71,71,71,71,71,71,71,71,71,76,76,76,76,76,76,76,76,76,76,76,76,72,72,72,72,72,72,72,72,72,72,72,72,72,72,72],"relic_stats":{"Peace Pipe":4,"counters":[23,141],"Sundial":[20],"Bronze Scales":[369],"Cursed Key":1,"obtain_stats":[{"Peace Pipe":9,"Sundial":43,"Bronze Scales":7,"Guide Book":39,"RobotSpaceExplorer:RoboCore":0,"Fusion Hammer":17,"WingedGreaves":25,"Red Mask":44,"Toxic Egg 2":26,"StrikeDummy":14,"Cursed Key":34,"Toy Ornithopter":41},{"Peace Pipe":6,"Sundial":20,"Bronze Scales":5,"Guide Book":19,"RobotSpaceExplorer:RoboCore":0,"Fusion Hammer":10,"WingedGreaves":14,"Red Mask":20,"Toxic Egg 2":14,"StrikeDummy":9,"Cursed Key":17,"Toy Ornithopter":20},{"Peace Pipe":23,"Sundial":113,"Bronze Scales":21,"Guide Book":104,"RobotSpaceExplorer:RoboCore":0,"Fusion Hammer":53,"WingedGreaves":73,"Red Mask":113,"Toxic Egg 2":73,"StrikeDummy":40,"Cursed Key":94,"Toy Ornithopter":113}],"Toy Ornithopter":5},"card_choices":[{"not_picked":["RobotSpaceExplorer:MiniDrones","RobotSpaceExplorer:Discharger"],"picked":"RobotSpaceExplorer:FreezingShield","floor":1},{"not_picked":["RobotSpaceExplorer:SurgingShield","RobotSpaceExplorer:Counterblock"],"picked":"RobotSpaceExplorer:MetalStrike","floor":3},{"not_picked":["RobotSpaceExplorer:Counterblock","RobotSpaceExplorer:Calculate"],"picked":"RobotSpaceExplorer:SlimeMissile","floor":4},{"not_picked":["RobotSpaceExplorer:ShovelStrike","RobotSpaceExplorer:Probe"],"picked":"RobotSpaceExplorer:MetalStrike","floor":5},{"not_picked":["RobotSpaceExplorer:Accelerator","RobotSpaceExplorer:GlueShot"],"picked":"RobotSpaceExplorer:ShovelStrike","floor":7},{"not_picked":["RobotSpaceExplorer:MiniBoosters","RobotSpaceExplorer:ShockKick"],"picked":"RobotSpaceExplorer:JunkDive","floor":8},{"not_picked":["RobotSpaceExplorer:Pulsar","RobotSpaceExplorer:SwiftStep","RobotSpaceExplorer:MiniDrones"],"picked":"SKIP","floor":11},{"not_picked":["RobotSpaceExplorer:PowerGlove","RobotSpaceExplorer:StunGrenade"],"picked":"RobotSpaceExplorer:ScrapShield","floor":12},{"not_picked":["RobotSpaceExplorer:StunGrenade","RobotSpaceExplorer:Ammunition"],"picked":"RobotSpaceExplorer:MiniDrones","floor":14},{"not_picked":["RobotSpaceExplorer:Blaster","RobotSpaceExplorer:Asteroid"],"picked":"RobotSpaceExplorer:Accelerator","floor":16},{"not_picked":["RobotSpaceExplorer:FranticSearch","RobotSpaceExplorer:SurgingShield"],"picked":"RobotSpaceExplorer:ImprovisedAttack+1","floor":18},{"not_picked":["RobotSpaceExplorer:FreezingShield","RobotSpaceExplorer:Electroshield"],"picked":"RobotSpaceExplorer:DoubleBlock+1","floor":20},{"not_picked":["RobotSpaceExplorer:FrostMissile+1","RobotSpaceExplorer:MetalStrike"],"picked":"RobotSpaceExplorer:PowerGlove","floor":22},{"not_picked":["RobotSpaceExplorer:Calculate","RobotSpaceExplorer:Comet","RobotSpaceExplorer:FrostMissile"],"picked":"SKIP","floor":25},{"not_picked":["RobotSpaceExplorer:StunGrenade","RobotSpaceExplorer:PlasmaMissile"],"picked":"RobotSpaceExplorer:MiniDrones+1","floor":27},{"not_picked":["RobotSpaceExplorer:SurgingShield+1","RobotSpaceExplorer:Discharger","RobotSpaceExplorer:BigMissile+1"],"picked":"SKIP","floor":31},{"not_picked":["RobotSpaceExplorer:Explosion","RobotSpaceExplorer:Exploration+1"],"picked":"RobotSpaceExplorer:TrailblazerForm","floor":33},{"not_picked":["RobotSpaceExplorer:ShovelStrike","RobotSpaceExplorer:SelfCleaning+1"],"picked":"RobotSpaceExplorer:ScrapShield+1","floor":35},{"not_picked":["RobotSpaceExplorer:MetalStrike","RobotSpaceExplorer:TurboDodge+1"],"picked":"RobotSpaceExplorer:Smokescreen+1","floor":38},{"not_picked":["RobotSpaceExplorer:Pulsar+1","RobotSpaceExplorer:GearShield+1"],"picked":"RobotSpaceExplorer:PlasmaMissile+1","floor":41},{"not_picked":["RobotSpaceExplorer:Discharger","RobotSpaceExplorer:Ammunition+1","RobotSpaceExplorer:ShockKick+1"],"picked":"SKIP","floor":45},{"not_picked":["RobotSpaceExplorer:StarDust+1","RobotSpaceExplorer:SwiftStep+1"],"picked":"RobotSpaceExplorer:FreezingShield+1","floor":46}],"player_experience":937388,"relics_obtained":[{"floor":7,"key":"Bronze Scales"},{"floor":9,"key":"Peace Pipe"},{"floor":14,"key":"StrikeDummy"},{"floor":25,"key":"WingedGreaves"},{"floor":26,"key":"Toxic Egg 2"},{"floor":41,"key":"Toy Ornithopter"},{"floor":43,"key":"Sundial"}],"event_choices":[{"damage_healed":0,"gold_gain":0,"player_choice":"Shed Blood","damage_taken":25,"max_hp_gain":5,"max_hp_loss":0,"event_name":"Forgotten Altar","floor":24,"gold_loss":0},{"damage_healed":0,"gold_gain":0,"player_choice":"Ignored","damage_taken":0,"max_hp_gain":0,"max_hp_loss":0,"event_name":"The Mausoleum","floor":28,"gold_loss":0},{"damage_healed":0,"gold_gain":0,"player_choice":"Max HP","damage_taken":0,"max_hp_gain":0,"max_hp_loss":4,"event_name":"Winding Halls","floor":36,"gold_loss":0},{"damage_healed":0,"gold_gain":0,"player_choice":"Bought 3 Potions","damage_taken":0,"max_hp_gain":0,"max_hp_loss":0,"event_name":"The Woman in Blue","floor":37,"gold_loss":0},{"damage_healed":0,"gold_gain":0,"player_choice":"Paid","damage_taken":0,"relics_obtained":["Red Mask"],"max_hp_gain":0,"max_hp_loss":0,"event_name":"Tomb of Lord Red Mask","floor":44,"gold_loss":36},{"damage_healed":0,"gold_gain":0,"player_choice":"Ignored","damage_taken":0,"max_hp_gain":0,"max_hp_loss":0,"event_name":"Transmorgrifier","floor":48,"gold_loss":0}],"is_beta":false,"boss_relics":[{"not_picked":["Replay:Drink Me","Velvet Choker"],"picked":"Fusion Hammer"},{"not_picked":["Replay:Ancient Bell","Coffee Dripper"],"picked":"Cursed Key"}],"items_purged_floors":[19],"is_endless":false,"potions_floor_spawned":[4,11,12,16,18,33,41],"ascension_level":17}}