{"host":"ydg0vn0pu4pubmdt","time":1611486079,"event":{"mods":["AchievementEnabler","BaseMod","Colored Map","Gold Saver","Minty Spire (QoL Compilation)","Quick Restart","SuperFastMode"],"gold_per_floor":[696,401,401,149,165,165,196,196,219,152,167,181,9,34,34,132,132,146,116,142,161,21,61,92,104,168,215,242,254,281,293,305,411,423,456,528,565,312,312,355,355,380,406,437,437,237,237,260,260,260],"floor_reached":51,"language":"KOR","playtime":1620,"items_purged":["Strike_B","Defend_B","Strike_B","Stack","Self Repair"],"score":1372,"play_id":"5cdef466-7954-4ab3-b40d-a7e55979e770","local_time":"20210124200119","is_ascension_mode":true,"campfire_choices":[{"floor":6.0,"key":"REST"},{"data":"Defragment","floor":8.0,"key":"SMITH"},{"floor":15.0,"key":"REST"},{"floor":25.0,"key":"REST"},{"data":"Turbo","floor":29.0,"key":"SMITH"},{"data":"Fission","floor":32.0,"key":"SMITH"},{"floor":41,"key":"REST"},{"data":"Dualcast","floor":45,"key":"SMITH"},{"data":"Amplify","floor":47,"key":"SMITH"},{"data":"Creative AI","floor":49,"key":"SMITH"}],"circlet_count":0,"master_deck":["AscendersBane","Dualcast+1","Creative AI+1","BootSequence","Storm","Amplify+1","Force Field","Auto Shields+1","Heatsinks","Defragment+1","Coolheaded","Defragment","Leap","Heatsinks","Fission+1","Turbo+1","Streamline","Double Energy","Leap+1","Turbo+1","Electrodynamics","Machine Learning","Lockon+1","Consume+1","Static Discharge+1","Force Field","Capacitor","Core Surge","Auto Shields","Storm","Compile Driver+1","Static Discharge"],"relics":["Cracked Core","DataDisk","Golden Idol","Orrery","Matryoshka","Eternal Feather","Tiny Chest","InkBottle","Membership Card","Inserter","Vajra","Happy Flower","ClockworkSouvenir","MawBank","Lantern","Ancient Tea Set","Astrolabe","Lizard Tail","War Paint","Centennial Puzzle","Regal Pillow","Girya","Toy Ornithopter","Bag of Preparation"],"acts_visited":["Exordium","TheCity","TheBeyond"],"potions_floor_usage":[40,42],"damage_taken":[{"damage":8.0,"enemies":"2 Louse","floor":1.0,"turns":3.0},{"damage":0.0,"enemies":"Jaw Worm","floor":5.0,"turns":3.0},{"damage":23.0,"enemies":"Gremlin Nob","floor":7.0,"turns":4.0},{"damage":6.0,"enemies":"Cultist","floor":11.0,"turns":3.0},{"damage":6.0,"enemies":"Looter","floor":12.0,"turns":4.0},{"damage":19.0,"enemies":"Gremlin Gang","floor":14.0,"turns":5.0},{"damage":39.0,"enemies":"Slime Boss","floor":16.0,"turns":8.0},{"damage":16.0,"enemies":"3 Byrds","floor":18.0,"turns":5.0},{"damage":14.0,"enemies":"Shell Parasite","floor":21.0,"turns":4.0},{"damage":30.0,"enemies":"Slavers","floor":23.0,"turns":5.0},{"damage":8.0,"enemies":"Snake Plant","floor":24.0,"turns":5.0},{"damage":18.0,"enemies":"Book of Stabbing","floor":27.0,"turns":6.0},{"damage":23.0,"enemies":"Centurion and Healer","floor":28.0,"turns":6.0},{"damage":12.0,"enemies":"3 Cultists","floor":30.0,"turns":6.0},{"damage":0.0,"enemies":"Champ","floor":33.0,"turns":7.0},{"damage":19.0,"enemies":"3 Darklings","floor":35.0,"turns":3.0},{"damage":37.0,"enemies":"2 Orb Walkers","floor":36.0,"turns":4.0},{"damage":0.0,"enemies":"3 Shapes","floor":37.0,"turns":4.0},{"damage":50,"enemies":"Nemesis","floor":40,"turns":7},{"damage":26,"enemies":"Sphere and 2 Shapes","floor":42,"turns":4},{"damage":1,"enemies":"Giant Head","floor":44,"turns":4},{"damage":7,"enemies":"Donu and Deca","floor":50,"turns":3}],"seed_played":"-5688805568359244229","potions_obtained":[{"floor":1.0,"key":"FearPotion"},{"floor":11.0,"key":"CultistPotion"},{"floor":19.0,"key":"Ancient Potion"},{"floor":19.0,"key":"DistilledChaos"},{"floor":23.0,"key":"SpeedPotion"},{"floor":27.0,"key":"Swift Potion"},{"floor":28.0,"key":"EssenceOfDarkness"},{"floor":33.0,"key":"Fire Potion"},{"floor":40,"key":"AttackPotion"},{"floor":42,"key":"Weak Potion"}],"is_trial":false,"path_per_floor":["M","$","?","$","M","R","E","R","T","?","M","M","$","M","R","B",null,"M","?","T","M","$","E","M","R","T","E","M","R","M","?","R","B",null,"M","?","M","$","?","E","R","M","T","E","R","$","R","T","R","B",null],"character_chosen":"DEFECT","items_purchased":["DataDisk","Self Repair","Orrery","Membership Card","Leap","ClockworkSouvenir","Capacitor","Core Surge","War Paint","Toy Ornithopter","Static Discharge"],"campfire_rested":4,"item_purchase_floors":[2,2,4,13,13,22,38,38,38,46,46],"current_hp_per_floor":[38,38,14,14,28,49,33,33,33,33,41,42,42,30,63,38,63,47,47,47,47,47,24,23,59,59,55,39,54,49,49,64,71,71,59,29,36,36,36,31,70,51,51,57,71,71,71,71,71,64],"gold":260,"neow_bonus":"TRANSFORM_TWO_CARDS","is_daily":false,"chose_seed":false,"campfire_upgraded":6,"win_rate":0.0,"timestamp":1611486079,"path_taken":["M","$","?","?","M","R","E","R","T","?","M","?","$","M","R","BOSS","M","?","?","M","$","E","M","R","T","E","M","R","M","?","R","BOSS","M","?","M","$","?","E","R","M","T","E","R","$","R","?","R","BOSS"],"items_purchased_type":["Relic","Card","Relic","Relic","Card","Relic","Card","Card","Relic","Relic","Card"],"build_version":"2020-12-22","purchased_purges":5,"victory":true,"max_hp_per_floor":[71,71,71,71,71,71,71,71,71,71,71,71,71,71,71,71,71,71,71,71,71,71,71,71,71,71,71,71,71,71,71,71,71,71,71,71,71,71,71,71,71,71,71,71,71,71,71,71,71,71],"card_choices":[{"not_picked":["Steam","Sweeping Beam"],"picked":"BootSequence","floor":1.0},{"not_picked":["Gash","Sweeping Beam"],"picked":"Storm","floor":4.0},{"not_picked":["Glacier","Rebound"],"picked":"Amplify","floor":4.0},{"not_picked":["Barrage","Turbo"],"picked":"Force Field","floor":4.0},{"not_picked":["Leap","Machine Learning"],"picked":"Auto Shields","floor":4.0},{"not_picked":["Compile Driver","Fusion"],"picked":"Heatsinks","floor":5.0},{"not_picked":["Glacier","Darkness"],"picked":"Defragment","floor":7.0},{"not_picked":["Compile Driver","Gash"],"picked":"Coolheaded","floor":11.0},{"not_picked":["Sweeping Beam","Coolheaded"],"picked":"Defragment","floor":12.0},{"not_picked":["Barrage","Redo"],"picked":"Heatsinks","floor":14.0},{"not_picked":["Rainbow","Echo Form"],"picked":"Fission","floor":16.0},{"not_picked":["Stack","Gash"],"picked":"Turbo","floor":18.0},{"not_picked":["Barrage","Meteor Strike"],"picked":"Streamline","floor":21.0},{"not_picked":["Loop","Go for the Eyes"],"picked":"Double Energy","floor":23.0},{"not_picked":["Ball Lightning","Doom and Gloom"],"picked":"Leap+1","floor":24.0},{"not_picked":["Leap","Gash","Ball Lightning+1"],"picked":"SKIP","floor":27.0},{"not_picked":["Gash","Ball Lightning+1"],"picked":"Turbo","floor":28.0},{"not_picked":["Heatsinks","Barrage"],"picked":"Electrodynamics","floor":30.0},{"not_picked":["Rainbow","Creative AI"],"picked":"Machine Learning","floor":33.0},{"not_picked":["Doom and Gloom","Coolheaded"],"picked":"Force Field","floor":35.0},{"not_picked":["Ball Lightning","Streamline","Gash+1"],"picked":"SKIP","floor":37.0},{"not_picked":["Leap","Compile Driver"],"picked":"Storm","floor":40},{"not_picked":["Rebound","Ball Lightning","Barrage"],"picked":"SKIP","floor":42},{"not_picked":["Conserve Battery","Cold Snap"],"picked":"Compile Driver+1","floor":44}],"player_experience":573791,"relics_obtained":[{"floor":7.0,"key":"Matryoshka"},{"floor":9.0,"key":"Eternal Feather"},{"floor":9.0,"key":"Tiny Chest"},{"floor":20.0,"key":"Vajra"},{"floor":20.0,"key":"Happy Flower"},{"floor":23.0,"key":"MawBank"},{"floor":26.0,"key":"Lantern"},{"floor":27.0,"key":"Ancient Tea Set"},{"floor":36.0,"key":"Lizard Tail"},{"floor":40,"key":"Centennial Puzzle"},{"floor":43,"key":"Regal Pillow"},{"floor":44,"key":"Girya"},{"floor":48,"key":"Bag of Preparation"}],"event_choices":[{"damage_healed":0.0,"max_hp_gain":0.0,"max_hp_loss":0.0,"gold_gain":0.0,"event_name":"Golden Idol","player_choice":"Take Damage","floor":3.0,"gold_loss":0.0,"damage_taken":24.0,"relics_obtained":["Golden Idol"]},{"damage_healed":0.0,"max_hp_gain":0.0,"max_hp_loss":0.0,"gold_gain":0.0,"event_name":"WeMeetAgain","player_choice":"Paid Gold","floor":10.0,"gold_loss":67.0,"damage_taken":0.0,"relics_obtained":["InkBottle"]},{"damage_healed":0.0,"max_hp_gain":0.0,"max_hp_loss":0.0,"gold_gain":0.0,"event_name":"The Woman in Blue","player_choice":"Bought 2 Potions","floor":19.0,"gold_loss":0.0,"damage_taken":0.0},{"damage_healed":0.0,"max_hp_gain":0.0,"max_hp_loss":0.0,"gold_gain":0.0,"cards_transformed":["Defend_B","Strike_B"],"event_name":"Drug Dealer","player_choice":"Became Test Subject","floor":31.0,"gold_loss":0.0,"damage_taken":0.0,"cards_obtained":["Reprogram","Stack"]},{"damage_healed":0.0,"max_hp_gain":0.0,"max_hp_loss":0.0,"gold_gain":0.0,"event_name":"Mysterious Sphere","player_choice":"Fight","floor":36.0,"gold_loss":0.0,"damage_taken":0.0},{"damage_healed":0.0,"max_hp_gain":0.0,"max_hp_loss":0.0,"gold_gain":0.0,"cards_transformed":["Steam"],"event_name":"Transmorgrifier","player_choice":"Transformed","floor":39.0,"gold_loss":0.0,"damage_taken":0.0,"cards_obtained":["Auto Shields"]}],"is_beta":false,"boss_relics":[{"not_picked":["SlaversCollar","Snecko Eye"],"picked":"Inserter"},{"not_picked":["Empty Cage","Busted Crown"],"picked":"Astrolabe"}],"items_purged_floors":[2,4,22,38,46],"is_endless":false,"potions_floor_spawned":[1,11,23,27,28,33,36,37,40,42],"ascension_level":15}}