{"host":"haq22x9zdvtvc76a","time":1611503639,"event":{"mods":["BaseMod","Downfall","Minty Spire (QoL Compilation)","StSLib"],"gold_per_floor":[99,111,111,59,209,209,235,265,165,177,205,205,205,236,254,358,358,358,358,322,322,6,6,6,6,6,31,131,131,31,57,70,166,166,66,85,5,50,50,379,379,409,442,442,7,7,7,7,17,17,17,44,4,4,4,4],"floor_reached":57,"language":"ENG","playtime":3413,"items_purged":["downfall:Icky","downfall:Bewildered"],"score":1607,"play_id":"a86d3551-2aaf-4ab8-8b90-4f0387019ee4","local_time":"20210124105359","daily_mods":["SealedDeck","Heirloom","Flight"],"is_ascension_mode":false,"campfire_choices":[{"data":"bronze:GetLatest","floor":1,"key":"SMITH"},{"data":"bronze:MaxOutput","floor":6,"key":"SMITH"},{"data":"bronze:BugBarrage","floor":9,"key":"SMITH"},{"data":"bronze:BugBarrage","floor":12,"key":"SMITH"},{"data":"bronze:BronzeOrb","floor":13,"key":"SMITH"},{"floor":18,"key":"RECALL"},{"data":"bronze:BugBarrage","floor":23,"key":"SMITH"},{"data":"bronze:BugBarrage","floor":25,"key":"SMITH"},{"data":"bronze:ItsAFeature","floor":30,"key":"SMITH"},{"data":"bronze:Boost","floor":35,"key":"SMITH"},{"data":"Deep Breath","floor":44,"key":"SMITH"},{"data":"bronze:InfiniteBeams","floor":46,"key":"SMITH"},{"data":"bronze:Turbo","floor":54,"key":"SMITH"}],"circlet_count":0,"master_deck":["bronze:Boost+1","bronze:Shield+1","bronze:Shield","bronze:WildBeam","bronze:WildBeam","bronze:BugBarrage+1","bronze:MaxOutput+1","bronze:BugBarrage+1","bronze:GetLatest+1","bronze:BronzeOrb+1","bronze:ItsAFeature+1","bronze:InfiniteBeams+1","bronze:MaxOutput+1","RitualDagger+1","bronze:BugBarrage+1","bronze:Repulsor+1","bronze:BugBarrage+1","bronze:Repulsor+1","Deep Breath+1","bronze:BuggyMess+1","bronze:ItsAFeature+1","Finesse+1","bronze:Shell+1","bronze:Repulsor+1","expansioncontent:AwakenDeath+1","bronze:Turbo+1"],"relics":["bronze:PlatinumCore","Incense Burner","champ:DeflectingBracers","downfall:HeartBlessingBlue","Bronze Scales","Frozen Egg 2","Guardian:BottledAnomaly","bronze:BottledCode","Vajra","Meat on the Bone","Juzu Bracelet","sneckomod:BabySnecko","downfall:HeartBlessingRed","Tiny Chest","expansioncontent:StudyCardRelic","downfall:HeartBlessingGreen","Torii","Old Coin","The Courier","Du-Vu Doll","Happy Flower","bronze:DecasWashers","War Paint","HornCleat","Bird Faced Urn"],"acts_visited":["Exordium","TheCity","TheBeyond","TheEnding"],"potions_floor_usage":[38,56,56,56],"damage_taken":[{"damage":0,"enemies":"Jaw Worm","floor":2,"turns":2},{"damage":12,"enemies":"downfall:FleeingMerchant","floor":4,"turns":4},{"damage":6,"enemies":"Lagavulin","floor":8,"turns":3},{"damage":0,"enemies":"2 Louse","floor":10,"turns":2},{"damage":0,"enemies":"3 Sentries","floor":11,"turns":3},{"damage":0,"enemies":"Gremlin Nob","floor":14,"turns":2},{"damage":0,"enemies":"Small Slimes","floor":15,"turns":1},{"damage":3,"enemies":"IC_STATUS_ARCHETYPE","floor":16,"turns":3},{"damage":0,"enemies":"downfall:FleeingMerchant","floor":20,"turns":3},{"damage":0,"enemies":"Gremlin Leader","floor":27,"turns":4},{"damage":0,"enemies":"Book of Stabbing","floor":31,"turns":3},{"damage":0,"enemies":"Spheric Guardian","floor":32,"turns":3},{"damage":4,"enemies":"WA_ARCHETYPE_CALM","floor":33,"turns":3},{"damage":0,"enemies":"Orb Walker","floor":36,"turns":2},{"damage":15,"enemies":"2 Orb Walkers","floor":38,"turns":2},{"damage":0,"enemies":"Reptomancer","floor":40,"turns":4},{"damage":14,"enemies":"Giant Head","floor":42,"turns":3},{"damage":0,"enemies":"Nemesis","floor":43,"turns":3},{"damage":0,"enemies":"3 Darklings","floor":49,"turns":2},{"damage":7,"enemies":"SI_POISON_ARCHETYPE","floor":50,"turns":4},{"damage":0,"enemies":"downfall:CharBossMerchant","floor":52,"turns":3},{"damage":0,"enemies":"downfall:NeowBoss","floor":55,"turns":7},{"damage":45,"enemies":"downfall:NeowBossFinal","floor":56,"turns":7}],"seed_played":"1112986089301347653","potions_obtained":[{"floor":10,"key":"bronze:FreeFunctionsPotion"},{"floor":11,"key":"BlessingOfTheForge"},{"floor":14,"key":"LiquidMemories"},{"floor":19,"key":"CultistPotion"},{"floor":31,"key":"PowerPotion"},{"floor":42,"key":"AttackPotion"},{"floor":43,"key":"FearPotion"}],"is_trial":true,"path_per_floor":["R","M","?","$","?","R","T","E","R","M","E","R","R","E","M","B",null,"R","?","$","?","$","R","T","R","?","E","?","?","R","E","M","B",null,"R","M","$","?","?","E","T","E","E","R","$","R","?","T","M","B",null,"E","$","R","B","B",null],"character_chosen":"THE_AUTOMATON","items_purchased":["bronze:ItsAFeature","Guardian:BottledAnomaly","bronze:Repulsor+1","bronze:BugBarrage","bronze:Repulsor+1","Deep Breath","Vajra","bronze:ItsAFeature+1","bronze:DecasWashers","bronze:Repulsor+1","War Paint","bronze:Turbo"],"campfire_rested":0,"item_purchase_floors":[4,20,20,20,22,22,22,37,45,45,45,53],"current_hp_per_floor":[70,70,70,58,58,58,58,52,62,62,62,62,62,62,62,59,80,80,80,80,70,70,70,70,70,70,70,70,70,70,70,70,66,70,70,70,70,55,55,55,55,41,41,41,41,41,41,41,41,46,70,70,70,70,70,45],"gold":4,"neow_bonus":"","is_daily":false,"chose_seed":true,"campfire_upgraded":12,"win_rate":0.0,"timestamp":1611503639,"path_taken":["R","M","?","$","?","R","T","E","R","M","E","R","R","E","M","BOSS","R","?","$","?","?","R","T","R","?","E","?","?","R","E","M","BOSS","R","M","$","?","?","E","T","E","E","R","$","R","?","?","M","BOSS","E","$","R","BOSS","BOSS"],"items_purchased_type":["Card","Relic","Card","Card","Card","Card","Relic","Card","Relic","Card","Relic","Card"],"build_version":"2020-12-22","purchased_purges":2,"victory":true,"max_hp_per_floor":[70,70,70,70,70,70,70,70,80,80,80,80,80,80,80,80,80,80,80,80,70,70,70,70,70,70,70,70,70,70,70,70,70,70,70,70,70,70,70,70,70,70,70,70,70,70,70,70,70,70,70,70,70,70,70,70],"card_choices":[{"not_picked":["bronze:OilSpill","bronze:Flail","bronze:Constructor"],"picked":"SKIP","floor":2},{"not_picked":["bronze:Separator","bronze:Overload","bronze:SpaghettiCode"],"picked":"SKIP","floor":4},{"not_picked":["bronze:OilSpill","bronze:FindAndReplace","bronze:WildBeam"],"picked":"SKIP","floor":8},{"not_picked":["bronze:Deprecate","bronze:Refactor"],"picked":"bronze:InfiniteBeams","floor":10},{"not_picked":["bronze:CutThrough","bronze:Deprecate","bronze:Branch"],"picked":"SKIP","floor":11},{"not_picked":["bronze:NullPointer","bronze:DelayedGuard"],"picked":"bronze:MaxOutput+1","floor":14},{"not_picked":["bronze:ChosenStrike","bronze:Terminator","bronze:ChildClass"],"picked":"SKIP","floor":15},{"not_picked":["bronze:ForceShield","bronze:WildBeam"],"picked":"bronze:BugBarrage","floor":20},{"not_picked":["bronze:Deprecate","bronze:BitShift","bronze:WhirlingStrike"],"picked":"SKIP","floor":27},{"not_picked":["bronze:Branch","bronze:Boost","bronze:Terminator"],"picked":"SKIP","floor":31},{"not_picked":["bronze:Philosophize","bronze:BugBarrage"],"picked":"bronze:BuggyMess+1","floor":32},{"not_picked":["bronze:ChosenStrike","bronze:DelayedGuard+1","bronze:Safeguard+1"],"picked":"SKIP","floor":36},{"not_picked":["bronze:Overload+1","bronze:DelayedSlice","bronze:Boost+1"],"picked":"SKIP","floor":40},{"not_picked":["bronze:CloningBeam","bronze:DigitalCarnage","bronze:BitShift+1"],"picked":"SKIP","floor":42},{"not_picked":["bronze:Refactor","bronze:HyperBeam"],"picked":"bronze:Shell+1","floor":43},{"not_picked":["expansioncontent:Hexaburn+1","expansioncontent:PolyBeam"],"picked":"expansioncontent:AwakenDeath+1","floor":47},{"not_picked":["bronze:Overload+1","bronze:DelayedSlice+1","bronze:Shield"],"picked":"SKIP","floor":49},{"not_picked":["bronze:Frontload+1","bronze:Flail","bronze:DelayedGuard"],"picked":"SKIP","floor":52}],"player_experience":1678495,"relics_obtained":[{"floor":8,"key":"champ:DeflectingBracers"},{"floor":11,"key":"Bronze Scales"},{"floor":14,"key":"Frozen Egg 2"},{"floor":24,"key":"Meat on the Bone"},{"floor":27,"key":"Juzu Bracelet"},{"floor":31,"key":"Tiny Chest"},{"floor":38,"key":"Torii"},{"floor":40,"key":"Old Coin"},{"floor":41,"key":"The Courier"},{"floor":42,"key":"Du-Vu Doll"},{"floor":43,"key":"Happy Flower"},{"floor":48,"key":"HornCleat"},{"floor":52,"key":"Bird Faced Urn"}],"event_choices":[{"damage_healed":0,"gold_gain":0,"player_choice":"Fight","damage_taken":0,"max_hp_gain":0,"max_hp_loss":0,"event_name":"Mysterious Sphere","floor":38,"gold_loss":0}],"is_beta":false,"boss_relics":[{"not_picked":["Velvet Choker","Runic Dome"],"picked":"bronze:PlatinumCore"},{"not_picked":["SlaversCollar","Astrolabe"],"picked":"expansioncontent:StudyCardRelic"}],"items_purged_floors":[20,45],"is_endless":false,"potions_floor_spawned":[10,11,14,27,31,33,36,42,43,49],"ascension_level":0}}