{"host":"iph0xvuia0glosgr","time":1611502488,"event":{"mods":["AchievementEnabler","BaseMod","Minty Spire (QoL Compilation)"],"gold_per_floor":[116,134,134,134,153,153,186,206,232,232,48,63,97,120,120,245,245,259,259,279,279,83,126,126,166,166,166,185,228,228,248,248,377,377,396,416,485,485,485],"floor_reached":38,"language":"ENG","playtime":2346,"items_purged":["Rebound","Injury"],"score":439,"play_id":"50aadecf-8461-4319-9b2f-16024251a619","local_time":"20210124153448","is_ascension_mode":false,"campfire_choices":[{"data":"Defragment","floor":6,"key":"SMITH"},{"floor":10,"key":"REST"},{"data":"Defragment","floor":15,"key":"SMITH"},{"floor":24,"key":"REST"},{"data":"Defragment","floor":27,"key":"SMITH"},{"floor":30,"key":"REST"},{"data":"Multi-Cast","floor":32,"key":"SMITH"}],"circlet_count":0,"master_deck":["Strike_B","Strike_B","Strike_B","Strike_B","Defend_B","Defend_B","Defend_B","Defend_B","Zap+1","Dualcast","Defragment+1","Self Repair","Fusion","Ball Lightning","Defragment+1","Conserve Battery","Sweeping Beam","Redo","Thunder Strike","Rebound","Multi-Cast+1","Undo","Leap+1","Defragment+1","Barrage","Redo","Ball Lightning","Hello World","Clumsy","Rainbow","Steam+1","White Noise+1","Rainbow","Stack+1","Biased Cognition","Ball Lightning+1","Hologram","Beam Cell+1","Steam+1"],"relics":["Cracked Core","Art of War","Golden Idol","Bronze Scales","Smiling Mask","Odd Mushroom","Cursed Key","Enchiridion","CultistMask","Prayer Wheel","Nunchaku","Eternal Feather","Red Mask","Inserter","Unceasing Top"],"acts_visited":["Exordium","TheCity","TheBeyond"],"potions_floor_usage":[13,16,18,23,23,28,29,37],"damage_taken":[{"damage":6,"enemies":"Jaw Worm","floor":1,"turns":3},{"damage":6,"enemies":"2 Louse","floor":2,"turns":2},{"damage":0,"enemies":"Small Slimes","floor":5,"turns":3},{"damage":27,"enemies":"Gremlin Nob","floor":7,"turns":4},{"damage":10,"enemies":"Looter","floor":8,"turns":3},{"damage":6,"enemies":"Exordium Wildlife","floor":12,"turns":2},{"damage":9,"enemies":"The Mushroom Lair","floor":13,"turns":3},{"damage":9,"enemies":"Exordium Thugs","floor":14,"turns":4},{"damage":8,"enemies":"Slime Boss","floor":16,"turns":7},{"damage":17,"enemies":"Spheric Guardian","floor":18,"turns":4},{"damage":0,"enemies":"Chosen","floor":20,"turns":3},{"damage":13,"enemies":"Gremlin Leader","floor":23,"turns":8},{"damage":13,"enemies":"Book of Stabbing","floor":25,"turns":3},{"damage":14,"enemies":"Snake Plant","floor":28,"turns":2},{"damage":33,"enemies":"Masked Bandits","floor":29,"turns":4},{"damage":7,"enemies":"Snecko","floor":31,"turns":3},{"damage":7,"enemies":"Champ","floor":33,"turns":7},{"damage":11,"enemies":"3 Shapes","floor":35,"turns":2},{"damage":3,"enemies":"Orb Walker","floor":36,"turns":3},{"damage":54,"enemies":"2 Orb Walkers","floor":37,"turns":5},{"damage":16,"enemies":"Transient","floor":38,"turns":2}],"seed_played":"-2147150661182534406","potions_obtained":[{"floor":1,"key":"PotionOfCapacity"},{"floor":2,"key":"ColorlessPotion"},{"floor":8,"key":"SpeedPotion"},{"floor":13,"key":"Block Potion"},{"floor":16,"key":"DistilledChaos"},{"floor":20,"key":"SkillPotion"},{"floor":25,"key":"PowerPotion"},{"floor":28,"key":"Dexterity Potion"},{"floor":33,"key":"Fire Potion"}],"is_trial":false,"path_per_floor":["M","M","?","?","M","R","E","M","T","R","$","M","?","M","R","B",null,"M","?","M","?","$","E","R","E","T","R","M","?","R","M","R","B",null,"M","M","?","M"],"character_chosen":"DEFECT","items_purchased":["Defragment","Conserve Battery","Sweeping Beam","Defragment","Barrage","Redo"],"campfire_rested":3,"item_purchase_floors":[11,11,11,22,22,22],"current_hp_per_floor":[69,63,60,60,67,67,47,44,44,66,66,67,65,63,63,62,75,58,42,49,49,49,43,65,52,52,67,53,20,60,53,71,64,75,64,61,14,0,0],"gold":485,"neow_bonus":"UPGRADE_CARD","is_daily":false,"chose_seed":false,"campfire_upgraded":4,"win_rate":0.0,"timestamp":1611502488,"path_taken":["M","M","?","?","M","R","E","M","T","R","?","M","?","M","R","BOSS","M","?","M","?","$","E","R","E","T","R","?","?","R","M","R","BOSS","M","M","?","M"],"items_purchased_type":["Card","Card","Card","Card","Card","Card"],"build_version":"2020-12-22","purchased_purges":2,"victory":false,"max_hp_per_floor":[75,75,75,75,75,75,75,75,75,75,75,75,75,75,75,75,75,75,75,75,75,75,75,75,75,75,75,75,75,75,75,75,75,75,75,75,75,75,75],"card_choices":[{"not_picked":["FTL","Turbo"],"picked":"Defragment","floor":1},{"not_picked":["Force Field","Doom and Gloom"],"picked":"Self Repair","floor":2},{"not_picked":["Streamline","Turbo"],"picked":"Rebound","floor":5},{"not_picked":["Cold Snap","Beam Cell"],"picked":"Fusion","floor":7},{"not_picked":["Cold Snap","Gash"],"picked":"Ball Lightning","floor":8},{"not_picked":["Stack","Hologram"],"picked":"Redo","floor":12},{"not_picked":["Stack","Melter"],"picked":"Thunder Strike","floor":13},{"not_picked":["Leap","Compile Driver"],"picked":"Rebound","floor":14},{"not_picked":["Hyperbeam","Thunder Strike"],"picked":"Multi-Cast","floor":16},{"not_picked":["Go for the Eyes","Doom and Gloom+1"],"picked":"Undo","floor":18},{"not_picked":["Steam","Rebound"],"picked":"Leap+1","floor":20},{"not_picked":["Leap+1","Auto Shields"],"picked":"Ball Lightning","floor":23},{"not_picked":["Scrape+1","Hologram"],"picked":"Hello World","floor":25},{"not_picked":["Steam+1","Gash"],"picked":"Rainbow","floor":28},{"not_picked":["Cold Snap","Skim"],"picked":"Steam+1","floor":28},{"not_picked":["Conserve Battery","Steam"],"picked":"White Noise+1","floor":29},{"not_picked":["Compile Driver","Redo+1"],"picked":"Rainbow","floor":31},{"not_picked":["Coolheaded","Leap"],"picked":"Stack+1","floor":31},{"not_picked":["Reboot","Core Surge"],"picked":"Biased Cognition","floor":33},{"not_picked":["Turbo+1","Cold Snap"],"picked":"Ball Lightning+1","floor":35},{"not_picked":["FTL+1","Chaos"],"picked":"Hologram","floor":35},{"not_picked":["Redo","Hologram"],"picked":"Beam Cell+1","floor":36},{"not_picked":["Darkness+1","Blizzard","Steam+1"],"picked":"SKIP","floor":36},{"not_picked":["Beam Cell+1","Lockon+1"],"picked":"Steam+1","floor":37}],"player_experience":227602,"relics_obtained":[{"floor":7,"key":"Bronze Scales"},{"floor":9,"key":"Smiling Mask"},{"floor":13,"key":"Odd Mushroom"},{"floor":19,"key":"Enchiridion"},{"floor":23,"key":"Prayer Wheel"},{"floor":25,"key":"Nunchaku"},{"floor":26,"key":"Eternal Feather"},{"floor":29,"key":"Red Mask"},{"floor":37,"key":"Unceasing Top"}],"event_choices":[{"damage_healed":0,"gold_gain":0,"player_choice":"Success","damage_taken":3,"relics_obtained":["Art of War"],"max_hp_gain":0,"max_hp_loss":0,"event_name":"Scrap Ooze","floor":3,"gold_loss":0},{"damage_healed":0,"gold_gain":0,"player_choice":"Take Wound","damage_taken":0,"relics_obtained":["Golden Idol"],"max_hp_gain":0,"max_hp_loss":0,"event_name":"Golden Idol","floor":4,"gold_loss":0,"cards_obtained":["Injury"]},{"damage_healed":0,"gold_gain":0,"player_choice":"Fought Mushrooms","damage_taken":0,"max_hp_gain":0,"max_hp_loss":0,"event_name":"Mushrooms","floor":13,"gold_loss":0},{"damage_healed":0,"gold_gain":0,"player_choice":"Obtained Book","damage_taken":16,"max_hp_gain":0,"max_hp_loss":0,"event_name":"Cursed Tome","floor":19,"gold_loss":0},{"damage_healed":0,"gold_gain":0,"player_choice":"Trade","damage_taken":0,"relics_obtained":["CultistMask"],"max_hp_gain":0,"max_hp_loss":0,"event_name":"FaceTrader","floor":21,"gold_loss":0},{"damage_healed":0,"gold_gain":0,"player_choice":"Fought Bandits","damage_taken":0,"max_hp_gain":0,"max_hp_loss":0,"event_name":"Masked Bandits","floor":29,"gold_loss":0},{"damage_healed":0,"gold_gain":0,"player_choice":"Fight","damage_taken":0,"max_hp_gain":0,"max_hp_loss":0,"event_name":"Mysterious Sphere","floor":37,"gold_loss":0}],"is_beta":false,"boss_relics":[{"not_picked":["SlaversCollar","Empty Cage"],"picked":"Cursed Key"},{"not_picked":["Fusion Hammer","Philosopher\u0027s Stone"],"picked":"Inserter"}],"items_purged_floors":[11,22],"is_endless":false,"potions_floor_spawned":[1,2,8,13,16,20,25,28,33],"killed_by":"Transient","ascension_level":0}}