{"host":"d61fcf2p3sjwe6yo","time":1611498450,"event":{"mods":["AchievementEnabler","BaseMod","Colored Map","Downfall","Minty Spire (QoL Compilation)","StSLib","SuperFastMode"],"gold_per_floor":[99,113,127,227,245,263,287,287,317,217,244,267,267,302,313,313,313,313],"floor_reached":16,"language":"ENG","playtime":794,"items_purged":[],"score":192,"play_id":"6bdec2b9-5f94-4893-8695-397a9bd14675","local_time":"20210124172730","is_ascension_mode":true,"campfire_choices":[{"floor":1,"key":"RECALL"}],"circlet_count":0,"master_deck":["AscendersBane","sneckomod:Strike","sneckomod:Strike","sneckomod:Strike","sneckomod:Defend","sneckomod:Defend","sneckomod:Defend","sneckomod:TailWhip","sneckomod:SnekBite","sneckomod:Unknown","sneckomod:Unknown","sneckomod:QuickMove","sneckomod:UnknownCommonAttack","sneckomod:UnendingSupply","sneckomod:SerpentIdol","bronze:Return","sneckomod:UnknownDraw","sneckomod:QuickMove","TalkToTheHand","sneckomod:WideSting","sneckomod:UnknownBlock"],"relics":["sneckomod:SneckoSoul","Bronze Scales","Juzu Bracelet","downfall:HeartBlessingRed","Omamori","Odd Mushroom","champ:DeflectingBracers"],"acts_visited":["Exordium"],"potions_floor_usage":[6,16,16],"damage_taken":[{"damage":0,"enemies":"Small Slimes","floor":2,"turns":2},{"damage":0,"enemies":"Cultist","floor":3,"turns":2},{"damage":12,"enemies":"Jaw Worm","floor":5,"turns":3},{"damage":12,"enemies":"Exordium Wildlife","floor":6,"turns":5},{"damage":17,"enemies":"3 Sentries","floor":9,"turns":8},{"damage":2,"enemies":"Lagavulin","floor":11,"turns":7},{"damage":6,"enemies":"The Mushroom Lair","floor":12,"turns":3},{"damage":30,"enemies":"Gremlin Nob","floor":14,"turns":5},{"damage":3,"enemies":"Exordium Thugs","floor":15,"turns":2},{"damage":10,"enemies":"WA_ARCHETYPE_RETAIN","floor":16,"turns":9}],"seed_played":"2821563488677915439","potions_obtained":[{"floor":2,"key":"SkillPotion"},{"floor":5,"key":"Strength Potion"},{"floor":11,"key":"Energy Potion"}],"is_trial":false,"path_per_floor":["R","M","M","?","M","M","T","?","E","R","E","?","R","E","M","B"],"character_chosen":"THE_SNECKO","items_purchased":[],"campfire_rested":0,"item_purchase_floors":[],"current_hp_per_floor":[90,90,90,90,78,66,66,66,49,49,47,41,41,11,8,0,0,0],"gold":313,"neow_bonus":"TEN_PERCENT_HP_BONUS","is_daily":false,"chose_seed":false,"campfire_upgraded":0,"win_rate":0.0,"timestamp":1611498450,"path_taken":["R","M","M","?","?","M","T","?","E","R","E","?","R","E","M","BOSS"],"items_purchased_type":[],"build_version":"2020-12-22","purchased_purges":0,"victory":false,"max_hp_per_floor":[99,99,99,99,99,99,99,99,99,99,99,99,99,99,99,99,99,99],"card_choices":[{"not_picked":["sneckomod:PureSnecko","sneckomod:MasterEye"],"picked":"sneckomod:QuickMove","floor":2},{"not_picked":["sneckomod:IronFang","sneckomod:QuickMove"],"picked":"sneckomod:UnknownUncommonSkill","floor":3},{"not_picked":["sneckomod:CheapStock","sneckomod:UnknownCommonAttack"],"picked":"sneckomod:UnknownUncommonAttack","floor":5},{"not_picked":["sneckomod:QuickMove","sneckomod:QuickBite"],"picked":"sneckomod:UnknownCommonAttack","floor":6},{"not_picked":["sneckomod:IronFang","sneckomod:Mudshield"],"picked":"sneckomod:SerpentIdol","floor":9},{"not_picked":["sneckomod:ImprovisedGuard","sneckomod:IronFang"],"picked":"sneckomod:UnknownDraw","floor":11},{"not_picked":["sneckomod:UnknownUncommonAttack","sneckomod:SnakeSap"],"picked":"sneckomod:QuickMove","floor":12},{"not_picked":["sneckomod:SoulCleanse","sneckomod:UnknownColorless"],"picked":"sneckomod:WideSting","floor":14},{"not_picked":["sneckomod:SoulDraw","sneckomod:IronFang"],"picked":"sneckomod:UnknownBlock","floor":15}],"player_experience":686268,"relics_obtained":[{"floor":7,"key":"Bronze Scales"},{"floor":9,"key":"Juzu Bracelet"},{"floor":11,"key":"Omamori"},{"floor":12,"key":"Odd Mushroom"},{"floor":14,"key":"champ:DeflectingBracers"}],"event_choices":[{"damage_healed":0,"gold_gain":0,"player_choice":"Fought Mushrooms","damage_taken":0,"max_hp_gain":0,"max_hp_loss":0,"event_name":"Mushrooms","floor":12,"gold_loss":0}],"is_beta":false,"boss_relics":[],"items_purged_floors":[],"is_endless":false,"potions_floor_spawned":[2,5,11,12],"killed_by":"WA_ARCHETYPE_RETAIN","ascension_level":12}}