{"host":"y1oqg7uy0jc6f5mb","time":1611487789,"event":{"mods":["BaseMod","Better Altar","Better Match","Better Note","Better Sensory Stone","Better Skull","Better Third Choice","BetterRewards","Block Reminder","Colored Map","Colored Powertips","Custom Start","DeckTracker","Displayed Cursed Tome","Highlight Path","Ironclad Rager","Minty Spire (QoL Compilation)","Permanent Neow","Quick Restart","Relic Sorter","Relic Stats","Shop Mod","StSLib"],"gold_per_floor":[39,152,40,58,73,73,105,105,131,144,154,154,185,199,199,303,303,273,273,22,32,44,70,80,80,106,122,138,138,151,169,169,268,268,282,332,342,393,393,393,423,438,438,458,492,502,512,532,532,532,532,532,10,42,42],"floor_reached":56,"language":"ENG","playtime":5466,"items_purged":["Strike_R","Doubt"],"score":2056,"play_id":"4e6f5ef5-6e28-49f8-ab72-4207e9d03115","local_time":"20210124192949","is_ascension_mode":true,"campfire_choices":[{"data":"Armaments","floor":6.0,"key":"SMITH"},{"data":"True Grit","floor":8.0,"key":"SMITH"},{"data":"True Grit","floor":12.0,"key":"SMITH"},{"data":"Battle Trance","floor":15.0,"key":"SMITH"},{"data":"Demon Form","floor":25.0,"key":"SMITH"},{"data":"Barricade","floor":29.0,"key":"SMITH"},{"data":"Body Slam","floor":32.0,"key":"SMITH"},{"floor":40.0,"key":"RECALL"},{"floor":49.0,"key":"REST"},{"data":"Juggernaut","floor":52.0,"key":"SMITH"}],"circlet_count":0,"master_deck":["Strike_R","Strike_R","Strike_R","Defend_R","Defend_R","Defend_R","Defend_R","Bash","Disarm","Flame Barrier","Battle Trance+1","Fire Breathing","True Grit+1","Armaments+1","True Grit+1","Pommel Strike","Sword Boomerang","Demon Form+1","Iron Wave","Disarm","Body Slam+1","Dual Wield+1","Barricade+1","Juggernaut+1","Pommel Strike+1","Pummel+1","Shockwave+1","Parasite","Intimidate+1","Exhume","Decay","Rampage+1","Good Instincts+1","Heavy Blade+1"],"relics":["Burning Blood","TungstenRod","ClockworkSouvenir","Thread and Needle","Orichalcum","Happy Flower","Torii","Cursed Key","Matryoshka","CaptainsWheel","PreservedInsect","Dream Catcher","Mark of Pain","Prayer Wheel","Magic Flower","Boot","Ancient Tea Set","Toxic Egg 2","InkBottle","Letter Opener","Vajra"],"acts_visited":["Exordium","TheCity","TheBeyond","TheEnding"],"potions_floor_usage":[54,54,54,55,55,55],"damage_taken":[{"damage":0.0,"enemies":"Jaw Worm","floor":1.0,"turns":5.0},{"damage":2.0,"enemies":"Cultist","floor":4.0,"turns":5.0},{"damage":0.0,"enemies":"2 Louse","floor":5.0,"turns":4.0},{"damage":0.0,"enemies":"Lagavulin","floor":7.0,"turns":13.0},{"damage":0.0,"enemies":"Blue Slaver","floor":10.0,"turns":5.0},{"damage":0.0,"enemies":"Looter","floor":11.0,"turns":4.0},{"damage":11.0,"enemies":"Gremlin Nob","floor":13.0,"turns":6.0},{"damage":0.0,"enemies":"Exordium Wildlife","floor":14.0,"turns":6.0},{"damage":0.0,"enemies":"Slime Boss","floor":16.0,"turns":8.0},{"damage":0.0,"enemies":"2 Thieves","floor":18.0,"turns":5.0},{"damage":0.0,"enemies":"Chosen","floor":21.0,"turns":5.0},{"damage":0.0,"enemies":"Snake Plant","floor":22.0,"turns":5.0},{"damage":0.0,"enemies":"Book of Stabbing","floor":23.0,"turns":6.0},{"damage":0.0,"enemies":"Snecko","floor":24.0,"turns":7.0},{"damage":5.0,"enemies":"3 Cultists","floor":27.0,"turns":6.0},{"damage":0.0,"enemies":"Shelled Parasite and Fungi","floor":28.0,"turns":8.0},{"damage":0.0,"enemies":"Centurion and Healer","floor":30.0,"turns":7.0},{"damage":0.0,"enemies":"Chosen and Byrds","floor":31.0,"turns":6.0},{"damage":10.0,"enemies":"Champ","floor":33.0,"turns":8.0},{"damage":16.0,"enemies":"3 Darklings","floor":35.0,"turns":5.0},{"damage":0.0,"enemies":"Mind Bloom Boss Battle","floor":36.0,"turns":7.0},{"damage":0.0,"enemies":"Orb Walker","floor":37.0,"turns":4.0},{"damage":11.0,"enemies":"2 Orb Walkers","floor":38.0,"turns":4.0},{"damage":15.0,"enemies":"Giant Head","floor":41.0,"turns":8.0},{"damage":0.0,"enemies":"Writhing Mass","floor":42.0,"turns":7.0},{"damage":4.0,"enemies":"4 Shapes","floor":44.0,"turns":5.0},{"damage":78.0,"enemies":"Reptomancer","floor":45.0,"turns":7.0},{"damage":22.0,"enemies":"Transient","floor":46.0,"turns":5.0},{"damage":7.0,"enemies":"Sphere and 2 Shapes","floor":47.0,"turns":7.0},{"damage":0.0,"enemies":"Jaw Worm Horde","floor":48.0,"turns":4.0},{"damage":14.0,"enemies":"Time Eater","floor":50.0,"turns":10.0},{"damage":26,"enemies":"Shield and Spear","floor":54,"turns":5},{"damage":42,"enemies":"The Heart","floor":55,"turns":7}],"seed_played":"-7867259343714647003","potions_obtained":[{"floor":5.0,"key":"PowerPotion"},{"floor":7.0,"key":"AttackPotion"},{"floor":10.0,"key":"SpeedPotion"},{"floor":13.0,"key":"BloodPotion"},{"floor":22.0,"key":"SneckoOil"},{"floor":28.0,"key":"PowerPotion"},{"floor":30.0,"key":"EssenceOfSteel"},{"floor":33.0,"key":"Block Potion"},{"floor":36.0,"key":"GamblersBrew"},{"floor":38.0,"key":"ColorlessPotion"},{"floor":46.0,"key":"AttackPotion"},{"floor":47.0,"key":"DuplicationPotion"},{"floor":48.0,"key":"LiquidMemories"}],"is_trial":false,"path_per_floor":["M","?","$","M","M","R","E","R","T","M","M","R","E","M","R","B",null,"M","?","$","M","M","E","M","R","T","M","M","R","M","M","R","B",null,"M","?","M","?","?","R","E","M","T","M","E","M","M","M","R","B",null,"R","$","E","B",null],"character_chosen":"IRONCLAD","items_purchased":["Disarm","TungstenRod","EssenceOfSteel","ClockworkSouvenir","Fire Potion","Battle Trance","Fire Breathing","Matryoshka","EntropicBrew","Letter Opener","Good Instincts+1"],"campfire_rested":1,"item_purchase_floors":[0,0,0,0,0,3,3,20,53,53,53],"current_hp_per_floor":[46,40,40,44,50,50,56,56,56,62,68,68,63,69,69,75,79,80,80,80,80,80,80,80,80,80,80,80,80,80,80,80,76,79,69,75,80,75,75,75,69,78,78,80,35,22,24,33,57,52,73,73,73,56,23],"gold":42,"neow_bonus":"","is_daily":false,"chose_seed":false,"campfire_upgraded":8,"win_rate":0.0,"timestamp":1611487789,"path_taken":["M","?","$","M","?","R","E","R","T","?","M","R","E","M","R","BOSS","M","?","$","M","M","E","M","R","T","M","?","R","M","M","R","BOSS","M","?","M","?","?","R","E","M","T","M","E","M","M","M","R","BOSS","R","$","E","BOSS"],"items_purchased_type":["Card","Relic","Potion","Relic","Potion","Card","Card","Relic","Potion","Relic","Card"],"build_version":"2020-12-22","purchased_purges":2,"victory":true,"max_hp_per_floor":[80,80,80,80,80,80,80,80,80,80,80,80,80,80,80,80,80,80,80,80,80,80,80,80,80,80,80,80,80,80,80,80,80,80,80,80,80,80,80,80,80,80,80,80,80,80,80,80,80,80,80,80,80,80,80],"relic_stats":{"Happy Flower":[59],"Torii":84,"counters":[58,293],"Magic Flower":[63],"PreservedInsect":267,"Letter Opener":[35],"Orichalcum":[198],"Cursed Key":2,"Boot":[67],"Burning Blood":347,"Dream Catcher":3,"Prayer Wheel":6,"obtain_stats":[{"Regal Pillow":26,"Torii":45,"Magic Flower":28,"Vajra":43,"Smiling Mask":9,"Cursed Key":17,"Boot":41,"Ancient Tea Set":43,"Burning Blood":0,"ClockworkSouvenir":0,"Sozu":17,"Blood Vial":38,"Dream Catcher":26,"Matryoshka":14,"MealTicket":41,"Prayer Wheel":36,"Fusion Hammer":34,"Red Mask":22,"Toxic Egg 2":43,"InkBottle":45,"MerchantsRug":38,"Happy Flower":9,"Golden Idol":5,"Blue Candle":24,"Oddly Smooth Stone":38,"Thread and Needle":0,"PreservedInsect":26,"Letter Opener":53,"War Paint":7,"Orichalcum":7,"MawBank":26,"Mercury Hourglass":28,"CaptainsWheel":23,"Ornamental Fan":47,"Bronze Scales":29,"Mark of Pain":34,"FossilizedHelix":36,"TungstenRod":0},{"Regal Pillow":13,"Torii":23,"Magic Flower":13,"Vajra":22,"Smiling Mask":4,"Cursed Key":34,"Boot":49,"Ancient Tea Set":50,"Burning Blood":0,"ClockworkSouvenir":25,"Sozu":7,"Blood Vial":20,"Dream Catcher":39,"Matryoshka":6,"MealTicket":21,"Prayer Wheel":46,"Fusion Hammer":17,"Red Mask":11,"Toxic Egg 2":50,"InkBottle":52,"MerchantsRug":20,"Happy Flower":29,"Golden Idol":2,"Blue Candle":12,"Oddly Smooth Stone":20,"Thread and Needle":25,"PreservedInsect":39,"Letter Opener":56,"War Paint":3,"Orichalcum":29,"MawBank":13,"Mercury Hourglass":13,"CaptainsWheel":38,"Ornamental Fan":24,"Bronze Scales":14,"Mark of Pain":44,"FossilizedHelix":19,"TungstenRod":25},{"Regal Pillow":40,"Torii":77,"Magic Flower":40,"Vajra":72,"Smiling Mask":12,"Cursed Key":145,"Boot":236,"Ancient Tea Set":243,"Burning Blood":0,"ClockworkSouvenir":89,"Sozu":23,"Blood Vial":63,"Dream Catcher":173,"Matryoshka":17,"MealTicket":68,"Prayer Wheel":220,"Fusion Hammer":56,"Red Mask":33,"Toxic Egg 2":243,"InkBottle":255,"MerchantsRug":63,"Happy Flower":116,"Golden Idol":4,"Blue Candle":37,"Oddly Smooth Stone":63,"Thread and Needle":89,"PreservedInsect":173,"Letter Opener":281,"War Paint":10,"Orichalcum":116,"MawBank":40,"Mercury Hourglass":40,"CaptainsWheel":166,"Ornamental Fan":82,"Bronze Scales":42,"Mark of Pain":208,"FossilizedHelix":62,"TungstenRod":89}],"TungstenRod":72,"InkBottle":[49]},"card_choices":[{"not_picked":["Shockwave","Evolve"],"picked":"Flame Barrier","floor":1.0},{"not_picked":["Pommel Strike","Sword Boomerang"],"picked":"True Grit","floor":4.0},{"not_picked":["Warcry","True Grit"],"picked":"Armaments","floor":5.0},{"not_picked":["Armaments","Rupture"],"picked":"True Grit","floor":7.0},{"not_picked":["Combust","Warcry","Heavy Blade"],"picked":"SKIP","floor":10.0},{"not_picked":["Warcry","Perfected Strike","Armaments"],"picked":"SKIP","floor":11.0},{"not_picked":["Cleave","Shrug It Off"],"picked":"Pommel Strike","floor":13.0},{"not_picked":["Anger","Clothesline"],"picked":"Sword Boomerang","floor":14.0},{"not_picked":["Immolate","Feed"],"picked":"Demon Form","floor":16.0},{"not_picked":["Second Wind","Wild Strike+1"],"picked":"Iron Wave","floor":18.0},{"not_picked":["Sever Soul+1","Wild Strike","Warcry"],"picked":"SKIP","floor":21.0},{"not_picked":["Warcry","Headbutt+1","Thunderclap"],"picked":"SKIP","floor":22.0},{"not_picked":["Power Through","Searing Blow"],"picked":"Disarm","floor":23.0},{"not_picked":["Headbutt","Evolve"],"picked":"Body Slam","floor":24.0},{"not_picked":["Power Through","Clash+1"],"picked":"Dual Wield+1","floor":27.0},{"not_picked":["Clash","Perfected Strike+1"],"picked":"Barricade","floor":28.0},{"not_picked":["Second Wind","Blood for Blood+1","Power Through"],"picked":"SKIP","floor":30.0},{"not_picked":["Sentinel+1","Rupture","Havoc+1"],"picked":"SKIP","floor":31.0},{"not_picked":["Barricade","Corruption"],"picked":"Juggernaut","floor":33.0},{"not_picked":["Blood for Blood+1","Thunderclap"],"picked":"Pommel Strike+1","floor":35.0},{"not_picked":["Heavy Blade","Evolve+1"],"picked":"Dropkick+1","floor":36.0},{"not_picked":["Body Slam+1","Warcry+1"],"picked":"Pummel+1","floor":37.0},{"not_picked":["Armaments+1","Heavy Blade","True Grit"],"picked":"SKIP","floor":37.0},{"not_picked":["Searing Blow+1","Body Slam"],"picked":"Shockwave+1","floor":41.0},{"not_picked":["Combust","Clothesline"],"picked":"Intimidate+1","floor":42.0},{"not_picked":["Shrug It Off+1","Thunderclap+1"],"picked":"Exhume","floor":42.0},{"not_picked":["Shrug It Off+1","Armaments+1","Cleave"],"picked":"SKIP","floor":44.0},{"not_picked":["Warcry+1","Cleave","Flex+1"],"picked":"SKIP","floor":44.0},{"not_picked":["Warcry+1","Perfected Strike+1","Metallicize"],"picked":"SKIP","floor":45.0},{"not_picked":["Bloodletting+1","True Grit+1","Perfected Strike+1"],"picked":"SKIP","floor":46.0},{"not_picked":["Iron Wave+1","Rampage","Pommel Strike"],"picked":"SKIP","floor":46.0},{"not_picked":["Intimidate+1","Perfected Strike+1","Blood for Blood"],"picked":"SKIP","floor":47.0},{"not_picked":["Fiend Fire","Pommel Strike+1","Ghostly Armor+1"],"picked":"SKIP","floor":47.0},{"not_picked":["Blood for Blood+1","Sever Soul+1"],"picked":"Rampage+1","floor":48.0},{"not_picked":["Cleave+1","Disarm+1","Sword Boomerang"],"picked":"SKIP","floor":48.0},{"not_picked":["Armaments+1","Havoc+1"],"picked":"Heavy Blade+1","floor":54}],"player_experience":176083,"relics_obtained":[{"floor":7.0,"key":"Orichalcum"},{"floor":9.0,"key":"Happy Flower"},{"floor":13.0,"key":"Torii"},{"floor":23.0,"key":"CaptainsWheel"},{"floor":26.0,"key":"PreservedInsect"},{"floor":26.0,"key":"Dream Catcher"},{"floor":36.0,"key":"Prayer Wheel"},{"floor":38.0,"key":"Magic Flower"},{"floor":41.0,"key":"Boot"},{"floor":43.0,"key":"Ancient Tea Set"},{"floor":43.0,"key":"Toxic Egg 2"},{"floor":45.0,"key":"InkBottle"},{"floor":54,"key":"Vajra"}],"event_choices":[{"damage_healed":0.0,"max_hp_gain":0.0,"max_hp_loss":0.0,"gold_gain":113.0,"event_name":"betterSkull:BetterSkull","player_choice":"GO ","floor":2.0,"gold_loss":0.0,"damage_taken":9.0,"cards_upgraded":[],"relics_obtained":[]},{"cards_removed":["Strike_R"],"damage_healed":0.0,"max_hp_gain":0.0,"max_hp_loss":0.0,"gold_gain":0.0,"event_name":"Purifier","player_choice":"Purged","floor":19.0,"gold_loss":0.0,"damage_taken":0.0},{"damage_healed":0.0,"max_hp_gain":0.0,"max_hp_loss":0.0,"gold_gain":0.0,"event_name":"MindBloom","player_choice":"Fight","floor":36.0,"gold_loss":0.0,"damage_taken":0.0},{"damage_healed":0.0,"max_hp_gain":0.0,"max_hp_loss":0.0,"gold_gain":0.0,"event_name":"Mysterious Sphere","player_choice":"Fight","floor":38.0,"gold_loss":0.0,"damage_taken":0.0},{"cards_removed":["Heavy Blade"],"damage_healed":0.0,"max_hp_gain":0.0,"max_hp_loss":0.0,"gold_gain":0.0,"event_name":"Falling","player_choice":"Removed Attack","floor":39.0,"gold_loss":0.0,"damage_taken":0.0}],"is_beta":false,"boss_relics":[{"not_picked":["Tiny House","SlaversCollar"],"picked":"Cursed Key"},{"not_picked":["Runic Pyramid","Black Blood"],"picked":"Mark of Pain"}],"items_purged_floors":[0,53],"is_endless":false,"potions_floor_spawned":[5,7,10,13,22,28,30,33,36,38,46,47,48],"ascension_level":8}}