{"host":"359hz4210ybch7ku","time":1611472357,"event":{"mods":["BaseMod","Block Reminder","Colored Map","Colored Powertips","Highlight Path","Minty Spire (QoL Compilation)","Slay the Relics Exporter","StSLib"],"gold_per_floor":[113,113,131,150,150,150,325,356,380,18,18,44,64,82,82,82,82],"floor_reached":16,"language":"ENG","playtime":815,"items_purged":["Regret"],"score":184,"play_id":"f3201ef3-6f80-4462-bb55-a0c4d6652f6a","local_time":"20210123231237","is_ascension_mode":true,"campfire_choices":[{"data":"Pommel Strike","floor":6,"key":"SMITH"},{"data":"Anger","floor":11,"key":"SMITH"},{"floor":15,"key":"REST"}],"circlet_count":0,"master_deck":["Strike_R","Strike_R","Strike_R","Strike_R","Strike_R","Defend_R+1","Defend_R","Defend_R","Defend_R","Bash","Pommel Strike+1","Anger+1","Warcry+1","Doubt","Brutality","Injury","Shrug It Off","Dual Wield"],"relics":["Cursed Key","Nunchaku","Ginger","Bag of Preparation","Gambling Chip","Orichalcum"],"acts_visited":["Exordium"],"potions_floor_usage":[12,14,16,16,16,16],"damage_taken":[{"damage":2,"enemies":"2 Louse","floor":1,"turns":4},{"damage":10,"enemies":"Jaw Worm","floor":3,"turns":3},{"damage":0,"enemies":"Small Slimes","floor":4,"turns":2},{"damage":29,"enemies":"Gremlin Nob","floor":8,"turns":4},{"damage":12,"enemies":"3 Sentries","floor":12,"turns":6},{"damage":1,"enemies":"Blue Slaver","floor":13,"turns":3},{"damage":9,"enemies":"Exordium Thugs","floor":14,"turns":4},{"damage":27,"enemies":"Hexaghost","floor":16,"turns":7}],"seed_played":"7847923641001663249","potions_obtained":[{"floor":3,"key":"EntropicBrew"},{"floor":4,"key":"Block Potion"},{"floor":12,"key":"SkillPotion"},{"floor":13,"key":"ElixirPotion"}],"is_trial":false,"path_per_floor":["M","?","M","M","?","R","?","E","T","$","R","E","M","M","R","B"],"character_chosen":"IRONCLAD","items_purchased":["Gambling Chip"],"campfire_rested":1,"item_purchase_floors":[10],"current_hp_per_floor":[78,78,68,68,52,52,52,23,23,23,23,11,10,1,25,0,0],"gold":82,"neow_bonus":"BOSS_RELIC","is_daily":false,"chose_seed":false,"campfire_upgraded":2,"win_rate":0.0,"timestamp":1611472357,"path_taken":["M","?","M","M","?","R","?","E","T","$","R","E","M","M","R","BOSS"],"items_purchased_type":["Relic"],"build_version":"2020-12-22","purchased_purges":1,"victory":false,"max_hp_per_floor":[80,80,80,80,80,80,80,80,80,80,80,80,80,80,80,80,80],"card_choices":[{"not_picked":["Iron Wave","Blood for Blood"],"picked":"Pommel Strike","floor":1},{"not_picked":["Rupture","True Grit"],"picked":"Anger","floor":3},{"not_picked":["Flex","True Grit"],"picked":"Warcry","floor":4},{"not_picked":["Whirlwind","Iron Wave"],"picked":"Brutality","floor":8},{"not_picked":["Power Through","Perfected Strike"],"picked":"Shrug It Off","floor":12},{"not_picked":["Perfected Strike","Clash"],"picked":"Dual Wield","floor":13},{"not_picked":["Clothesline","Armaments","Combust"],"picked":"SKIP","floor":14}],"player_experience":276170,"relics_obtained":[{"floor":8,"key":"Ginger"},{"floor":9,"key":"Bag of Preparation"},{"floor":12,"key":"Orichalcum"}],"event_choices":[{"damage_healed":0,"gold_gain":0,"player_choice":"Box","damage_taken":0,"relics_obtained":["Nunchaku"],"max_hp_gain":0,"max_hp_loss":0,"event_name":"Big Fish","floor":2,"gold_loss":0,"cards_obtained":["Regret"]},{"damage_healed":0,"gold_gain":0,"player_choice":"Entered Light","damage_taken":16,"max_hp_gain":0,"max_hp_loss":0,"event_name":"Shining Light","floor":5,"gold_loss":0,"cards_upgraded":["Defend_R","Warcry"]},{"damage_healed":0,"gold_gain":175,"player_choice":"AGREE","damage_taken":0,"max_hp_gain":0,"max_hp_loss":0,"event_name":"Liars Game","floor":7,"gold_loss":0,"cards_obtained":["Doubt"]}],"is_beta":false,"boss_relics":[],"items_purged_floors":[10],"is_endless":false,"potions_floor_spawned":[3,4,12,13],"killed_by":"Hexaghost","ascension_level":3}}