{"host":"w8xisjf5mgmfjvmt","time":1611491532,"event":{"mods":["BaseMod","BetterRewards","Challenge The Spire","Conspire","Dota2Spire","Energized Spire","Filter the Spire","Minty Spire (QoL Compilation)","Quarter Circle Forward PUNCH!","Quick Restart","Relic Stats","Replay The Spire","Shop Mod","Spicy Shops","StSLib","Starting Relic: Pandora\u0027s Box","¡¾ÒÅÎï¿¨ÅÆ¡¿REMEMod","óô»ðÖ¸ÄÏ"],"gold_per_floor":[116,116,136,150,75,75,95,95,121,131,148,175,175,200,200,274,274,292,25,45,45,45],"floor_reached":21,"language":"ZHS","playtime":741,"items_purged":["Bane","Sucker Punch"],"score":362,"play_id":"b5b78d2a-073a-43ab-8de1-f3786bee97a5","local_time":"20210124203212","is_ascension_mode":true,"campfire_choices":[{"data":"Cloak And Dagger","floor":6.0,"key":"SMITH"},{"data":"Cloak And Dagger+1","floor":8.0,"key":"SMITH"},{"data":"Blade Dance","floor":15.0,"key":"SMITH"}],"circlet_count":0,"master_deck":["AscendersBane","Survivor","Neutralize","Cloak And Dagger+2","Hidden Blade","Crippling Poison","Replay:Poison Smokescreen","ReplayTheSpireMod:Shiv Toss","Masterful Stab","Escape Plan","Hidden Blade","Berserk+1","Blade Dance+1","ReplayTheSpireMod:Speed Training","Prepared","Distraction","PiercingWail","Well Laid Plans","Adrenaline","All Out Attack","Leg Sweep"],"relics":["Pandora\u0027s Box","REME_ComplimentaryCards","conspire:InfiniteJournal","Toy Ornithopter","Blood Vial","Odd Mushroom","SlaversCollar","Medical Kit"],"acts_visited":["Exordium","TheCity"],"potions_floor_usage":[],"damage_taken":[{"damage":0.0,"enemies":"Cultist","floor":1.0,"turns":3.0},{"damage":6.0,"enemies":"Jaw Worm","floor":3.0,"turns":3.0},{"damage":6.0,"enemies":"Small Slimes","floor":4.0,"turns":2.0},{"damage":0.0,"enemies":"Exordium Thugs","floor":7.0,"turns":3.0},{"damage":0.0,"enemies":"Blue Slaver","floor":10.0,"turns":3.0},{"damage":5.0,"enemies":"2 Fungi Beasts","floor":11.0,"turns":4.0},{"damage":33.0,"enemies":"Gremlin Nob","floor":12.0,"turns":4.0},{"damage":0.0,"enemies":"The Mushroom Lair","floor":14.0,"turns":4.0},{"damage":10.0,"enemies":"Hexaghost","floor":16.0,"turns":8.0},{"damage":25.0,"enemies":"2 Thieves","floor":18.0,"turns":4.0},{"damage":0,"enemies":"3 Byrds","floor":20,"turns":5},{"damage":2,"enemies":"Masked Bandits","floor":21,"turns":2}],"seed_played":"-6179623229890346467","potions_obtained":[{"floor":4.0,"key":"Dexterity Potion"},{"floor":7.0,"key":"Dota2Spire:HealingSalve"},{"floor":11.0,"key":"AttackPotion"},{"floor":12.0,"key":"LifebloodPotion"},{"floor":14.0,"key":"DuplicationPotion"}],"is_trial":false,"path_per_floor":["M","?","M","M","$","R","M","R","T","M","M","E","?","?","R","B",null,"M","$","M","?"],"character_chosen":"THE_SILENT","items_purchased":["Medical Kit"],"campfire_rested":0,"item_purchase_floors":[19],"current_hp_per_floor":[44,44,38,32,32,32,32,32,32,32,41,18,18,32,32,34,58,35,35,37,37,37],"gold":45,"neow_bonus":"ONE_RARE_RELIC","is_daily":false,"chose_seed":false,"campfire_upgraded":3,"win_rate":0.0,"timestamp":1611491532,"path_taken":["M","?","?","M","$","R","M","R","T","M","?","E","?","?","R","BOSS","M","$","M","?"],"items_purchased_type":["Relic"],"build_version":"2020-12-22","purchased_purges":2,"victory":false,"max_hp_per_floor":[66,66,66,66,66,66,66,66,66,66,66,66,66,66,66,66,66,66,66,66,66,66],"relic_stats":{"Blood Vial":10,"counters":[12,45],"Pandora\u0027s Box":[],"Medical Kit":[0],"obtain_stats":[{"Blood Vial":12,"SlaversCollar":17,"Pandora\u0027s Box":0,"Odd Mushroom":14,"Medical Kit":19,"Toy Ornithopter":9,"REME_ComplimentaryCards":0,"conspire:InfiniteJournal":0},{"Blood Vial":7,"SlaversCollar":9,"Pandora\u0027s Box":0,"Odd Mushroom":8,"Medical Kit":10,"Toy Ornithopter":4,"REME_ComplimentaryCards":0,"conspire:InfiniteJournal":0},{"Blood Vial":22,"SlaversCollar":34,"Pandora\u0027s Box":0,"Odd Mushroom":26,"Medical Kit":38,"Toy Ornithopter":11,"REME_ComplimentaryCards":0,"conspire:InfiniteJournal":0}],"Toy Ornithopter":25},"card_choices":[{"not_picked":["PiercingWail","Cloak And Dagger"],"picked":"Blade Dance","floor":1.0},{"not_picked":["Draining Mist","Bane"],"picked":"ReplayTheSpireMod:Speed Training","floor":3.0},{"not_picked":["Prepared","Catalyst","ReplayTheSpireMod:Exploit Weakness"],"picked":"SKIP","floor":4.0},{"not_picked":["Catalyst","ReplayTheSpireMod:Exploit Weakness"],"picked":"Prepared","floor":4.0},{"not_picked":["Blade Dance","Sucker Punch","ReplayTheSpireMod:Tripwire"],"picked":"SKIP","floor":7.0},{"not_picked":["Dodge and Roll","Replay:Poison Smokescreen"],"picked":"Distraction","floor":10.0},{"not_picked":["Sucker Punch","Dagger Throw"],"picked":"PiercingWail","floor":11.0},{"not_picked":["Slice","REME_ShadowStrike"],"picked":"Well Laid Plans","floor":12.0},{"not_picked":["Poison Darts","Storm of Steel"],"picked":"Adrenaline","floor":16.0},{"not_picked":["Calculated Gamble","Dagger Spray"],"picked":"All Out Attack","floor":18.0},{"not_picked":["Distraction","Deadly Poison"],"picked":"Leg Sweep","floor":20}],"player_experience":1241047,"relics_obtained":[{"floor":9.0,"key":"Toy Ornithopter"},{"floor":12.0,"key":"Blood Vial"},{"floor":14.0,"key":"Odd Mushroom"}],"event_choices":[{"damage_healed":0.0,"max_hp_gain":0.0,"max_hp_loss":0.0,"gold_gain":0.0,"event_name":"Upgrade Shrine","player_choice":"Upgraded","floor":2.0,"gold_loss":0.0,"damage_taken":0.0,"cards_upgraded":["Berserk"]},{"damage_healed":0.0,"max_hp_gain":0.0,"max_hp_loss":0.0,"gold_gain":0.0,"event_name":"Mushrooms","player_choice":"Fought Mushrooms","floor":14.0,"gold_loss":0.0,"damage_taken":0.0},{"damage_healed":0,"gold_gain":0,"player_choice":"Fought Bandits","damage_taken":0,"max_hp_gain":0,"max_hp_loss":0,"event_name":"Masked Bandits","floor":21,"gold_loss":0}],"is_beta":false,"boss_relics":[{"not_picked":["Fusion Hammer","Busted Crown"],"picked":"SlaversCollar"}],"items_purged_floors":[5,19],"is_endless":false,"potions_floor_spawned":[4,7,11,12,14],"killed_by":"Masked Bandits","ascension_level":20}}