{"host":"8c7ixdz8x9d2d2wv","time":1611524153,"event":{"mods":["AYAYA","BaseMod","Better Altar","Better Sensory Stone","Better Third Choice","Better-Laid Plans","BetterRewards","Colored Map","Colored Powertips","Curses Come First","Dark Map","Defuse TimeMaze Blight","Emptier Cage","Good Game Mod","Highlight Path","Minty Spire (QoL Compilation)","Quick Restart","Rare Cards Sparkle","Relic Sorter","Remove Card Discount Mod","Reorder Act Four","Shop Mod","StSLib","Transform Curses","Uncapped","everything is the same but u backflip on backflip"],"gold_per_floor":[117,117,117,142,32,32,59,59,59,75,91,91,116,129,129,233,233,246,266,258,277,277,277,129,140,222,45,45,45,45,62,62,161,161,174,229,73,0,11,11,61,80,80,80,94,94,127,99,99,99,99,99,99,127,127],"floor_reached":56,"language":"ENG","playtime":2354,"items_purged":["Strike_G","Defend_G","Survivor","Strike_G","Defend_G","Defend_G","Decay","Defend_G","Defend_G","Strike_G","Strike_G","Deflect"],"score":1498,"play_id":"23e932b7-2176-4baf-baef-0c0882997e50","local_time":"20210124223553","is_ascension_mode":false,"campfire_choices":[{"data":"Bouncing Flask","floor":6,"key":"SMITH"},{"data":"Cloak And Dagger","floor":12,"key":"SMITH"},{"floor":15,"key":"REST"},{"data":"Catalyst","floor":23,"key":"SMITH"},{"data":"Sadistic Nature","floor":28,"key":"SMITH"},{"data":"Establishment","floor":32,"key":"SMITH"},{"data":"Cloak And Dagger","floor":40,"key":"SMITH"},{"data":"Catalyst","floor":44,"key":"SMITH"},{"floor":49,"key":"RECALL"},{"data":"Deflect","floor":53,"key":"SMITH"}],"circlet_count":0,"master_deck":["Footwork+1","Bouncing Flask+1","Establishment+1","Cloak And Dagger+1","Catalyst+1","Sadistic Nature+1","Blur+1","Noxious Fumes","Cloak And Dagger+1","Noxious Fumes","Catalyst+1","Well Laid Plans+1","Burst+1","Deflect+1"],"relics":["Ring of the Snake","The Specimen","TwistedFunnel","Snake Skull","REME:ComplimentaryCards","MerchantsRug","Oddly Smooth Stone","Paper Crane","Vajra","Bronze Scales","Black Star","Incense Burner","Bag of Marbles","War Paint","Gambling Chip","Toy Ornithopter"],"acts_visited":["Exordium","TheCity","TheBeyond","TheEnding"],"potions_floor_usage":[13,19,33,33,33,36,50,50,55],"damage_taken":[{"damage":0,"enemies":"Jaw Worm","floor":1,"turns":6},{"damage":0,"enemies":"2 Louse","floor":4,"turns":2},{"damage":0,"enemies":"Small Slimes","floor":10,"turns":3},{"damage":4,"enemies":"3 Louse","floor":11,"turns":3},{"damage":8,"enemies":"Gremlin Nob","floor":13,"turns":5},{"damage":2,"enemies":"Exordium Thugs","floor":14,"turns":4},{"damage":12,"enemies":"Hexaghost","floor":16,"turns":8},{"damage":0,"enemies":"Shell Parasite","floor":18,"turns":4},{"damage":2,"enemies":"2 Thieves","floor":19,"turns":3},{"damage":0,"enemies":"Chosen and Byrds","floor":21,"turns":3},{"damage":0,"enemies":"Snecko","floor":25,"turns":3},{"damage":0,"enemies":"Centurion and Healer","floor":31,"turns":3},{"damage":7,"enemies":"Champ","floor":33,"turns":4},{"damage":0,"enemies":"3 Shapes","floor":35,"turns":2},{"damage":22,"enemies":"2 Orb Walkers","floor":36,"turns":3},{"damage":2,"enemies":"3 Darklings","floor":39,"turns":4},{"damage":0,"enemies":"Mind Bloom Boss Battle","floor":41,"turns":3},{"damage":10,"enemies":"Spire Growth","floor":42,"turns":4},{"damage":0,"enemies":"Transient","floor":45,"turns":5},{"damage":0,"enemies":"Giant Head","floor":47,"turns":5},{"damage":10,"enemies":"Awakened One","floor":50,"turns":7},{"damage":5,"enemies":"Shield and Spear","floor":54,"turns":5},{"damage":66,"enemies":"The Heart","floor":55,"turns":5}],"seed_played":"2635540600469663785","potions_obtained":[{"floor":4,"key":"Ancient Potion"},{"floor":13,"key":"Energy Potion"},{"floor":16,"key":"LiquidBronze"},{"floor":18,"key":"GhostInAJar"},{"floor":21,"key":"LiquidMemories"},{"floor":35,"key":"Regen Potion"},{"floor":41,"key":"SkillPotion"},{"floor":47,"key":"CultistPotion"},{"floor":54,"key":"FearPotion"}],"is_trial":false,"path_per_floor":["M","?","?","M","$","R","T","?","T","M","M","R","E","M","R","B",null,"M","M","$","M","?","R","$","M","T","$","R","?","?","M","R","B",null,"M","?","$","?","M","R","?","M","T","R","M","?","E","$","R","B",null,"$","R","E","B",null],"character_chosen":"THE_SILENT","items_purchased":["MerchantsRug","TwistedFunnel","Thread and Needle","Lizard Tail","Footwork","Deflect","The Specimen","Bronze Scales","Sadistic Nature","Blur","Snake Skull","Noxious Fumes","Cloak And Dagger","War Paint","Deflect"],"campfire_rested":1,"item_purchase_floors":[0,0,0,0,0,0,5,24,27,27,37,37,37,48,48],"current_hp_per_floor":[29,29,17,17,17,17,17,17,17,17,13,13,5,3,24,12,70,70,68,68,68,68,68,68,68,68,68,68,68,68,68,68,61,70,70,53,53,53,51,51,51,41,51,51,51,51,51,51,51,41,80,80,80,75,14],"gold":127,"neow_bonus":"","is_daily":false,"chose_seed":false,"campfire_upgraded":8,"win_rate":0.0,"timestamp":1611524153,"path_taken":["M","?","?","M","?","R","?","?","T","M","M","R","E","M","R","BOSS","M","M","$","?","?","R","?","?","T","$","R","?","?","M","R","BOSS","M","?","$","?","M","R","?","M","T","R","M","?","E","$","R","BOSS","$","R","E","BOSS"],"items_purchased_type":["Relic","Relic","Relic","Relic","Card","Card","Relic","Relic","Card","Card","Relic","Card","Card","Relic","Card"],"build_version":"2020-12-22","purchased_purges":12,"victory":true,"max_hp_per_floor":[70,70,70,70,70,70,70,70,70,70,70,70,70,70,70,70,70,70,70,70,70,70,70,70,70,70,70,70,70,70,70,70,70,70,70,70,70,70,70,70,70,70,80,80,80,80,80,80,80,80,80,80,80,80,80],"card_choices":[{"not_picked":["PiercingWail","Underhanded Strike","Acrobatics"],"picked":"SKIP","floor":1},{"not_picked":["PiercingWail","Outmaneuver"],"picked":"Bouncing Flask","floor":4},{"not_picked":["Slice","Poisoned Stab","Backflip"],"picked":"SKIP","floor":10},{"not_picked":["Reflex","Concentrate"],"picked":"Cloak And Dagger","floor":11},{"not_picked":["Tools of the Trade","Underhanded Strike","Skewer"],"picked":"SKIP","floor":13},{"not_picked":["Accuracy","Predator"],"picked":"Catalyst","floor":14},{"not_picked":["Sucker Punch"],"picked":"SKIP","floor":18},{"not_picked":["Acrobatics"],"picked":"SKIP","floor":19},{"not_picked":["Heel Hook"],"picked":"SKIP","floor":21},{"not_picked":["Finisher"],"picked":"SKIP","floor":25},{"not_picked":["Blade Dance"],"picked":"SKIP","floor":31},{"not_picked":["Backflip"],"picked":"SKIP","floor":35},{"not_picked":["Crippling Poison+1","Flechettes","Poisoned Stab"],"picked":"SKIP","floor":39},{"not_picked":["Prepared+1","Underhanded Strike"],"picked":"Noxious Fumes","floor":41},{"not_picked":["Backstab","Choke+1"],"picked":"Catalyst","floor":42},{"not_picked":["Deflect+1","Quick Slash+1"],"picked":"Well Laid Plans+1","floor":45},{"not_picked":["Backstab+1","Riddle With Holes"],"picked":"Burst","floor":47},{"not_picked":["Blade Dance","Slice+1","Underhanded Strike"],"picked":"SKIP","floor":54}],"player_experience":676028,"relics_obtained":[{"floor":7,"key":"Oddly Smooth Stone"},{"floor":13,"key":"Paper Crane"},{"floor":22,"key":"Vajra"},{"floor":26,"key":"Pantograph"},{"floor":36,"key":"Incense Burner"},{"floor":41,"key":"Du-Vu Doll"},{"floor":43,"key":"Pear"},{"floor":47,"key":"Bag of Marbles"},{"floor":47,"key":"Whetstone"},{"floor":54,"key":"Gambling Chip"},{"floor":54,"key":"Toy Ornithopter"}],"event_choices":[{"damage_healed":0,"gold_gain":0,"player_choice":"Grow","damage_taken":0,"max_hp_gain":0,"max_hp_loss":0,"event_name":"Living Wall","floor":2,"gold_loss":0,"cards_upgraded":["Footwork"]},{"damage_healed":0,"gold_gain":0,"player_choice":"Relic ","damage_taken":12,"max_hp_gain":0,"max_hp_loss":0,"event_name":"betterThird:BetterScrap","floor":3,"gold_loss":0,"cards_obtained":["Study"]},{"damage_healed":0,"gold_gain":0,"player_choice":"Cursed","damage_taken":0,"max_hp_gain":0,"max_hp_loss":0,"event_name":"Wheel of Change","floor":8,"gold_loss":0,"cards_obtained":["Decay"]},{"damage_healed":0,"gold_gain":0,"player_choice":"Relic","damage_taken":0,"max_hp_gain":0,"max_hp_loss":0,"event_name":"Wheel of Change","floor":22,"gold_loss":0},{"damage_healed":0,"gold_gain":2,"player_choice":"1","damage_taken":0,"max_hp_gain":0,"max_hp_loss":0,"event_name":"betterStone:BetterStone","floor":29,"gold_loss":0},{"damage_healed":0,"gold_gain":0,"player_choice":"Ignored","damage_taken":0,"max_hp_gain":0,"max_hp_loss":0,"event_name":"Ghosts","floor":30,"gold_loss":0},{"damage_healed":0,"gold_gain":0,"player_choice":"Fight","damage_taken":0,"max_hp_gain":0,"max_hp_loss":0,"event_name":"Mysterious Sphere","floor":36,"gold_loss":0},{"damage_healed":0,"gold_gain":0,"player_choice":"Paid","damage_taken":0,"relics_obtained":["Red Mask"],"max_hp_gain":0,"max_hp_loss":0,"event_name":"Tomb of Lord Red Mask","floor":38,"gold_loss":73},{"damage_healed":0,"gold_gain":0,"player_choice":"Fight","damage_taken":0,"max_hp_gain":0,"max_hp_loss":0,"event_name":"MindBloom","floor":41,"gold_loss":0},{"cards_removed":["Neutralize"],"damage_healed":0,"gold_gain":0,"player_choice":"Removed Attack","damage_taken":0,"max_hp_gain":0,"max_hp_loss":0,"event_name":"Falling","floor":46,"gold_loss":0}],"is_beta":false,"boss_relics":[{"not_picked":["Velvet Choker","Ectoplasm"],"picked":"Busted Crown"},{"not_picked":["Coffee Dripper","Cursed Key"],"picked":"Black Star"}],"items_purged_floors":[0,0,0,0,5,5,20,20,20,20,27,48],"is_endless":false,"potions_floor_spawned":[4,13,16,18,21,35,41,47,54],"ascension_level":0}}