{"host":"u1dfzl6o6mfmauc3","time":1611463563,"event":{"mods":["2.2 Compatiblity","AchievementEnabler","BaseMod","Block Reminder","Challenge The Spire","Dark Map","Hermit","Minty Spire (QoL Compilation)","Relic Stats","Robot Space Explorer","StSLib","The Disciple"],"gold_per_floor":[116,134,209,309,319,319,353,353,381,381,381,393,568,49,75,75,175,175,190,205,305,317,329,329,356,367,399,478,22,22,22,40,67,81,81,182,182,193,205,255,269,345,345,364,364,388,410,431,188,223,235,261,261,268,268,268,120,156,156,156],"floor_reached":59,"language":"ENG","playtime":3508,"items_purged":["Doubt","hermit:Strike_Hermit"],"score":1157,"play_id":"6a7c8f0f-c7bd-4efc-88a2-ba506a0bbdba","local_time":"20210123234603","is_ascension_mode":true,"campfire_choices":[{"data":"hermit:Misfire","floor":6,"key":"SMITH"},{"floor":8,"key":"REST"},{"data":"hermit:LowProfile","floor":11,"key":"SMITH"},{"data":"hermit:Magnum","floor":16,"key":"SMITH"},{"floor":24,"key":"REST"},{"floor":31,"key":"REST"},{"floor":35,"key":"REST"},{"data":"1","floor":43,"key":"LIFT"},{"data":"2","floor":45,"key":"LIFT"},{"floor":53,"key":"RECALL"},{"floor":56,"key":"REST"}],"circlet_count":0,"master_deck":["hermit:Strike_Hermit","hermit:Strike_Hermit","hermit:Strike_Hermit","hermit:Defend_Hermit","hermit:Defend_Hermit","hermit:Defend_Hermit","hermit:Defend_Hermit","hermit:Snapshot","hermit:Covet","hermit:Glare","hermit:LowProfile+1","hermit:Misfire+1","hermit:Vantage+1","hermit:Showdown","hermit:Horror+1","hermit:Headshot","hermit:Magnum+1","hermit:RoundhouseKick","hermit:Deadeye","hermit:Manifest+1","hermit:EyeOfTheStorm+1","hermit:NoHoldsBarred+1","hermit:GhostlyPresence+1","hermit:Dive+1","hermit:Gestalt+1","hermit:Gambit+1","hermit:DeadMansHand+1","hermit:LoneWolf+1","Parasite","hermit:Scavenge+1","hermit:ShadowCloak+1","hermit:GhostlyPresence+1","hermit:HeroicBravado+1","hermit:SprayPray+1","hermit:Headshot+1","hermit:Midnight+1","hermit:Virtue+1"],"relics":["Runic Pyramid","Toxic Egg 2","Darkstone Periapt","Lee\u0027s Waffle","Toy Ornithopter","Bag of Preparation","Fusion Hammer","Nunchaku","Eternal Feather","Question Card","Regal Pillow","Strawberry","Boot","hermit:DentedPlate","Girya","Bronze Scales","Orrery","Anchor","Sundial","Unceasing Top"],"acts_visited":["Exordium","TheCity","TheBeyond","TheEnding"],"potions_floor_usage":[20,25,26,27,41,47,47,48,54,58,59],"damage_taken":[{"damage":2,"enemies":"Jaw Worm","floor":1,"turns":3},{"damage":0,"enemies":"Small Slimes","floor":2,"turns":3},{"damage":1,"enemies":"Cultist","floor":5,"turns":3},{"damage":31,"enemies":"Gremlin Nob","floor":7,"turns":4},{"damage":0,"enemies":"Lagavulin","floor":9,"turns":6},{"damage":0,"enemies":"Blue Slaver","floor":12,"turns":3},{"damage":10,"enemies":"3 Sentries","floor":15,"turns":7},{"damage":0,"enemies":"The Guardian","floor":17,"turns":7},{"damage":0,"enemies":"Spheric Guardian","floor":19,"turns":3},{"damage":4,"enemies":"3 Byrds","floor":20,"turns":4},{"damage":0,"enemies":"3 Cultists","floor":22,"turns":4},{"damage":0,"enemies":"Snake Plant","floor":23,"turns":3},{"damage":23,"enemies":"Gremlin Leader","floor":25,"turns":6},{"damage":2,"enemies":"Cultist and Chosen","floor":26,"turns":6},{"damage":24,"enemies":"Book of Stabbing","floor":27,"turns":4},{"damage":25,"enemies":"Chosen and Byrds","floor":32,"turns":5},{"damage":0,"enemies":"Gremlin Leader","floor":33,"turns":3},{"damage":0,"enemies":"3 Cultists","floor":34,"turns":4},{"damage":1,"enemies":"Automaton","floor":36,"turns":11},{"damage":2,"enemies":"Orb Walker","floor":38,"turns":5},{"damage":3,"enemies":"3 Darklings","floor":39,"turns":2},{"damage":0,"enemies":"Mind Bloom Boss Battle","floor":40,"turns":6},{"damage":28,"enemies":"Writhing Mass","floor":41,"turns":6},{"damage":2,"enemies":"Spire Growth","floor":44,"turns":5},{"damage":18,"enemies":"Maw","floor":47,"turns":8},{"damage":0,"enemies":"3 Darklings","floor":48,"turns":5},{"damage":1,"enemies":"Nemesis","floor":50,"turns":4},{"damage":1,"enemies":"Transient","floor":51,"turns":5},{"damage":5,"enemies":"Giant Head","floor":52,"turns":12},{"damage":51,"enemies":"Awakened One","floor":54,"turns":17},{"damage":58,"enemies":"Shield and Spear","floor":58,"turns":8},{"damage":132,"enemies":"The Heart","floor":59,"turns":8}],"seed_played":"7903001892584461391","potions_obtained":[{"floor":2,"key":"hermit:Tonic"},{"floor":12,"key":"Energy Potion"},{"floor":15,"key":"Fire Potion"},{"floor":22,"key":"DistilledChaos"},{"floor":26,"key":"Block Potion"},{"floor":32,"key":"SneckoOil"},{"floor":34,"key":"Energy Potion"},{"floor":36,"key":"Block Potion"},{"floor":41,"key":"EssenceOfSteel"},{"floor":47,"key":"EssenceOfSteel"},{"floor":58,"key":"FearPotion"}],"is_trial":false,"path_per_floor":["M","M","?","?","M","R","E","R","E","T","R","M","?","$","E","R","B",null,"M","M","?","M","M","R","E","M","E","T","$","$","R","M","E","M","R","B",null,"M","M","?","M","T","R","M","R","T","M","M","$","E","M","E","R","B",null,"R","$","E","B"],"character_chosen":"HERMIT","items_purchased":["Lee\u0027s Waffle","FairyPotion","hermit:Headshot","Toy Ornithopter","hermit:GhostlyPresence+1","Regal Pillow","Strawberry","Regen Potion","Block Potion","Fire Potion","Orrery","PowerPotion"],"campfire_rested":5,"item_purchase_floors":[14,14,14,14,29,29,29,29,49,49,49,57],"current_hp_per_floor":[73,73,62,62,61,61,30,52,52,52,52,52,58,88,78,78,78,88,88,84,84,84,84,88,68,71,52,52,59,59,95,70,70,70,95,94,126,124,121,121,104,104,122,120,133,133,125,130,130,129,128,123,133,87,87,133,133,80,0,0],"gold":156,"neow_bonus":"BOSS_RELIC","is_daily":false,"chose_seed":false,"campfire_upgraded":3,"win_rate":0.0,"timestamp":1611463563,"path_taken":["M","M","?","?","M","R","E","R","E","T","R","?","?","$","E","R","BOSS","M","M","?","?","M","R","E","?","E","T","?","$","R","M","E","M","R","BOSS","M","M","?","M","?","R","M","R","T","?","M","$","E","M","E","R","BOSS","R","$","E","BOSS"],"items_purchased_type":["Relic","Potion","Card","Relic","Card","Relic","Relic","Potion","Potion","Potion","Relic","Potion"],"build_version":"2020-12-22","purchased_purges":2,"victory":false,"max_hp_per_floor":[75,75,75,75,75,75,75,75,75,75,75,75,81,88,88,88,88,88,88,88,88,88,88,88,88,88,88,88,95,95,95,95,95,95,95,95,127,127,127,127,133,133,133,133,133,133,133,133,133,133,133,133,133,133,133,133,133,133,133,133],"relic_stats":{"Darkstone Periapt":12,"Lee\u0027s Waffle":30,"Regal Pillow":0,"counters":[32,180],"Eternal Feather":89,"Bag of Preparation":[50],"Question Card":20,"Boot":[27],"Nunchaku":[22],"Sundial":[2],"Bronze Scales":[324],"obtain_stats":[{"Darkstone Periapt":10,"Girya":40,"Lee\u0027s Waffle":14,"Regal Pillow":29,"hermit:DentedPlate":37,"Eternal Feather":27,"Bag of Preparation":15,"Question Card":28,"Boot":33,"Nunchaku":25,"Anchor":50,"Sundial":52,"Strawberry":29,"Bronze Scales":46,"Orrery":49,"Fusion Hammer":18,"Toxic Egg 2":7,"hermit:Momento":0,"Toy Ornithopter":14,"Unceasing Top":58,"Runic Pyramid":0},{"Darkstone Periapt":5,"Girya":22,"Lee\u0027s Waffle":6,"Regal Pillow":15,"hermit:DentedPlate":19,"Eternal Feather":15,"Bag of Preparation":7,"Question Card":15,"Boot":17,"Nunchaku":13,"Anchor":27,"Sundial":29,"Strawberry":15,"Bronze Scales":24,"Orrery":26,"Fusion Hammer":8,"Toxic Egg 2":4,"hermit:Momento":0,"Toy Ornithopter":6,"Unceasing Top":31,"Runic Pyramid":0},{"Darkstone Periapt":19,"Girya":102,"Lee\u0027s Waffle":22,"Regal Pillow":66,"hermit:DentedPlate":89,"Eternal Feather":66,"Bag of Preparation":29,"Question Card":66,"Boot":74,"Nunchaku":56,"Anchor":130,"Sundial":147,"Strawberry":66,"Bronze Scales":113,"Orrery":126,"Fusion Hammer":36,"Toxic Egg 2":13,"hermit:Momento":0,"Toy Ornithopter":22,"Unceasing Top":172,"Runic Pyramid":0}],"Toy Ornithopter":48,"Unceasing Top":[2]},"card_choices":[{"not_picked":["hermit:ItchyTrigger","hermit:Coalescence"],"picked":"hermit:Glare","floor":1},{"not_picked":["hermit:BodyArmor","hermit:Vantage"],"picked":"hermit:LowProfile","floor":2},{"not_picked":["hermit:SprayPray","hermit:GoldenBullet"],"picked":"hermit:Misfire","floor":5},{"not_picked":["hermit:TakeCover+1","hermit:BodyArmor+1"],"picked":"hermit:Vantage+1","floor":7},{"not_picked":["hermit:Misfire","hermit:Glare+1"],"picked":"hermit:Showdown","floor":9},{"not_picked":["hermit:Headshot","hermit:Manifest+1"],"picked":"hermit:Horror+1","floor":12},{"not_picked":["hermit:DeadMansHand+1","hermit:LowProfile+1"],"picked":"hermit:Magnum","floor":15},{"not_picked":["hermit:FinalCanter","hermit:BlackWind"],"picked":"hermit:RoundhouseKick","floor":17},{"not_picked":["hermit:SprayPray","hermit:WideOpen"],"picked":"hermit:Deadeye","floor":19},{"not_picked":["hermit:TakeCover+1","hermit:Roulette","hermit:HoleUp+1"],"picked":"SKIP","floor":20},{"not_picked":["hermit:Quickdraw","hermit:Misfire"],"picked":"hermit:Manifest+1","floor":22},{"not_picked":["hermit:Vantage+1","hermit:Headshot","hermit:Misfire"],"picked":"SKIP","floor":23},{"not_picked":["hermit:Horror+1","hermit:Ricochet+1"],"picked":"hermit:EyeOfTheStorm+1","floor":25},{"not_picked":["hermit:Desperado+1","hermit:Cheat+1","hermit:Showdown"],"picked":"SKIP","floor":26},{"not_picked":["hermit:Enervate","hermit:GhostlyPresence+1"],"picked":"hermit:NoHoldsBarred+1","floor":27},{"not_picked":["hermit:CalledShot","hermit:BodyArmor+1","hermit:Purgatory","hermit:WideOpen"],"picked":"SKIP","floor":32},{"not_picked":["hermit:ItchyTrigger","hermit:PistolWhip","hermit:FlashPowder+1"],"picked":"hermit:Dive+1","floor":33},{"not_picked":["hermit:ItchyTrigger","hermit:CalledShot","hermit:Vantage+1"],"picked":"hermit:Gestalt+1","floor":34},{"not_picked":["hermit:FromBeyond+1","hermit:HighNoon","hermit:RoundhouseKick"],"picked":"hermit:Gambit+1","floor":36},{"not_picked":["hermit:Determination","hermit:HighCaliber","hermit:Coalescence+1"],"picked":"hermit:DeadMansHand+1","floor":38},{"not_picked":["hermit:Manifest+1","hermit:Shortfuse","hermit:DeadMansHand+1"],"picked":"hermit:LoneWolf+1","floor":39},{"not_picked":["hermit:Horror+1","hermit:CalledShot","hermit:Deadeye+1"],"picked":"hermit:Scavenge+1","floor":41},{"not_picked":["hermit:Roulette+1","hermit:WideOpen+1","hermit:SprayPray","hermit:Ricochet+1"],"picked":"SKIP","floor":44},{"not_picked":["hermit:WideOpen","hermit:Scavenge+1","hermit:Midnight+1","hermit:Enervate"],"picked":"SKIP","floor":47},{"not_picked":["hermit:WideOpen+1","hermit:Misfire+1","hermit:Enervate"],"picked":"hermit:ShadowCloak+1","floor":48},{"not_picked":["hermit:Feint+1","hermit:CalledShot+1","hermit:Vantage+1"],"picked":"hermit:GhostlyPresence+1","floor":49},{"not_picked":["hermit:CalledShot","hermit:Glare+1","hermit:TrackingShot"],"picked":"hermit:HeroicBravado+1","floor":49},{"not_picked":["hermit:Grudge+1","hermit:CalledShot","hermit:Desperado+1"],"picked":"hermit:SprayPray+1","floor":50},{"not_picked":["hermit:Desperado+1","hermit:Malice","hermit:Virtue+1"],"picked":"hermit:Headshot+1","floor":51},{"not_picked":["hermit:Snipe+1","hermit:SprayPray+1","hermit:CursedWeapon"],"picked":"hermit:Midnight+1","floor":52},{"not_picked":["hermit:WideOpen+1","hermit:PistolWhip","hermit:HighCaliber"],"picked":"hermit:Virtue+1","floor":58}],"player_experience":138287,"relics_obtained":[{"floor":7,"key":"Toxic Egg 2"},{"floor":10,"key":"Darkstone Periapt"},{"floor":15,"key":"Bag of Preparation"},{"floor":25,"key":"Nunchaku"},{"floor":27,"key":"Eternal Feather"},{"floor":28,"key":"Question Card"},{"floor":33,"key":"Boot"},{"floor":40,"key":"Girya"},{"floor":46,"key":"Bronze Scales"},{"floor":50,"key":"Anchor"},{"floor":52,"key":"Sundial"},{"floor":58,"key":"Unceasing Top"}],"event_choices":[{"damage_healed":0,"gold_gain":75,"player_choice":"Gather Gold","damage_taken":11,"max_hp_gain":0,"max_hp_loss":0,"event_name":"World of Goop","floor":3,"gold_loss":0},{"damage_healed":0,"gold_gain":100,"player_choice":"Pray","damage_taken":0,"max_hp_gain":0,"max_hp_loss":0,"event_name":"Golden Shrine","floor":4,"gold_loss":0},{"damage_healed":0,"gold_gain":175,"player_choice":"AGREE","damage_taken":0,"max_hp_gain":0,"max_hp_loss":0,"event_name":"Liars Game","floor":13,"gold_loss":0,"cards_obtained":["Doubt"]},{"damage_healed":0,"gold_gain":100,"player_choice":"Pray","damage_taken":0,"max_hp_gain":0,"max_hp_loss":0,"event_name":"Golden Shrine","floor":21,"gold_loss":0},{"damage_healed":0,"gold_gain":0,"player_choice":"Fight","damage_taken":0,"max_hp_gain":0,"max_hp_loss":0,"event_name":"MindBloom","floor":40,"gold_loss":0}],"is_beta":false,"boss_relics":[{"not_picked":["Black Star","Philosopher\u0027s Stone"],"picked":"Fusion Hammer"},{"not_picked":["Velvet Choker","Tiny House"],"picked":"hermit:DentedPlate"}],"items_purged_floors":[14,57],"is_endless":false,"potions_floor_spawned":[2,12,15,17,19,22,26,32,34,36,38,40,41,47,58],"killed_by":"The Heart","ascension_level":4}}