{"host":"yn1175etg9ni8l0q","time":1611482935,"event":{"mods":["AchievementEnabler","BaseMod","Colored Map","Colored Powertips","DeckTracker","Minty Spire (QoL Compilation)","Rare Cards Sparkle","Relic Stats","SuperFastMode","everything is the same but u backflip on backflip"],"gold_per_floor":[116,128,143,159,179,179,197,197,278,309,234,309,329,329,329,428,428,442,460,489,502,187,187,214,89,89,109,119,119,119,135,135,236,236,248,248,172,172,183,218,218,318,392,402,420,431,431,449,449,449,449,449,3,35,35],"floor_reached":56,"language":"KOR","playtime":2444,"items_purged":["Strike_P","Strike_P","Defend_P","EmptyMind+1"],"score":1228,"play_id":"3cbd5f6a-2842-43b6-8907-1c992185e8b2","local_time":"20210124190855","is_ascension_mode":false,"campfire_choices":[{"data":"Eruption","floor":6.0,"key":"SMITH"},{"data":"Adaptation","floor":8.0,"key":"SMITH"},{"data":"WheelKick","floor":15.0,"key":"SMITH"},{"data":"TalkToTheHand","floor":23.0,"key":"SMITH"},{"floor":30.0,"key":"REST"},{"floor":32.0,"key":"REST"},{"data":"Vault","floor":41.0,"key":"SMITH"},{"data":"Adaptation","floor":47.0,"key":"SMITH"},{"floor":49,"key":"RECALL"},{"data":"MentalFortress","floor":52,"key":"SMITH"}],"circlet_count":0,"master_deck":["Eruption+1","Vigilance","Adaptation+1","WheelKick+1","FlurryOfBlows","EmptyFist","TalkToTheHand+1","MentalFortress+1","MentalFortress","Scrawl","Tantrum","DeusExMachina","Scrawl","Adaptation+1","Vault+1","Master of Strategy","Trip","Meditate+1","Blind"],"relics":["HolyWater","Yang","Matryoshka","Red Mask","ClockworkSouvenir","FossilizedHelix","Centennial Puzzle","Pandora\u0027s Box","Art of War","Anchor","The Courier","Orrery","Bag of Preparation"],"acts_visited":["Exordium","TheCity","TheBeyond","TheEnding"],"potions_floor_usage":[55,55],"damage_taken":[{"damage":1.0,"enemies":"2 Louse","floor":1.0,"turns":2.0},{"damage":0.0,"enemies":"Small Slimes","floor":2.0,"turns":3.0},{"damage":0.0,"enemies":"Jaw Worm","floor":3.0,"turns":4.0},{"damage":0.0,"enemies":"Large Slime","floor":4.0,"turns":3.0},{"damage":0.0,"enemies":"Looter","floor":5.0,"turns":2.0},{"damage":13.0,"enemies":"Gremlin Gang","floor":7.0,"turns":5.0},{"damage":19.0,"enemies":"3 Sentries","floor":10.0,"turns":7.0},{"damage":0.0,"enemies":"2 Fungi Beasts","floor":13.0,"turns":2.0},{"damage":16.0,"enemies":"Hexaghost","floor":16.0,"turns":9.0},{"damage":1.0,"enemies":"2 Thieves","floor":18.0,"turns":3.0},{"damage":6.0,"enemies":"3 Byrds","floor":19.0,"turns":5.0},{"damage":12.0,"enemies":"Masked Bandits","floor":20.0,"turns":4.0},{"damage":1.0,"enemies":"Centurion and Healer","floor":21.0,"turns":5.0},{"damage":30.0,"enemies":"Slavers","floor":24.0,"turns":7.0},{"damage":6.0,"enemies":"Snecko","floor":27.0,"turns":4.0},{"damage":10.0,"enemies":"Cultist and Chosen","floor":28.0,"turns":6.0},{"damage":0.0,"enemies":"Shelled Parasite and Fungi","floor":31.0,"turns":4.0},{"damage":44.0,"enemies":"Champ","floor":33.0,"turns":14.0},{"damage":4.0,"enemies":"3 Shapes","floor":35.0,"turns":4.0},{"damage":5.0,"enemies":"3 Darklings","floor":39.0,"turns":4.0},{"damage":17.0,"enemies":"Nemesis","floor":40.0,"turns":6.0},{"damage":0.0,"enemies":"Writhing Mass","floor":44.0,"turns":5.0},{"damage":0.0,"enemies":"Sphere and 2 Shapes","floor":45.0,"turns":3.0},{"damage":0.0,"enemies":"Spire Growth","floor":46.0,"turns":3.0},{"damage":0,"enemies":"Writhing Mass","floor":48,"turns":5},{"damage":31,"enemies":"Time Eater","floor":50,"turns":10},{"damage":14,"enemies":"Shield and Spear","floor":54,"turns":6},{"damage":62,"enemies":"The Heart","floor":55,"turns":11}],"seed_played":"-6933762504847914981","potions_obtained":[{"floor":3.0,"key":"Weak Potion"},{"floor":7.0,"key":"Weak Potion"},{"floor":10.0,"key":"Weak Potion"},{"floor":13.0,"key":"DistilledChaos"},{"floor":16.0,"key":"Swift Potion"},{"floor":18.0,"key":"Ambrosia"},{"floor":40.0,"key":"BottledMiracle"},{"floor":46.0,"key":"SpeedPotion"},{"floor":54,"key":"FairyPotion"}],"is_trial":false,"path_per_floor":["M","M","M","M","M","R","M","R","T","E","$","?","M","?","R","B",null,"M","M","?","M","$","R","E","$","T","M","M","$","R","M","R","B",null,"M","?","$","?","M","E","R","?","T","M","M","M","R","M","R","B",null,"R","$","E","B",null],"character_chosen":"WATCHER","items_purchased":["ClockworkSouvenir","MentalFortress","Regen Potion","Orrery","Blind","Bag of Preparation"],"campfire_rested":2,"item_purchase_floors":[22,22,37,53,53,53],"current_hp_per_floor":[71,71,71,71,71,71,58,58,58,39,39,28,28,33,33,17,77,76,70,58,57,57,57,27,27,27,21,11,11,34,34,57,13,77,73,63,63,63,58,41,41,41,41,41,41,41,41,41,41,10,77,77,77,63,16],"gold":35,"neow_bonus":"RANDOM_COLORLESS","is_daily":false,"chose_seed":false,"campfire_upgraded":7,"win_rate":0.0,"timestamp":1611482935,"path_taken":["M","M","M","M","M","R","M","R","T","E","$","?","M","?","R","BOSS","M","M","?","M","$","R","E","$","T","M","M","$","R","M","R","BOSS","M","?","$","?","M","E","R","?","T","?","M","M","R","M","R","BOSS","R","$","E","BOSS"],"items_purchased_type":["Relic","Card","Potion","Relic","Card","Relic"],"build_version":"2020-12-22","purchased_purges":4,"victory":true,"max_hp_per_floor":[72,72,72,72,72,72,72,72,72,72,72,72,72,77,77,77,77,77,77,77,77,77,77,77,77,77,77,77,77,77,77,77,77,77,77,77,77,77,77,77,77,77,77,77,77,77,77,77,77,77,77,77,77,77,77],"relic_stats":{"Centennial Puzzle":[26],"counters":[28,146],"Yang":[378],"Pandora\u0027s Box":["Tantrum","DeusExMachina","Scrawl","Adaptation","Vault"],"Art of War":[0],"Bag of Preparation":[2],"obtain_stats":[{"Yang":9,"The Courier":43,"Bag of Preparation":53,"ClockworkSouvenir":22,"Centennial Puzzle":26,"Anchor":43,"Matryoshka":10,"HolyWater":17,"Orrery":53,"Pandora\u0027s Box":34,"Red Mask":20,"Art of War":40,"PureWater":0,"FossilizedHelix":24},{"Yang":6,"The Courier":21,"Bag of Preparation":26,"ClockworkSouvenir":13,"Centennial Puzzle":14,"Anchor":21,"Matryoshka":7,"HolyWater":9,"Orrery":26,"Pandora\u0027s Box":18,"Red Mask":12,"Art of War":21,"PureWater":0,"FossilizedHelix":14},{"Yang":19,"The Courier":103,"Bag of Preparation":129,"ClockworkSouvenir":54,"Centennial Puzzle":61,"Anchor":103,"Matryoshka":26,"HolyWater":37,"Orrery":129,"Pandora\u0027s Box":89,"Red Mask":49,"Art of War":103,"PureWater":0,"FossilizedHelix":61}]},"card_choices":[{"not_picked":["Impatience","Purity"],"picked":"Discovery","floor":0.0},{"not_picked":["WreathOfFlame","ClearTheMind"],"picked":"Adaptation","floor":1.0},{"not_picked":["Prostrate","CrushJoints","Crescendo"],"picked":"SKIP","floor":2.0},{"not_picked":["Perseverance","Protect","Wireheading"],"picked":"SKIP","floor":3.0},{"not_picked":["SashWhip","Swivel"],"picked":"WheelKick","floor":4.0},{"not_picked":["WreathOfFlame","ThirdEye"],"picked":"FlurryOfBlows","floor":5.0},{"not_picked":["Study","Prostrate","JustLucky"],"picked":"SKIP","floor":7.0},{"not_picked":["CarveReality","Wireheading","Perseverance"],"picked":"SKIP","floor":10.0},{"not_picked":["DeceiveReality","JustLucky"],"picked":"EmptyFist","floor":13.0},{"not_picked":["FlyingSleeves+1","CrushJoints","Swivel"],"picked":"SKIP","floor":18.0},{"not_picked":["CrushJoints","FollowUp"],"picked":"TalkToTheHand","floor":19.0},{"not_picked":["Protect","Fasting2+1","Swivel"],"picked":"SKIP","floor":21.0},{"not_picked":["PathToVictory","Consecrate"],"picked":"MentalFortress","floor":24.0},{"not_picked":["Prostrate","FlyingSleeves+1","Swivel"],"picked":"SKIP","floor":27.0},{"not_picked":["Nirvana","SignatureMove","Worship+1"],"picked":"SKIP","floor":28.0},{"not_picked":["Worship","Collect+1"],"picked":"EmptyMind+1","floor":31.0},{"not_picked":["Judgement","DeusExMachina"],"picked":"Scrawl","floor":33.0},{"not_picked":["JustLucky","BowlingBash","ClearTheMind+1"],"picked":"SKIP","floor":35.0},{"not_picked":["Forethought","Madness"],"picked":"Master of Strategy","floor":36.0},{"not_picked":["Blind","Jack Of All Trades"],"picked":"Trip","floor":36.0},{"not_picked":["CrushJoints","JustLucky+1","CutThroughFate+1"],"picked":"SKIP","floor":39.0},{"not_picked":["Collect","Perseverance+1","Protect+1"],"picked":"SKIP","floor":40.0},{"not_picked":["EmptyBody","ThirdEye","FollowUp+1"],"picked":"SKIP","floor":44.0},{"not_picked":["Nirvana","Weave+1","Indignation+1"],"picked":"SKIP","floor":45.0},{"not_picked":["Protect","Consecrate"],"picked":"Meditate+1","floor":46.0},{"not_picked":["Brilliance","CutThroughFate+1","CrushJoints+1"],"picked":"SKIP","floor":48},{"not_picked":["BowlingBash+1","SignatureMove+1","CrushJoints"],"picked":"SKIP","floor":54},{"not_picked":["BowlingBash+1","SignatureMove+1","CrushJoints"],"picked":"SKIP","floor":54}],"player_experience":346434,"relics_obtained":[{"floor":9.0,"key":"Yang"},{"floor":10.0,"key":"Matryoshka"},{"floor":20.0,"key":"Red Mask"},{"floor":24.0,"key":"FossilizedHelix"},{"floor":26.0,"key":"Centennial Puzzle"},{"floor":40.0,"key":"Art of War"},{"floor":43.0,"key":"Anchor"},{"floor":43.0,"key":"The Courier"}],"event_choices":[{"damage_healed":0.0,"max_hp_gain":0.0,"max_hp_loss":0.0,"gold_gain":75.0,"event_name":"World of Goop","player_choice":"Gather Gold","floor":12.0,"gold_loss":0.0,"damage_taken":11.0},{"damage_healed":0.0,"max_hp_gain":5.0,"max_hp_loss":0.0,"gold_gain":0.0,"event_name":"Big Fish","player_choice":"Donut","floor":14.0,"gold_loss":0.0,"damage_taken":0.0},{"damage_healed":0.0,"max_hp_gain":0.0,"max_hp_loss":0.0,"gold_gain":0.0,"event_name":"Masked Bandits","player_choice":"Fought Bandits","floor":20.0,"gold_loss":0.0,"damage_taken":0.0},{"damage_healed":0.0,"max_hp_gain":0.0,"max_hp_loss":0.0,"gold_gain":0.0,"event_name":"SensoryStone","player_choice":"Memory 3","floor":36.0,"gold_loss":0.0,"damage_taken":10.0},{"cards_removed":["Discovery"],"damage_healed":0.0,"max_hp_gain":0.0,"max_hp_loss":0.0,"gold_gain":0.0,"event_name":"Falling","player_choice":"Removed Skill","floor":38.0,"gold_loss":0.0,"damage_taken":0.0},{"damage_healed":0.0,"max_hp_gain":0.0,"max_hp_loss":0.0,"gold_gain":100.0,"event_name":"Golden Shrine","player_choice":"Pray","floor":42.0,"gold_loss":0.0,"damage_taken":0.0}],"is_beta":false,"boss_relics":[{"not_picked":["Snecko Eye","Runic Dome"],"picked":"HolyWater"},{"not_picked":["SacredBark","Black Star"],"picked":"Pandora\u0027s Box"}],"items_purged_floors":[11,22,25,53],"is_endless":false,"potions_floor_spawned":[3,7,10,13,16,18,20,27,28,31,40,46,54],"ascension_level":0}}