{"host":"vgoo8hagqzs0eqkg","time":1611489347,"event":{"mods":["BaseMod","Downfall","Minty Spire (QoL Compilation)","Quick Restart","StSLib"],"gold_per_floor":[99,114,127,138,288,57,57,92,46,46,46,125,143,143,143,143],"floor_reached":14,"language":"ZHS","playtime":506,"items_purged":["hexamod:Strike"],"score":88,"play_id":"1e44a698-5191-4167-88e7-337cb91ea000","local_time":"20210124195547","is_ascension_mode":false,"campfire_choices":[{"floor":1,"key":"RECALL"},{"floor":11,"key":"REST"}],"circlet_count":0,"master_deck":["hexamod:Strike","hexamod:Strike","hexamod:Strike","hexamod:Defend","hexamod:Defend","hexamod:Defend","hexamod:Defend","hexamod:Sear","hexamod:Float","hexamod:FourthSeal","hexamod:BurningTouch","hexamod:SecondSeal","downfall:Icky","hexamod:GhostflameBarrier","hexamod:BurningTouch","hexamod:ThirdSeal","hexamod:Incineration"],"relics":["hexamod:SpiritBrand","Medical Kit","Strawberry","Lizard Tail","Girya","Mummified Hand"],"acts_visited":["Exordium"],"potions_floor_usage":[3,4,8,9,13,14],"damage_taken":[{"damage":1,"enemies":"Jaw Worm","floor":2,"turns":4},{"damage":0,"enemies":"2 Louse","floor":3,"turns":3},{"damage":5,"enemies":"Small Slimes","floor":4,"turns":4},{"damage":5,"enemies":"downfall:FleeingMerchant","floor":6,"turns":4},{"damage":41,"enemies":"Gremlin Nob","floor":8,"turns":6},{"damage":15,"enemies":"downfall:FleeingMerchant","floor":9,"turns":4},{"damage":19,"enemies":"Gremlin Gang","floor":13,"turns":5},{"damage":26,"enemies":"3 Sentries","floor":14,"turns":5}],"seed_played":"2539527690319985431","potions_obtained":[{"floor":0,"key":"GamblersBrew"},{"floor":0,"key":"LiquidBronze"},{"floor":0,"key":"PowerPotion"},{"floor":3,"key":"FairyPotion"},{"floor":4,"key":"Regen Potion"},{"floor":8,"key":"Regen Potion"},{"floor":9,"key":"Fire Potion"},{"floor":13,"key":"SmokeBomb"}],"is_trial":false,"path_per_floor":["R","M","M","M","?","$","T","E","$","?","R","T","M","E"],"character_chosen":"THE_SPIRIT","items_purchased":["Medical Kit","hexamod:ThirdSeal"],"campfire_rested":1,"item_purchase_floors":[6,9],"current_hp_per_floor":[70,69,69,64,64,59,66,40,34,31,54,54,35,9,9,9],"gold":143,"neow_bonus":"THREE_SMALL_POTIONS","is_daily":false,"chose_seed":false,"campfire_upgraded":0,"win_rate":0.0,"timestamp":1611489347,"path_taken":["R","M","M","M","?","$","T","E","$","?","R","?","M","E"],"items_purchased_type":["Relic","Card"],"build_version":"2020-12-22","purchased_purges":1,"victory":false,"max_hp_per_floor":[70,70,70,70,70,70,77,77,77,77,77,77,77,77,77,77],"card_choices":[{"not_picked":["hexamod:SpectersWail","hexamod:NightmareStrike"],"picked":"hexamod:FourthSeal","floor":2},{"not_picked":["hexamod:FastForward","hexamod:HauntingEcho"],"picked":"hexamod:BurningTouch","floor":3},{"not_picked":["hexamod:SuperheatedStrike","hexamod:InspiringFlames"],"picked":"hexamod:SecondSeal","floor":4},{"not_picked":["hexamod:BacktrackSmack","hexamod:ForkedFlame"],"picked":"hexamod:GhostflameBarrier","floor":6},{"not_picked":["hexamod:HeatMetal","hexamod:GhostOfSpirePresent"],"picked":"hexamod:BurningTouch","floor":8},{"not_picked":["hexamod:FastForward","hexamod:SuperheatedStrike","hexamod:NightmareStrike"],"picked":"SKIP","floor":9},{"not_picked":["hexamod:HauntingEcho","hexamod:Hexaguard"],"picked":"hexamod:Incineration","floor":13},{"not_picked":["hexamod:NightmareGuise","hexamod:AdvancingGuard","hexamod:SecondSeal"],"picked":"SKIP","floor":13}],"player_experience":455989,"relics_obtained":[{"floor":7,"key":"Strawberry"},{"floor":8,"key":"Lizard Tail"},{"floor":12,"key":"Mummified Hand"}],"event_choices":[{"damage_healed":0,"gold_gain":0,"player_choice":"Success","damage_taken":3,"relics_obtained":["Girya"],"max_hp_gain":0,"max_hp_loss":0,"event_name":"Scrap Ooze","floor":10,"gold_loss":0}],"is_beta":false,"boss_relics":[],"items_purged_floors":[6],"is_endless":false,"potions_floor_spawned":[2,13],"killed_by":"3 Sentries","ascension_level":0}}