{"host":"2yhbarjh4s9lrrzt","time":1611528790,"event":{"mods":["2.2 Compatiblity","BaseMod","Better Note","Better Third Choice","Block Reminder","Hubris","Marked Mod","Minty Spire (QoL Compilation)","Replay The Spire","StSLib"],"gold_per_floor":[112,129,15,15,15,15,33,33,33,64,42,42,58,68,68,170,170,187,167,12,26,26,26,43,54,54,54,54],"floor_reached":27,"language":"ENG","playtime":2116,"items_purged":[],"score":213,"play_id":"43aa2d60-0518-4a94-aba6-4b382b303d26","local_time":"20210124175310","is_ascension_mode":false,"campfire_choices":[{"floor":6,"key":"REST"},{"data":"Collect","floor":8,"key":"SMITH"},{"floor":12,"key":"REST"},{"floor":15,"key":"REST"},{"floor":23,"key":"REST"}],"circlet_count":0,"master_deck":["Strike_P","Strike_P","Defend_P","Defend_P","Defend_P","Eruption","Vigilance+1","Collect+1","FlyingSleeves","WaveOfTheHand","BattleHymn","MarkedMod:GracefulMovements","Fasting2","SashWhip+1","Wireheading","Indignation","Wish+1","ClearTheMind+1","Replay:AllIn+1","InnerPeace+1","MarkedMod:OneThousandNeedles+1","Replay:Cycle","MarkedMod:PinPointDefense","Consecrate+1"],"relics":["PureWater","hubris:Towel","Golden Egg","Regal Pillow","Astrolabe","Simple Rune","Pantograph"],"acts_visited":["Exordium","TheCity"],"potions_floor_usage":[10,10,16,21,24,25,25],"damage_taken":[{"damage":0,"enemies":"Cultist","floor":1,"turns":4},{"damage":22,"enemies":"Jaw Worm","floor":2,"turns":10},{"damage":2,"enemies":"Small Slimes","floor":7,"turns":4},{"damage":23,"enemies":"Lagavulin","floor":10,"turns":8},{"damage":22,"enemies":"Exordium Wildlife","floor":13,"turns":6},{"damage":15,"enemies":"3 Louse","floor":14,"turns":5},{"damage":59,"enemies":"Slime Boss","floor":16,"turns":14},{"damage":46,"enemies":"Spheric Guardian","floor":18,"turns":6},{"damage":28,"enemies":"3 Byrds","floor":21,"turns":6},{"damage":17,"enemies":"Centurion and Healer","floor":24,"turns":8},{"damage":14,"enemies":"Snake Plant","floor":25,"turns":6},{"damage":13,"enemies":"3 Cultists","floor":27,"turns":2}],"seed_played":"7950789725850637206","potions_obtained":[{"floor":1,"key":"Venom Potion"},{"floor":2,"key":"DistilledChaos"},{"floor":7,"key":"SteroidPotion"},{"floor":16,"key":"SpeedPotion"},{"floor":19,"key":"Toxic Potion"},{"floor":21,"key":"Ancient Potion"},{"floor":24,"key":"AttackPotion"}],"is_trial":false,"path_per_floor":["M","M","$","?","$","R","M","R","T","E","$","R","M","M","R","B",null,"M","?","$","M","?","R","M","M","T","M"],"character_chosen":"WATCHER","items_purchased":["WaveOfTheHand","BattleHymn","SashWhip","Simple Rune"],"campfire_rested":4,"item_purchase_floors":[3,3,11,20],"current_hp_per_floor":[79,57,57,57,57,79,77,77,77,54,54,79,57,42,79,20,79,33,33,33,5,5,43,26,12,12,0,0],"gold":54,"neow_bonus":"TEN_PERCENT_HP_BONUS","is_daily":false,"chose_seed":false,"campfire_upgraded":1,"win_rate":0.0,"timestamp":1611528790,"path_taken":["M","M","?","?","$","R","M","R","T","E","$","R","M","M","R","BOSS","M","?","$","M","?","R","?","M","T","M"],"items_purchased_type":["Card","Card","Card","Relic"],"build_version":"2020-12-22","purchased_purges":0,"victory":false,"max_hp_per_floor":[79,79,79,79,79,79,79,79,79,79,79,79,79,79,79,79,79,79,79,79,79,79,79,79,79,79,79,79],"card_choices":[{"not_picked":["Conclude","FlurryOfBlows"],"picked":"Collect","floor":1},{"not_picked":["Prostrate","EmptyBody"],"picked":"FlyingSleeves","floor":2},{"not_picked":["Crescendo","Replay:Battleflow"],"picked":"MarkedMod:GracefulMovements","floor":7},{"not_picked":["Replay:Vibes","BattleHymn"],"picked":"Fasting2","floor":10},{"not_picked":["Perseverance","WindmillStrike"],"picked":"Wireheading","floor":13},{"not_picked":["Halt","FlurryOfBlows"],"picked":"Indignation","floor":14},{"not_picked":["LessonLearned","Replay:LoomingThreat"],"picked":"Wish","floor":16},{"not_picked":["PathToVictory","Prostrate"],"picked":"MarkedMod:OneThousandNeedles+1","floor":18},{"not_picked":["CrushJoints","MarkedMod:FirstStrike"],"picked":"Replay:Cycle","floor":21},{"not_picked":["Wallop","CarveReality+1"],"picked":"MarkedMod:PinPointDefense","floor":24},{"not_picked":["JustLucky","Halt"],"picked":"Consecrate+1","floor":25}],"player_experience":249715,"relics_obtained":[{"floor":9,"key":"Golden Egg"},{"floor":10,"key":"Regal Pillow"},{"floor":26,"key":"Pantograph"}],"event_choices":[{"damage_healed":0,"gold_gain":0,"player_choice":"Bought 1 Potion","damage_taken":0,"max_hp_gain":0,"max_hp_loss":0,"event_name":"The Woman in Blue","floor":19,"gold_loss":0},{"damage_healed":0,"gold_gain":0,"player_choice":"Upgraded","damage_taken":0,"max_hp_gain":0,"max_hp_loss":0,"event_name":"Upgrade Shrine","floor":22,"gold_loss":0,"cards_upgraded":["Vigilance"]}],"is_beta":false,"boss_relics":[{"not_picked":["Ring of Chaos","Kintsugi"],"picked":"Astrolabe"}],"items_purged_floors":[],"is_endless":false,"potions_floor_spawned":[1,2,7,16,21,24],"killed_by":"3 Cultists","ascension_level":0}}