{"host":"x205naxbihvu3p76","time":1611504944,"event":{"mods":["AchievementEnabler","BaseMod","Minty Spire (QoL Compilation)","StSLib","SuperFastMode"],"gold_per_floor":[114,124,49,49,49,49,49,77,77,87,97,97,107,107,107,178,178,198,209,209,209],"floor_reached":20,"language":"KOR","playtime":420,"items_purged":["Writhe"],"score":348,"play_id":"54e94631-c250-42b2-82d7-7eeb087bb084","local_time":"20210125011544","is_ascension_mode":true,"campfire_choices":[{"data":"Zap","floor":6,"key":"SMITH"},{"floor":12,"key":"REST"},{"floor":15,"key":"REST"}],"circlet_count":0,"master_deck":["AscendersBane","Strike_B","Strike_B","Strike_B","Strike_B","Defend_B","Defend_B","Defend_B","Defend_B","Zap+1","Dualcast","Biased Cognition","Cold Snap","Auto Shields","Consume+1","Hello World","Capacitor","Ball Lightning","Reinforced Body+1"],"relics":["Cracked Core","Toxic Egg 2","Eternal Feather","Dream Catcher","Philosopher\u0027s Stone"],"acts_visited":["Exordium","TheCity"],"potions_floor_usage":[19],"damage_taken":[{"damage":4,"enemies":"Small Slimes","floor":1,"turns":4},{"damage":9,"enemies":"Jaw Worm","floor":2,"turns":3},{"damage":33,"enemies":"3 Sentries","floor":8,"turns":11},{"damage":1,"enemies":"Cultist","floor":10,"turns":3},{"damage":13,"enemies":"Large Slime","floor":11,"turns":5},{"damage":9,"enemies":"Red Slaver","floor":13,"turns":2},{"damage":31,"enemies":"The Guardian","floor":16,"turns":10},{"damage":17,"enemies":"Spheric Guardian","floor":18,"turns":5},{"damage":43,"enemies":"3 Byrds","floor":19,"turns":5},{"damage":6,"enemies":"Snake Plant","floor":20,"turns":3}],"seed_played":"585942595497741945","potions_obtained":[{"floor":1,"key":"DistilledChaos"},{"floor":16,"key":"Ancient Potion"},{"floor":19,"key":"FearPotion"}],"is_trial":false,"path_per_floor":["M","M","$","?","?","R","$","E","T","M","M","R","M","?","R","B",null,"M","M","M"],"character_chosen":"DEFECT","items_purchased":[],"campfire_rested":2,"item_purchase_floors":[],"current_hp_per_floor":[60,51,51,51,56,56,56,23,23,22,9,40,31,31,62,31,65,48,5,0,0],"gold":209,"neow_bonus":"THREE_RARE_CARDS","is_daily":false,"chose_seed":false,"campfire_upgraded":1,"win_rate":0.0,"timestamp":1611504944,"path_taken":["M","M","$","?","?","R","?","E","T","M","?","R","M","?","R","BOSS","M","M","M"],"items_purchased_type":[],"build_version":"2020-12-22","purchased_purges":1,"victory":false,"max_hp_per_floor":[71,71,71,71,76,76,76,76,76,76,76,76,76,76,76,76,76,76,76,76,76],"card_choices":[{"not_picked":["All For One","Thunder Strike"],"picked":"Biased Cognition","floor":0},{"not_picked":["Coolheaded","Turbo"],"picked":"Cold Snap","floor":1},{"not_picked":["Stack","Heatsinks"],"picked":"Auto Shields","floor":2},{"not_picked":["Compile Driver","Go for the Eyes"],"picked":"Consume+1","floor":8},{"not_picked":["Double Energy+1","Rip and Tear"],"picked":"Hello World","floor":10},{"not_picked":["Go for the Eyes","Static Discharge","Recycle+1"],"picked":"SKIP","floor":11},{"not_picked":["Redo+1","Defragment"],"picked":"Capacitor","floor":13},{"not_picked":["Rebound","Redo+1"],"picked":"Ball Lightning","floor":15},{"not_picked":["Redo+1","Auto Shields+1"],"picked":"Reinforced Body+1","floor":18},{"not_picked":["Scrape","Beam Cell","Rebound"],"picked":"SKIP","floor":19}],"player_experience":993569,"relics_obtained":[{"floor":8,"key":"Toxic Egg 2"},{"floor":9,"key":"Eternal Feather"}],"event_choices":[{"damage_healed":0,"gold_gain":0,"player_choice":"Fled","damage_taken":0,"max_hp_gain":0,"max_hp_loss":0,"event_name":"Scrap Ooze","floor":4,"gold_loss":0},{"damage_healed":0,"gold_gain":0,"player_choice":"Donut","damage_taken":0,"max_hp_gain":5,"max_hp_loss":0,"event_name":"Big Fish","floor":5,"gold_loss":0},{"damage_healed":0,"gold_gain":0,"player_choice":"Gave Potion","damage_taken":0,"relics_obtained":["Dream Catcher"],"max_hp_gain":0,"max_hp_loss":0,"event_name":"WeMeetAgain","floor":14,"gold_loss":0}],"is_beta":false,"boss_relics":[{"not_picked":["Busted Crown","SacredBark"],"picked":"Philosopher\u0027s Stone"}],"items_purged_floors":[3],"is_endless":false,"potions_floor_spawned":[1,16,19],"killed_by":"Snake Plant","ascension_level":20}}