{"host":"snn1c4qsf0fj7fzf","time":1611514022,"event":{"mods":["AchievementEnabler","Aspiration","Astrologer","BaseMod","Colored Powertips","Downfall","Duelist Mod","GifTheSpireLib","Hermit","Hubris","Infinite Spire","Lobotomy","Marisa????????","Minty Spire (QoL Compilation)","Random Character Button","Rare Cards Sparkle","Reimu??????","Replay The Spire","Shop Mod","Spire Arcade","StSLib","The Administrix","The Cursed","The Gatherer","The Hierophant","The Poker Player","The Runesmith"],"gold_per_floor":[110,110,110,110,35,67,67,95,147,161,121,148,165,69,69,164,164,89,52,63,81,107,133,150,150,150,177,243,247,247],"floor_reached":29,"language":"ENG","playtime":1635,"items_purged":["Strike_B","Writhe"],"score":370,"play_id":"88d1904e-61fb-4fc3-ace2-cad8189ab13b","local_time":"20210125024702","is_ascension_mode":true,"campfire_choices":[{"data":"Zap","floor":7,"key":"SMITH"},{"floor":15,"key":"DIG"},{"data":"Darkness","floor":25,"key":"SMITH"}],"circlet_count":0,"master_deck":["Strike_B","Strike_B","Defend_B+1","Defend_B","Defend_B+1","Defend_B","Zap+1","Dualcast","Capacitor","Steam","Capacitor","BootSequence","Darkness+1","Creative AI","Panic Button+1","Storm","Barrage+1","hubris:Ukulele","Gash","Defragment+1","Scrape","Core Surge","Conserve Battery"],"relics":["Cracked Core","NeowsBlessing","Replay:Bottled Flurry","infinitespire:ShieldingShard","CaptainsWheel","Simple Rune","PaintedHorse:ReiMu","Pear","ReplayTheSpireMod:CursedCoin","infinitespire:Lucky Rock","Oddly Smooth Stone","Nuclear Battery","Red Mask","infinitespire:Midas Blood","hubris:RGBLights","PureWhite:ReiMu","Geode"],"acts_visited":["Exordium","TheCity"],"potions_floor_usage":[16,22,27,27,29,29],"damage_taken":[{"damage":0,"enemies":"Cultist","floor":1,"turns":1},{"damage":0,"enemies":"3 Sentries","floor":6,"turns":1},{"damage":0,"enemies":"Lagavulin","floor":8,"turns":1},{"damage":0,"enemies":"Jaw Worm","floor":10,"turns":5},{"damage":11,"enemies":"Gremlin Nob","floor":12,"turns":5},{"damage":0,"enemies":"Small Slimes","floor":13,"turns":4},{"damage":26,"enemies":"The Guardian","floor":16,"turns":12},{"damage":2,"enemies":"2 Thieves","floor":18,"turns":5},{"damage":6,"enemies":"Shell Parasite","floor":20,"turns":6},{"damage":4,"enemies":"Centurion and Healer","floor":21,"turns":7},{"damage":23,"enemies":"Masked Bandits","floor":22,"turns":5},{"damage":22,"enemies":"Slavers","floor":23,"turns":5},{"damage":0,"enemies":"Snecko","floor":24,"turns":5},{"damage":0,"enemies":"Gremlin Leader","floor":27,"turns":7},{"damage":9,"enemies":"Slavers","floor":29,"turns":2}],"seed_played":"-5400153337235630693","potions_obtained":[{"floor":8,"key":"BlessingOfTheForge"},{"floor":10,"key":"GrandPatriotsElixir:ReiMu"},{"floor":13,"key":"Strength Potion"},{"floor":16,"key":"CultistPotion"},{"floor":20,"key":"Flashbang"},{"floor":22,"key":"Flashbang"},{"floor":24,"key":"AttackPotion"},{"floor":28,"key":"bronze:BurnAndBuffPotion"},{"floor":28,"key":"Cursed Concoction"}],"is_trial":false,"path_per_floor":["M","?","?","?","$","E","R","E","T","M","?","E","M","$","R","B",null,"M","$","M","M","?","E","M","R","T","E","?","E"],"character_chosen":"DEFECT","items_purchased":["ReplayTheSpireMod:CursedCoin","infinitespire:Lucky Rock","Storm"],"campfire_rested":0,"item_purchase_floors":[14,14,19],"current_hp_per_floor":[75,68,68,50,50,50,50,50,50,50,50,49,49,49,49,23,85,83,83,77,73,50,28,28,28,28,28,7,0,0],"gold":247,"neow_bonus":"THREE_ENEMY_KILL","is_daily":false,"chose_seed":false,"campfire_upgraded":2,"win_rate":0.0,"timestamp":1611514022,"path_taken":["M","?","?","?","?","E","R","E","T","M","?","E","M","$","R","BOSS","M","$","M","M","?","E","M","R","T","E","?","E"],"items_purchased_type":["Relic","Relic","Card"],"build_version":"2020-12-22","purchased_purges":2,"victory":false,"max_hp_per_floor":[75,75,75,75,75,75,75,75,75,75,75,85,85,85,85,85,85,85,85,85,85,85,85,85,85,85,85,85,85,85],"card_choices":[{"not_picked":["Barrage","Go for the Eyes"],"picked":"Capacitor","floor":1},{"not_picked":["hubris:Prefetch","Time Bomb","Go for the Eyes"],"picked":"SKIP","floor":6},{"not_picked":["Heatsinks","Streamline"],"picked":"Steam","floor":8},{"not_picked":["Force Field","Heatsinks"],"picked":"Capacitor","floor":10},{"not_picked":["Lockon","Turbo"],"picked":"BootSequence","floor":12},{"not_picked":["Reinforced Body","Rip and Tear"],"picked":"Darkness","floor":13},{"not_picked":["hubris:DoWhile","Multi-Cast"],"picked":"Creative AI","floor":16},{"not_picked":["Rebound+1","Go for the Eyes+1"],"picked":"Panic Button+1","floor":18},{"not_picked":["Aggregate","Force Field"],"picked":"Barrage+1","floor":20},{"not_picked":["Rebound","Hello World"],"picked":"hubris:Ukulele","floor":21},{"not_picked":["Leap","Ball Lightning"],"picked":"Gash","floor":22},{"not_picked":["ReplayTheSpireMod:GoodbyeWorld","Barrage+1"],"picked":"Defragment+1","floor":23},{"not_picked":["Ball Lightning+1","Hologram"],"picked":"Scrape","floor":24},{"not_picked":["Tempest","White Noise"],"picked":"Core Surge","floor":27},{"not_picked":["White Noise","Barrage"],"picked":"Conserve Battery","floor":28}],"player_experience":313103,"relics_obtained":[{"floor":6,"key":"infinitespire:ShieldingShard"},{"floor":8,"key":"CaptainsWheel"},{"floor":9,"key":"Simple Rune"},{"floor":12,"key":"Pear"},{"floor":15,"key":"Oddly Smooth Stone"},{"floor":22,"key":"Red Mask"},{"floor":23,"key":"infinitespire:Midas Blood"},{"floor":26,"key":"hubris:RGBLights"},{"floor":27,"key":"PureWhite:ReiMu"},{"floor":28,"key":"Geode"}],"event_choices":[{"cards_removed":["Strike_B"],"damage_healed":0,"gold_gain":0,"player_choice":"Card Removal","damage_taken":7,"max_hp_gain":0,"max_hp_loss":0,"event_name":"Golden Wing","floor":2,"gold_loss":0},{"damage_healed":0,"gold_gain":0,"player_choice":"Success","damage_taken":18,"relics_obtained":["Replay:Bottled Flurry"],"max_hp_gain":0,"max_hp_loss":0,"event_name":"Scrap Ooze","floor":4,"gold_loss":0},{"damage_healed":0,"gold_gain":0,"player_choice":"Donate","damage_taken":0,"relics_obtained":["PaintedHorse:ReiMu"],"max_hp_gain":0,"max_hp_loss":0,"event_name":"yidonshenshe","floor":11,"gold_loss":40},{"damage_healed":0,"gold_gain":0,"player_choice":"Fought Bandits","damage_taken":0,"max_hp_gain":0,"max_hp_loss":0,"event_name":"Masked Bandits","floor":22,"gold_loss":0}],"is_beta":false,"boss_relics":[{"not_picked":["Busted Crown","aspiration:MobileForge"],"picked":"Nuclear Battery"}],"items_purged_floors":[5,14],"is_endless":false,"potions_floor_spawned":[8,10,13,16,20,22,24],"killed_by":"Slavers","ascension_level":1}}