{"host":"irwdypew7j0recua","time":1611472298,"event":{"mods":["AchievementEnabler","BaseMod","Better Third Choice","Better Vampires","BetterRewards","Conspire","Custom Start","Downfall","Googly Eyes","Hermit","Infinite Spire","KomeijiMod","Marisa????????","Minty Spire (QoL Compilation)","Quick Restart","Rare Cards Sparkle","Reworked Bosses","Shop Mod","Spicy Shops","StSLib","The Construct","The Cursed","The Necromancer","WarShipGirlsR/????R mod"],"gold_per_floor":[119,119,119,130,142,142,10,10,56,70,89,99,99,115,115,218,218,237,237,237,257,257,257,275,305,305,339,339,339,429,28,28,125,125,139,150,150,69,69,98,115,150,150,200,212,230,21,37,37,37],"floor_reached":51,"language":"ENG","playtime":2473,"items_purged":["Clumsy","Strike_G","Strike_G","Strike_G"],"score":742,"play_id":"21e3d7f4-552e-4e0a-acce-281b0a761fcc","local_time":"20210124051138","is_ascension_mode":false,"campfire_choices":[{"data":"A Thousand Cuts","floor":6,"key":"SMITH"},{"data":"Sucker Punch","floor":8,"key":"SMITH"},{"floor":15,"key":"REST"},{"data":"Storm of Steel","floor":23,"key":"SMITH"},{"floor":28,"key":"REST"},{"floor":32,"key":"REST"},{"data":"Accuracy","floor":32,"key":"SMITH"},{"floor":49,"key":"REST"},{"floor":49,"key":"RECALL"}],"circlet_count":0,"master_deck":["Defend_G","Defend_G","Defend_G","Survivor","Neutralize","Sucker Punch+1","A Thousand Cuts+1","Dagger Spray","Slice","Cloak And Dagger+1","Prepared","conspire:DoublingDagger","Storm of Steel+1","Quick Slash+1","Backflip+1","Underhanded Strike","Backstab","Envenom","Blade Dance+1","Accuracy+1","infinitespire:Collect+1","Venomology+1","Outmaneuver+1","Blade Dance+1","Infinite Blades","Deflect+1","Cloak And Dagger+1","Adrenaline+1"],"relics":["Ring of the Snake","Mercury Hourglass","TwistedFunnel","Blood Vial","construct:WeddingRing","Toxic Egg 2","Nilry\u0027s Codex","Red Mask","Juzu Bracelet","Omamori","WristBlade","infinitespire:Magic Flask","Oddly Smooth Stone","Snake Skull","HoveringKite","conspire:TopHat","infinitespire:Bottled Soul","Prayer Wheel","Membership Card"],"acts_visited":["Exordium","TheCity","TheBeyond"],"potions_floor_usage":[16,27,33,35,40,42,44,50,50,50],"damage_taken":[{"damage":0,"enemies":"Jaw Worm","floor":1,"turns":4},{"damage":0,"enemies":"2 Louse","floor":4,"turns":3},{"damage":0,"enemies":"Cultist","floor":5,"turns":3},{"damage":5,"enemies":"Looter","floor":10,"turns":3},{"damage":4,"enemies":"2 Fungi Beasts","floor":11,"turns":2},{"damage":0,"enemies":"3 Louse","floor":12,"turns":1},{"damage":14,"enemies":"Exordium Wildlife","floor":14,"turns":2},{"damage":28,"enemies":"The Guardian","floor":16,"turns":10},{"damage":10,"enemies":"Shell Parasite","floor":18,"turns":4},{"damage":13,"enemies":"Spheric Guardian","floor":21,"turns":4},{"damage":9,"enemies":"Snake Plant","floor":24,"turns":5},{"damage":3,"enemies":"Masked Bandits","floor":25,"turns":3},{"damage":12,"enemies":"Gremlin Leader","floor":27,"turns":4},{"damage":29,"enemies":"bossMod:newCollector","floor":33,"turns":5},{"damage":0,"enemies":"3 Darklings","floor":35,"turns":2},{"damage":4,"enemies":"Orb Walker","floor":36,"turns":2},{"damage":8,"enemies":"Reptomancer","floor":40,"turns":3},{"damage":1,"enemies":"3 Darklings","floor":41,"turns":2},{"damage":0,"enemies":"Giant Head","floor":42,"turns":4},{"damage":24,"enemies":"Mind Bloom Boss Battle","floor":44,"turns":3},{"damage":10,"enemies":"Sphere and 2 Shapes","floor":45,"turns":3},{"damage":0,"enemies":"Jaw Worm Horde","floor":46,"turns":2},{"damage":5,"enemies":"Spire Growth","floor":48,"turns":2},{"damage":33,"enemies":"bossMod:newShapes","floor":50,"turns":6}],"seed_played":"6749371658319961258","potions_obtained":[{"floor":4,"key":"CalmPotion"},{"floor":5,"key":"Swift Potion"},{"floor":10,"key":"Swift Potion"},{"floor":24,"key":"Weak Potion"},{"floor":25,"key":"Explosive Potion"},{"floor":27,"key":"CalmPotion"},{"floor":33,"key":"construct:ShiftPotion"},{"floor":40,"key":"Energy Potion"}],"is_trial":false,"path_per_floor":["M","?","?","M","M","R","$","R","T","M","M","M","?","M","R","B",null,"M","?","?","M","?","R","M","?","T","E","R","AVR","?","$","R","B",null,"M","M","?","$","?","E","M","E","T","?","M","M","$","M","R","B",null],"character_chosen":"THE_SILENT","items_purchased":["TwistedFunnel","Oddly Smooth Stone","Snake Skull","Infinite Blades","Deflect+1","Membership Card"],"campfire_rested":4,"item_purchase_floors":[7,31,31,38,38,47],"current_hp_per_floor":[49,49,49,49,49,49,49,49,49,46,44,46,46,34,55,29,70,60,60,44,33,33,33,26,25,25,15,36,36,24,24,45,18,70,70,66,66,66,66,60,61,63,63,41,33,35,35,32,53,22],"gold":37,"neow_bonus":"REMOVE_TWO","is_daily":false,"chose_seed":false,"campfire_upgraded":4,"win_rate":0.0,"timestamp":1611472298,"path_taken":["M","?","?","M","M","R","?","R","T","M","M","M","?","?","R","BOSS","M","?","?","M","?","R","M","?","T","E","R","AVR","?","$","R","BOSS","M","M","?","$","?","E","M","E","T","?","M","M","$","M","R","BOSS"],"items_purchased_type":["Relic","Relic","Relic","Card","Card","Relic"],"build_version":"2020-12-22","purchased_purges":4,"victory":true,"max_hp_per_floor":[70,70,70,70,70,70,70,70,70,70,70,70,70,70,70,70,70,70,70,70,70,70,70,70,70,70,70,70,70,70,70,70,70,70,70,70,70,70,70,70,70,70,70,70,70,70,70,70,70,70],"card_choices":[{"not_picked":["Bane","PiercingWail"],"picked":"Sucker Punch","floor":1},{"not_picked":[],"picked":"A Thousand Cuts","floor":3},{"not_picked":["Well Laid Plans","Deadly Poison"],"picked":"Dagger Spray","floor":4},{"not_picked":["Cloak And Dagger","Dagger Throw"],"picked":"Slice","floor":5},{"not_picked":["All Out Attack","Riddle With Holes","Unload"],"picked":"SKIP","floor":10},{"not_picked":["Slice","Poisoned Stab"],"picked":"Cloak And Dagger","floor":11},{"not_picked":["Bouncing Flask","Burst"],"picked":"Prepared","floor":12},{"not_picked":["Dodge and Roll","Sucker Punch"],"picked":"conspire:DoublingDagger","floor":14},{"not_picked":["infinitespire:Neurotoxin","Tools of the Trade"],"picked":"Storm of Steel","floor":16},{"not_picked":["Underhanded Strike","Reflex+1"],"picked":"Quick Slash+1","floor":18},{"not_picked":["Deadly Poison+1","Underhanded Strike"],"picked":"Backflip+1","floor":21},{"not_picked":["Calculated Gamble+1","Deflect+1"],"picked":"Envenom","floor":24},{"not_picked":["Underhanded Strike+1","Catalyst+1"],"picked":"Blade Dance+1","floor":25},{"not_picked":["Slice","Tactician+1"],"picked":"Accuracy","floor":27},{"not_picked":["Doppelganger+1","Wraith Form v2"],"picked":"Venomology+1","floor":33},{"not_picked":["Leg Sweep+1","Escape Plan+1"],"picked":"Outmaneuver+1","floor":35},{"not_picked":["Bane+1","Flying Knee"],"picked":"Blade Dance+1","floor":36},{"not_picked":["Acrobatics+1","Dagger Spray+1"],"picked":"Cloak And Dagger+1","floor":40},{"not_picked":["Backflip+1","Blade Dance+1","Escape Plan+1"],"picked":"SKIP","floor":41},{"not_picked":["Venomology+1","conspire:PoisonWeapons+1","Sucker Punch+1"],"picked":"SKIP","floor":42},{"not_picked":["Well Laid Plans+1","All Out Attack","Poisoned Stab"],"picked":"SKIP","floor":45},{"not_picked":["Well Laid Plans+1","Dodge and Roll+1","PiercingWail+1"],"picked":"SKIP","floor":45},{"not_picked":["Backflip+1","Well Laid Plans+1","Blur+1"],"picked":"SKIP","floor":46},{"not_picked":["Sucker Punch+1","Reflex+1","Well Laid Plans"],"picked":"SKIP","floor":46},{"not_picked":["Distraction+1","Backflip+1"],"picked":"Adrenaline+1","floor":48},{"not_picked":["Bane+1","Noxious Fumes+1","Infinite Blades"],"picked":"SKIP","floor":48}],"player_experience":177815,"relics_obtained":[{"floor":2,"key":"Mercury Hourglass"},{"floor":9,"key":"Blood Vial"},{"floor":20,"key":"Nilry\u0027s Codex"},{"floor":25,"key":"Red Mask"},{"floor":26,"key":"Juzu Bracelet"},{"floor":27,"key":"Omamori"},{"floor":40,"key":"conspire:TopHat"},{"floor":42,"key":"infinitespire:Bottled Soul"},{"floor":44,"key":"Prayer Wheel"}],"event_choices":[{"damage_healed":0,"gold_gain":0,"player_choice":"Ignored","damage_taken":0,"max_hp_gain":0,"max_hp_loss":0,"event_name":"NoteForYourself","floor":13,"gold_loss":0},{"damage_healed":0,"gold_gain":0,"player_choice":"Opened","damage_taken":0,"relics_obtained":["Toxic Egg 2"],"max_hp_gain":0,"max_hp_loss":0,"event_name":"The Mausoleum","floor":19,"gold_loss":0},{"damage_healed":0,"gold_gain":0,"player_choice":"Obtained Book","damage_taken":16,"max_hp_gain":0,"max_hp_loss":0,"event_name":"Cursed Tome","floor":20,"gold_loss":0},{"damage_healed":0,"gold_gain":0,"cards_transformed":["Strike_G","Defend_G"],"player_choice":"Became Test Subject","damage_taken":0,"max_hp_gain":0,"max_hp_loss":0,"event_name":"Drug Dealer","floor":22,"gold_loss":0,"cards_obtained":["Underhanded Strike","Backstab"]},{"damage_healed":0,"gold_gain":0,"player_choice":"Fought Bandits","damage_taken":0,"max_hp_gain":0,"max_hp_loss":0,"event_name":"Masked Bandits","floor":25,"gold_loss":0},{"damage_healed":0,"gold_gain":90,"player_choice":"GOLD ","damage_taken":12,"max_hp_gain":0,"max_hp_loss":0,"event_name":"Knowing Skull","floor":30,"potions_obtained":[],"gold_loss":0,"cards_obtained":[]},{"damage_healed":0,"gold_gain":0,"player_choice":"Upgraded","damage_taken":0,"max_hp_gain":0,"max_hp_loss":0,"event_name":"Upgrade Shrine","floor":37,"gold_loss":0,"cards_upgraded":["Cloak And Dagger"]},{"damage_healed":0,"gold_gain":0,"player_choice":"Fight","damage_taken":0,"max_hp_gain":0,"max_hp_loss":0,"event_name":"MindBloom","floor":44,"gold_loss":0}],"is_beta":false,"boss_relics":[{"not_picked":["Philosopher\u0027s Stone","Cursed Key"],"picked":"construct:WeddingRing"},{"not_picked":["Sozu","bronze:MakeshiftBattery"],"picked":"HoveringKite"}],"items_purged_floors":[7,29,31,47],"is_endless":false,"potions_floor_spawned":[4,5,10,24,25,27,33,36,40,44],"ascension_level":0}}