{"host":"eaiphzh066bwqdh7","time":1611526157,"event":{"mods":["BaseMod","Hubris","Minty Spire (QoL Compilation)","Replay The Spire","StSLib"],"gold_per_floor":[363,538,556,556,576,576,604,604,604,372,372,402,415,434,434,534,534,551,595,610,253,253,253,253,102,102,102,115,115,146,21,21,21,21],"floor_reached":33,"language":"ENG","playtime":1247,"items_purged":["Defend_P","Defend_P","Defend_P"],"score":326,"play_id":"b30d9c0f-83bd-424c-aba5-346a7d63fc34","local_time":"20210124170917","is_ascension_mode":true,"campfire_choices":[{"floor":6,"key":"REST"},{"floor":8,"key":"REST"},{"floor":11,"key":"REST"},{"floor":15,"key":"REST"},{"floor":23,"key":"REST"},{"floor":29,"key":"REST"},{"floor":32,"key":"REST"}],"circlet_count":0,"master_deck":["Strike_P","Strike_P","Strike_P","Strike_P","Defend_P","Eruption","Vigilance","Pray","SandsOfTime","DeceiveReality","Prostrate","Devotion","hubris:Lust","Prostrate","Study","Clumsy","Replay:DivineShield"],"relics":["PureWater","Letter Opener","Toy Ornithopter","Strange Spoon","hubris:FunFungus","Replay:Grab Bag","Cursed Key","Sozu","SlaversCollar","Pen Nib","Snack Pack","hubris:Icosahedron","ClockworkSouvenir","Replay:Bottled Snecko","Mirror"],"acts_visited":["Exordium","TheCity"],"potions_floor_usage":[5,7,16],"damage_taken":[{"damage":2,"enemies":"Jaw Worm","floor":1,"turns":3},{"damage":2,"enemies":"Cultist","floor":3,"turns":3},{"damage":12,"enemies":"Small Slimes","floor":5,"turns":4},{"damage":23,"enemies":"3 Sentries","floor":7,"turns":7},{"damage":16,"enemies":"Gremlin Nob","floor":12,"turns":3},{"damage":7,"enemies":"2 Fungi Beasts","floor":13,"turns":4},{"damage":1,"enemies":"Blue Slaver","floor":14,"turns":3},{"damage":33,"enemies":"Hexaghost","floor":16,"turns":9},{"damage":16,"enemies":"2 Thieves","floor":18,"turns":5},{"damage":9,"enemies":"Spheric Guardian","floor":20,"turns":4},{"damage":31,"enemies":"Snecko","floor":28,"turns":4},{"damage":28,"enemies":"Slavers","floor":30,"turns":5},{"damage":105,"enemies":"Collector","floor":33,"turns":10}],"seed_played":"6752500404028863380","potions_obtained":[{"floor":3,"key":"Block Potion"},{"floor":5,"key":"LiquidBronze"},{"floor":13,"key":"LiquidBronze"}],"is_trial":false,"path_per_floor":["M","?","M","?","M","R","E","R","T","$","R","E","M","M","R","B",null,"M","?","M","$","?","R","?","$","T","$","M","R","E","$","R","B"],"character_chosen":"WATCHER","items_purchased":["Strange Spoon","Snack Pack","ClockworkSouvenir"],"campfire_rested":7,"item_purchase_floors":[10,21,25],"current_hp_per_floor":[49,49,47,47,35,56,33,54,54,54,72,56,49,48,69,42,72,56,56,48,48,48,69,72,72,72,72,42,64,45,45,67,0,0],"gold":21,"neow_bonus":"TWO_FIFTY_GOLD","is_daily":false,"chose_seed":false,"campfire_upgraded":0,"win_rate":0.0,"timestamp":1611526157,"path_taken":["M","?","M","?","?","R","E","R","T","$","R","E","?","M","R","BOSS","M","?","M","$","?","R","?","$","T","$","M","R","E","?","R","BOSS"],"items_purchased_type":["Relic","Relic","Relic"],"build_version":"2020-12-22","purchased_purges":3,"victory":false,"max_hp_per_floor":[72,72,72,72,72,72,72,72,72,72,72,72,72,72,72,72,72,72,72,72,72,72,72,75,75,75,75,75,75,75,75,75,75,75],"card_choices":[{"not_picked":["Replay:BluntJabs","EmptyFist"],"picked":"Pray","floor":1},{"not_picked":["Conclude","SashWhip","FollowUp"],"picked":"SKIP","floor":3},{"not_picked":["Indignation","BowlingBash"],"picked":"SandsOfTime","floor":5},{"not_picked":["Protect","Adaptation"],"picked":"DeceiveReality","floor":7},{"not_picked":["Replay:AllIn","Vengeance"],"picked":"Prostrate","floor":12},{"not_picked":["FollowUp","Meditate","Halt"],"picked":"SKIP","floor":13},{"not_picked":["ClearTheMind","JustLucky","BowlingBash"],"picked":"SKIP","floor":14},{"not_picked":["Establishment","MasterReality"],"picked":"Devotion","floor":16},{"not_picked":["SignatureMove","ThirdEye","Replay:BluntJabs+1"],"picked":"SKIP","floor":18},{"not_picked":["JustLucky","Vengeance"],"picked":"Prostrate","floor":19},{"not_picked":["Replay:Cycle","BowlingBash"],"picked":"Study","floor":20},{"not_picked":["Replay:AtTheReady","ThirdEye+1","Crescendo"],"picked":"SKIP","floor":28},{"not_picked":["FlyingSleeves","Replay:AtTheReady+1"],"picked":"Replay:DivineShield","floor":30}],"player_experience":189161,"relics_obtained":[{"floor":7,"key":"Letter Opener"},{"floor":9,"key":"Toy Ornithopter"},{"floor":12,"key":"hubris:FunFungus"},{"floor":19,"key":"Pen Nib"},{"floor":26,"key":"Replay:Bottled Snecko"},{"floor":30,"key":"Mirror"}],"event_choices":[{"damage_healed":0,"gold_gain":175,"player_choice":"AGREE","damage_taken":0,"max_hp_gain":0,"max_hp_loss":0,"event_name":"Liars Game","floor":2,"gold_loss":0,"cards_obtained":["Doubt"]},{"cards_removed":["Doubt"],"damage_healed":0,"gold_gain":0,"player_choice":"Removed Curses","damage_taken":0,"max_hp_gain":0,"max_hp_loss":0,"event_name":"Fountain of Cleansing","floor":4,"gold_loss":0}],"is_beta":false,"boss_relics":[{"not_picked":["Runic Pyramid","Replay:Wanted Poster"],"picked":"Replay:Grab Bag"},{"not_picked":["Fusion Hammer","Coffee Dripper"],"picked":"Cursed Key"},{"not_picked":["Ectoplasm","hubris:RunicObelisk"],"picked":"Sozu"},{"not_picked":["SacredBark","Replay:Drink Me"],"picked":"SlaversCollar"}],"items_purged_floors":[10,21,31],"is_endless":false,"potions_floor_spawned":[3,5,13,30],"killed_by":"Collector","ascension_level":2}}