{"host":"7lqra3rfanasaqnt","time":1611531182,"event":{"mods":["AchievementEnabler","Act Like it!","BaseMod","Colored Powertips","Downfall","Friendly Minions","Gremlin Mod","Minty Spire (QoL Compilation)","StSLib"],"gold_per_floor":[99,99,99,99,99,128,128,140,140,36,53,53,66,82,98,200,200,100,120,120,138,158,158,158,178,178,178,178],"floor_reached":26,"language":"ENG","playtime":791,"items_purged":[],"score":233,"play_id":"8a29ab6b-bcee-402d-bc6e-0d1b3fabf9c0","local_time":"20210124163302","is_ascension_mode":false,"campfire_choices":[{"data":"bronze:Replicate","floor":1,"key":"SMITH"},{"data":"bronze:Flail","floor":9,"key":"SMITH"},{"data":"bronze:Boost","floor":12,"key":"SMITH"},{"data":"bronze:SpaghettiCode","floor":18,"key":"SMITH"},{"data":"bronze:Shell","floor":23,"key":"SMITH"}],"circlet_count":0,"master_deck":["bronze:Strike","bronze:Strike","bronze:Strike","bronze:Defend","bronze:Defend","bronze:Defend","bronze:Defend","bronze:Replicate+1","bronze:Goto","bronze:BronzeArmor+1","bronze:Boost+1","bronze:WhirlingStrike","bronze:Flail+1","bronze:Overheat","bronze:Optimize","bronze:Separator+1","bronze:FollowUp","bronze:Iterate+1","bronze:Shell+1","bronze:DelayedGuard","bronze:SpaghettiCode+1","bronze:CloningBeam","bronze:Separator+1","bronze:Constructor","Shame","bronze:Turbo"],"relics":["bronze:BronzeCore","downfall:HeartsMalice","bronze:SilverBullet","FossilizedHelix","Cursed Key","downfall:HeartBlessingGreen"],"acts_visited":["Exordium","TheCity"],"potions_floor_usage":[16,16,16,22],"damage_taken":[{"damage":0,"enemies":"Small Slimes","floor":2,"turns":1},{"damage":0,"enemies":"2 Louse","floor":4,"turns":1},{"damage":0,"enemies":"3 Sentries","floor":6,"turns":1},{"damage":0,"enemies":"Cultist","floor":8,"turns":2},{"damage":0,"enemies":"downfall:FleeingMerchant","floor":10,"turns":4},{"damage":10,"enemies":"Exordium Thugs","floor":11,"turns":3},{"damage":0,"enemies":"2 Fungi Beasts","floor":13,"turns":2},{"damage":0,"enemies":"Lots of Slimes","floor":14,"turns":1},{"damage":0,"enemies":"2 Fungi Beasts","floor":15,"turns":1},{"damage":49,"enemies":"SI_SHIV_ARCHETYPE","floor":16,"turns":9},{"damage":0,"enemies":"Spheric Guardian","floor":19,"turns":3},{"damage":2,"enemies":"Shelled Parasite and Fungi","floor":21,"turns":6},{"damage":16,"enemies":"Snake Plant","floor":22,"turns":3},{"damage":0,"enemies":"3 Cultists","floor":25,"turns":3},{"damage":54,"enemies":"Gremlin Leader","floor":26,"turns":5}],"seed_played":"3836288125294054650","potions_obtained":[{"floor":8,"key":"PowerPotion"},{"floor":13,"key":"Strength Potion"},{"floor":14,"key":"Energy Potion"},{"floor":19,"key":"LiquidBronze"}],"is_trial":false,"path_per_floor":["R","M","?","M","?","E","T","M","R","$","M","R","M","M","M","B",null,"R","M","?","M","M","R","T","M","E"],"character_chosen":"THE_AUTOMATON","items_purchased":["bronze:Separator","bronze:FollowUp"],"campfire_rested":0,"item_purchase_floors":[10,10],"current_hp_per_floor":[70,70,70,70,70,70,70,70,70,70,60,60,60,60,60,11,70,70,70,70,68,52,52,52,52,0,0,0],"gold":178,"neow_bonus":"THREE_ENEMY_KILL","is_daily":false,"chose_seed":false,"campfire_upgraded":5,"win_rate":0.0,"timestamp":1611531182,"path_taken":["R","M","?","M","?","E","T","M","R","$","M","R","M","?","M","BOSS","R","M","?","M","M","R","T","M","E"],"items_purchased_type":["Card","Card"],"build_version":"2020-12-22","purchased_purges":0,"victory":false,"max_hp_per_floor":[70,70,70,70,70,70,70,70,70,70,70,70,70,70,70,70,70,70,70,70,70,70,70,70,70,70,70,70],"card_choices":[{"not_picked":["bronze:CutThrough","bronze:Iterate"],"picked":"bronze:BronzeArmor","floor":2},{"not_picked":["bronze:BuggyMess","bronze:ClassDefault"],"picked":"bronze:WhirlingStrike","floor":4},{"not_picked":["bronze:Overheat","bronze:WildBeam"],"picked":"bronze:Flail","floor":6},{"not_picked":["bronze:CutThrough","bronze:BronzeArmor"],"picked":"bronze:Overheat","floor":8},{"not_picked":["bronze:Mutator","bronze:Fortify"],"picked":"bronze:Optimize","floor":10},{"not_picked":["bronze:Overload","bronze:FineTuning"],"picked":"bronze:Iterate","floor":11},{"not_picked":["bronze:Allocate","bronze:DelayedSlice"],"picked":"bronze:Shell","floor":13},{"not_picked":["bronze:BitShift","bronze:Overheat","bronze:Separator"],"picked":"SKIP","floor":14},{"not_picked":["bronze:FineTuning","bronze:Allocate"],"picked":"bronze:DelayedGuard","floor":15},{"not_picked":["bronze:FindAndReplace","bronze:Verify"],"picked":"bronze:SpaghettiCode","floor":16},{"not_picked":["bronze:FineTuning+1","bronze:Shield"],"picked":"bronze:CloningBeam","floor":19},{"not_picked":["bronze:Shield+1","bronze:FineTuning"],"picked":"bronze:Separator+1","floor":21},{"not_picked":["bronze:BitShift+1","bronze:Iterate+1"],"picked":"bronze:Constructor","floor":22},{"not_picked":["bronze:Constructor","bronze:Iterate"],"picked":"bronze:Turbo","floor":25}],"player_experience":587767,"relics_obtained":[{"floor":6,"key":"bronze:SilverBullet"},{"floor":7,"key":"FossilizedHelix"}],"event_choices":[],"is_beta":false,"boss_relics":[{"not_picked":["SlaversCollar","Astrolabe"],"picked":"Cursed Key"}],"items_purged_floors":[],"is_endless":false,"potions_floor_spawned":[8,13,14,19],"killed_by":"Gremlin Leader","ascension_level":0}}