{"host":"n23juj4d9qam5hh1","time":1611470468,"event":{"mods":["BaseMod","Better Note","BetterRewards","Displayed Cursed Tome","Infinite Spire","Minty Spire (QoL Compilation)","Relic Stats","StSLib","Thieving Mod"],"gold_per_floor":[115,115,115,40,40,40,40,40,40,59,77,115,38,62,62,181,181,204,223,247,173,186,186,186,186,186,186,197,53,68,68,68,172,172,191,191,201,216,230,230,259,259,286,301,301,312,312,312,312,312,312],"floor_reached":50,"language":"ENG","playtime":5794,"items_purged":["Injury"],"score":566,"play_id":"7e861635-99ec-411e-8f5c-5c88123105ec","local_time":"20210124014108","is_ascension_mode":true,"campfire_choices":[{"floor":6,"key":"REST"},{"data":"Dualcast","floor":8,"key":"SMITH"},{"floor":15,"key":"REST"},{"floor":23,"key":"REST"},{"floor":32,"key":"REST"},{"data":"Defragment","floor":40,"key":"SMITH"},{"floor":42,"key":"REST"},{"data":"Storm","floor":45,"key":"SMITH"},{"data":"Electrodynamics","floor":47,"key":"SMITH"},{"data":"Machine Learning","floor":49,"key":"SMITH"}],"circlet_count":0,"master_deck":["Strike_B+1","Defend_B+1","Defend_B+1","Zap+1","Dualcast+1","Storm+1","Capacitor","Reinforced Body","Electrodynamics+1","Chill+1","Heatsinks+1","Beam Cell+1","Turbo+1","Coolheaded","Cold Snap","Defragment+1","White Noise","Writhe","Cold Snap","Glacier","Capacitor+1","Turbo+1","Machine Learning+1","Barrage+1","Redo+1","Doom and Gloom+1","Core Surge"],"relics":["Cracked Core","Centennial Puzzle","War Paint","Bloody Idol","Letter Opener","Cables","infinitespire:Satchel","Astrolabe","Toy Ornithopter","Omamori","infinitespire:Freezer","Inserter","White Beast Statue","Anchor","Oddly Smooth Stone"],"acts_visited":["Exordium","TheCity","TheBeyond"],"potions_floor_usage":[12,16,18,28,33,38,39,46],"damage_taken":[{"damage":1,"enemies":"Cultist","floor":1,"turns":4},{"damage":0,"enemies":"2 Louse","floor":10,"turns":2},{"damage":4,"enemies":"Jaw Worm","floor":11,"turns":2},{"damage":12,"enemies":"3 Sentries","floor":12,"turns":6},{"damage":3,"enemies":"Looter","floor":14,"turns":2},{"damage":27,"enemies":"Slime Boss","floor":16,"turns":10},{"damage":4,"enemies":"Shell Parasite","floor":18,"turns":2},{"damage":6,"enemies":"Chosen","floor":19,"turns":5},{"damage":26,"enemies":"Snake Plant","floor":20,"turns":4},{"damage":20,"enemies":"Shelled Parasite and Fungi","floor":22,"turns":5},{"damage":0,"enemies":"Snecko","floor":28,"turns":5},{"damage":18,"enemies":"Snake Plant","floor":30,"turns":3},{"damage":47,"enemies":"Collector","floor":33,"turns":12},{"damage":0,"enemies":"Orb Walker","floor":35,"turns":3},{"damage":0,"enemies":"3 Darklings","floor":37,"turns":3},{"damage":28,"enemies":"Transient","floor":38,"turns":5},{"damage":21,"enemies":"Writhing Mass","floor":39,"turns":5},{"damage":9,"enemies":"Reptomancer","floor":41,"turns":4},{"damage":0,"enemies":"3 Darklings","floor":44,"turns":3},{"damage":9,"enemies":"Transient","floor":46,"turns":5},{"damage":85,"enemies":"infinitespire:MassOfShapes","floor":50,"turns":10}],"seed_played":"-7829595430702332865","potions_obtained":[{"floor":10,"key":"AttackPotion"},{"floor":14,"key":"Regen Potion"},{"floor":16,"key":"Fire Potion"},{"floor":20,"key":"GamblersBrew"},{"floor":30,"key":"ColorlessPotion"},{"floor":37,"key":"DuplicationPotion"},{"floor":38,"key":"Fruit Juice"},{"floor":39,"key":"Fruit Juice"},{"floor":41,"key":"Dexterity Potion"},{"floor":44,"key":"Block Potion"},{"floor":46,"key":"Block Potion"}],"is_trial":false,"path_per_floor":["M","?","?","$","?","R","T","R","T","M","M","E","$","M","R","B",null,"M","M","M","$","M","R","?","?","T","?","M","$","M","?","R","B",null,"M","AVR","M","M","M","R","E","R","T","M","R","M","R","?","R","B"],"character_chosen":"DEFECT","items_purchased":["Capacitor","Defragment","infinitespire:Freezer"],"campfire_rested":5,"item_purchase_floors":[13,21,29],"current_hp_per_floor":[74,56,56,56,41,63,63,63,63,63,59,47,47,44,66,51,75,71,65,39,39,19,41,41,41,41,41,51,51,38,38,60,23,75,75,75,75,62,56,56,52,77,82,85,85,81,81,81,81,0,0],"gold":312,"neow_bonus":"RANDOM_COMMON_RELIC","is_daily":false,"chose_seed":false,"campfire_upgraded":5,"win_rate":0.0,"timestamp":1611470468,"path_taken":["M","?","?","$","?","R","?","R","T","M","M","E","$","M","R","BOSS","M","M","M","$","M","R","?","?","T","?","M","$","M","?","R","BOSS","M","AVR","M","M","?","R","E","R","T","M","R","M","R","?","R","BOSS"],"items_purchased_type":["Card","Card","Relic"],"build_version":"2020-12-22","purchased_purges":1,"victory":false,"max_hp_per_floor":[75,75,75,75,75,75,75,75,75,75,75,75,75,75,75,75,75,75,75,75,75,75,75,75,75,75,75,75,75,75,75,75,75,75,75,75,75,80,85,85,85,85,85,85,85,85,85,85,85,85,85],"relic_stats":{"Centennial Puzzle":[48],"Inserter":[14],"counters":[21,100],"Bloody Idol":43,"Astrolabe":["Chill","Heatsinks","Beam Cell"],"Letter Opener":[277],"War Paint":["Defend_B","Zap"],"obtain_stats":[{"Inserter":34,"Golden Idol":3,"Astrolabe":17,"Oddly Smooth Stone":43,"Omamori":26,"Letter Opener":7,"War Paint":2,"White Beast Statue":36,"Cables":9,"Centennial Puzzle":0,"Anchor":41,"Bloody Idol":25,"infinitespire:Satchel":12,"Cracked Core":0,"Toy Ornithopter":24,"infinitespire:Freezer":29},{"Inserter":13,"Golden Idol":1,"Astrolabe":6,"Oddly Smooth Stone":18,"Omamori":10,"Letter Opener":1,"War Paint":1,"White Beast Statue":14,"Cables":1,"Centennial Puzzle":0,"Anchor":18,"Bloody Idol":10,"infinitespire:Satchel":4,"Cracked Core":0,"Toy Ornithopter":10,"infinitespire:Freezer":11},{"Inserter":62,"Golden Idol":4,"Astrolabe":26,"Oddly Smooth Stone":82,"Omamori":42,"Letter Opener":4,"War Paint":4,"White Beast Statue":65,"Cables":4,"Centennial Puzzle":0,"Anchor":82,"Bloody Idol":42,"infinitespire:Satchel":14,"Cracked Core":0,"Toy Ornithopter":42,"infinitespire:Freezer":47}],"Toy Ornithopter":20,"Cables":[83,46,32,1,4]},"card_choices":[{"not_picked":["Reprogram","Hologram","Leap"],"picked":"SKIP","floor":1},{"not_picked":["Conserve Battery","Rip and Tear","Lockon"],"picked":"SKIP","floor":10},{"not_picked":["Rebound","Genetic Algorithm"],"picked":"Storm","floor":11},{"not_picked":["Stack","Storm","Conserve Battery"],"picked":"SKIP","floor":12},{"not_picked":["Steam","Hologram"],"picked":"Reinforced Body","floor":14},{"not_picked":["Fission","Machine Learning"],"picked":"Electrodynamics","floor":16},{"not_picked":["Compile Driver","FTL+1"],"picked":"Turbo+1","floor":18},{"not_picked":["Conserve Battery","Barrage"],"picked":"Coolheaded","floor":19},{"not_picked":["Compile Driver","Go for the Eyes"],"picked":"Cold Snap","floor":20},{"not_picked":["Aggregate","Rebound"],"picked":"White Noise","floor":22},{"not_picked":["Sweeping Beam","Streamline+1"],"picked":"Capacitor+1","floor":28},{"not_picked":["Cold Snap","Double Energy","Beam Cell"],"picked":"SKIP","floor":30},{"not_picked":["Core Surge","Electrodynamics"],"picked":"Machine Learning","floor":33},{"not_picked":["Redo","Hologram+1"],"picked":"Barrage+1","floor":35},{"not_picked":["Gash","Rebound+1","Hello World+1"],"picked":"SKIP","floor":37},{"not_picked":["Skim+1","Chaos"],"picked":"Redo+1","floor":38},{"not_picked":["Melter+1","Genetic Algorithm+1"],"picked":"Doom and Gloom+1","floor":39},{"not_picked":["Scrape","Lockon+1"],"picked":"Core Surge","floor":41},{"not_picked":["Recycle","Conserve Battery+1","Go for the Eyes+1"],"picked":"SKIP","floor":44},{"not_picked":["Turbo","Go for the Eyes","Steam"],"picked":"SKIP","floor":46}],"player_experience":255220,"relics_obtained":[{"floor":7,"key":"Letter Opener"},{"floor":9,"key":"Cables"},{"floor":12,"key":"infinitespire:Satchel"},{"floor":26,"key":"Omamori"},{"floor":41,"key":"Anchor"},{"floor":43,"key":"Oddly Smooth Stone"}],"event_choices":[{"damage_healed":0,"gold_gain":0,"player_choice":"Success","damage_taken":18,"relics_obtained":["War Paint"],"max_hp_gain":0,"max_hp_loss":0,"event_name":"Scrap Ooze","floor":2,"gold_loss":0},{"damage_healed":0,"gold_gain":0,"player_choice":"Take Wound","damage_taken":0,"relics_obtained":["Golden Idol"],"max_hp_gain":0,"max_hp_loss":0,"event_name":"Golden Idol","floor":3,"gold_loss":0,"cards_obtained":["Injury"]},{"damage_healed":0,"gold_gain":0,"player_choice":"Entered Light","damage_taken":15,"max_hp_gain":0,"max_hp_loss":0,"event_name":"Shining Light","floor":5,"gold_loss":0,"cards_upgraded":["Defend_B","Strike_B"]},{"damage_healed":0,"gold_gain":0,"player_choice":"Opened","damage_taken":0,"relics_obtained":["Toy Ornithopter"],"max_hp_gain":0,"max_hp_loss":0,"event_name":"The Mausoleum","floor":24,"gold_loss":0,"cards_obtained":["Writhe"]},{"damage_healed":0,"gold_gain":0,"player_choice":"Gave Idol","damage_taken":0,"relics_obtained":["Bloody Idol"],"max_hp_gain":0,"max_hp_loss":0,"event_name":"Forgotten Altar","floor":25,"relics_lost":["Golden Idol"],"gold_loss":0},{"damage_healed":0,"gold_gain":0,"cards_transformed":["Defend_B","Defend_B"],"player_choice":"Became Test Subject","damage_taken":0,"max_hp_gain":0,"max_hp_loss":0,"event_name":"Drug Dealer","floor":27,"gold_loss":0,"cards_obtained":["Cold Snap","Glacier"]},{"damage_healed":0,"gold_gain":0,"player_choice":"Copied","damage_taken":0,"max_hp_gain":0,"max_hp_loss":0,"event_name":"Duplicator","floor":31,"gold_loss":0,"cards_obtained":["Turbo"]},{"damage_healed":0,"gold_gain":0,"player_choice":"Bought 0 Potions","damage_taken":0,"max_hp_gain":0,"max_hp_loss":0,"event_name":"The Woman in Blue","floor":48,"gold_loss":0}],"is_beta":false,"boss_relics":[{"not_picked":["Sozu","Black Star"],"picked":"Astrolabe"},{"not_picked":["Tiny House","SlaversCollar"],"picked":"Inserter"}],"items_purged_floors":[4],"is_endless":false,"potions_floor_spawned":[10,14,16,20,30,37,38,39,41,44,46],"killed_by":"infinitespire:MassOfShapes","ascension_level":4}}