{"host":"70zhvo5nwrhp1mbg","time":1611468647,"event":{"mods":["BaseMod","Colored Map","Colored Powertips","Filter the Spire","Highlight Path","Minty Spire (QoL Compilation)","Rare Cards Sparkle","StSLib"],"gold_per_floor":[119,138,156,7,19,51,51,51,76,104,104,122,122,122,122,222,222,232,247,247,260,34,34,69,92,92,117,117,117,134,148,148,148,148],"floor_reached":33,"language":"ENG","playtime":1517,"items_purged":[],"score":500,"play_id":"5ac50e1f-b64e-4669-8c0c-f49ad0b16635","local_time":"20210124011047","is_ascension_mode":true,"campfire_choices":[{"floor":7,"key":"REST"},{"data":"Double Tap","floor":11,"key":"SMITH"},{"floor":13,"key":"REST"},{"data":"Whirlwind","floor":15,"key":"SMITH"},{"floor":23,"key":"REST"},{"floor":29,"key":"REST"},{"floor":32,"key":"REST"}],"circlet_count":0,"master_deck":["Strike_R+1","Strike_R+1","Strike_R+1","Strike_R+1","Defend_R+1","Defend_R+1","Defend_R+1","Defend_R+1","Bash","Immolate+1","Shrug It Off","Heavy Blade","Pommel Strike","Double Tap+1","Cleave","Clash","Headbutt","Whirlwind+1","Barricade","Heavy Blade","Searing Blow","Spot Weakness","Flame Barrier+1","Apotheosis","Headbutt+1","Demon Form","Feed","Infernal Blade","Clothesline+1","Body Slam+1","Rage+1"],"relics":["Burning Blood","Anchor","Tiny Chest","Strawberry","Dream Catcher","SlaversCollar","MealTicket","Centennial Puzzle","Paper Frog","Pen Nib"],"acts_visited":["Exordium","TheCity"],"potions_floor_usage":[18,19,24,27,27,30,33],"damage_taken":[{"damage":1,"enemies":"Cultist","floor":1,"turns":4},{"damage":4,"enemies":"Jaw Worm","floor":2,"turns":5},{"damage":0,"enemies":"Small Slimes","floor":3,"turns":2},{"damage":0,"enemies":"2 Fungi Beasts","floor":5,"turns":3},{"damage":54,"enemies":"Lagavulin","floor":6,"turns":6},{"damage":0,"enemies":"3 Sentries","floor":10,"turns":2},{"damage":9,"enemies":"Exordium Wildlife","floor":12,"turns":3},{"damage":0,"enemies":"Slime Boss","floor":16,"turns":5},{"damage":34,"enemies":"Shell Parasite","floor":18,"turns":6},{"damage":13,"enemies":"2 Thieves","floor":19,"turns":3},{"damage":53,"enemies":"Shelled Parasite and Fungi","floor":21,"turns":5},{"damage":9,"enemies":"Slavers","floor":24,"turns":5},{"damage":42,"enemies":"Gremlin Leader","floor":27,"turns":6},{"damage":4,"enemies":"3 Cultists","floor":30,"turns":3},{"damage":27,"enemies":"Sentry and Sphere","floor":31,"turns":4},{"damage":55,"enemies":"Automaton","floor":33,"turns":6}],"seed_played":"-5480461920807114201","potions_obtained":[{"floor":3,"key":"FearPotion"},{"floor":5,"key":"Dexterity Potion"},{"floor":6,"key":"BloodPotion"},{"floor":18,"key":"LiquidMemories"},{"floor":24,"key":"CultistPotion"},{"floor":27,"key":"Explosive Potion"}],"is_trial":false,"path_per_floor":["M","M","M","$","M","E","R","?","T","E","R","M","R","?","R","B",null,"M","M","?","M","$","R","E","T","T","E","?","R","M","M","R","B"],"character_chosen":"IRONCLAD","items_purchased":["Anchor","Apotheosis","Energy Potion"],"campfire_rested":5,"item_purchase_floors":[4,22,22],"current_hp_per_floor":[77,79,80,80,80,32,56,56,63,69,69,66,87,87,87,87,87,76,69,69,22,22,48,45,45,45,9,9,35,40,19,46,0,0],"gold":148,"neow_bonus":"TRANSFORM_CARD","is_daily":false,"chose_seed":false,"campfire_upgraded":2,"win_rate":0.0,"timestamp":1611468647,"path_taken":["M","?","M","$","?","E","R","?","T","E","R","M","R","?","R","BOSS","M","M","?","M","$","R","E","?","T","E","?","R","M","M","R","BOSS"],"items_purchased_type":["Relic","Card","Potion"],"build_version":"2020-12-22","purchased_purges":0,"victory":false,"max_hp_per_floor":[80,80,80,80,80,80,80,80,87,87,87,87,87,87,87,87,87,87,87,87,87,87,87,87,87,87,87,87,87,90,90,90,90,90],"card_choices":[{"not_picked":["Heavy Blade","Twin Strike"],"picked":"Shrug It Off","floor":1},{"not_picked":["Body Slam","Pommel Strike"],"picked":"Heavy Blade","floor":2},{"not_picked":["Havoc","Entrench"],"picked":"Pommel Strike","floor":3},{"not_picked":["Combust","Body Slam"],"picked":"Double Tap","floor":5},{"not_picked":["Burning Pact","True Grit"],"picked":"Cleave","floor":6},{"not_picked":["Berserk","Feel No Pain"],"picked":"Clash","floor":10},{"not_picked":["Heavy Blade","Armaments"],"picked":"Headbutt","floor":12},{"not_picked":["Twin Strike","Wild Strike"],"picked":"Whirlwind","floor":13},{"not_picked":["Double Tap","Exhume"],"picked":"Barricade","floor":16},{"not_picked":["Burning Pact","Twin Strike"],"picked":"Heavy Blade","floor":18},{"not_picked":["Iron Wave","Havoc+1"],"picked":"Searing Blow","floor":19},{"not_picked":["Armaments","Uppercut"],"picked":"Flame Barrier+1","floor":21},{"not_picked":["Flex","Pommel Strike"],"picked":"Headbutt+1","floor":23},{"not_picked":["Sword Boomerang","Warcry+1"],"picked":"Demon Form","floor":24},{"not_picked":["Twin Strike+1","Perfected Strike"],"picked":"Feed","floor":27},{"not_picked":["Headbutt","Perfected Strike+1"],"picked":"Infernal Blade","floor":29},{"not_picked":["Dark Embrace","Searing Blow"],"picked":"Clothesline+1","floor":30},{"not_picked":["Havoc","Flex"],"picked":"Body Slam+1","floor":31},{"not_picked":["Seeing Red+1","Iron Wave"],"picked":"Rage+1","floor":32}],"player_experience":456711,"relics_obtained":[{"floor":6,"key":"Tiny Chest"},{"floor":9,"key":"Strawberry"},{"floor":10,"key":"Dream Catcher"},{"floor":24,"key":"MealTicket"},{"floor":25,"key":"Centennial Puzzle"},{"floor":26,"key":"Paper Frog"},{"floor":27,"key":"Pen Nib"}],"event_choices":[{"damage_healed":0,"gold_gain":0,"player_choice":"Grow","damage_taken":0,"max_hp_gain":0,"max_hp_loss":0,"event_name":"Living Wall","floor":8,"gold_loss":0,"cards_upgraded":["Immolate"]},{"damage_healed":0,"gold_gain":0,"player_choice":"Leave","damage_taken":0,"max_hp_gain":0,"max_hp_loss":0,"event_name":"The Cleric","floor":14,"gold_loss":0},{"damage_healed":0,"gold_gain":0,"player_choice":"Read","damage_taken":0,"max_hp_gain":0,"max_hp_loss":0,"event_name":"The Library","floor":20,"gold_loss":0,"cards_obtained":["Spot Weakness"]},{"damage_healed":0,"gold_gain":0,"player_choice":"Simplicity","damage_taken":0,"max_hp_gain":0,"max_hp_loss":0,"event_name":"Back to Basics","floor":28,"gold_loss":0,"cards_upgraded":["Strike_R","Strike_R","Strike_R","Strike_R","Defend_R","Defend_R","Defend_R","Defend_R"]}],"is_beta":false,"boss_relics":[{"not_picked":["Sozu","Fusion Hammer"],"picked":"SlaversCollar"}],"items_purged_floors":[],"is_endless":false,"potions_floor_spawned":[3,5,6,10,18,24,27],"killed_by":"Automaton","ascension_level":7}}