{"host":"c6u7e77myxvw4d0m","time":1611480422,"event":{"mods":["AchievementEnabler","BaseMod","Bestiary","Colored Map","Colored Powertips","Minty Spire (QoL Compilation)","Rare Cards Sparkle","Relic Stats","everything is the same but u backflip on backflip"],"gold_per_floor":[117,117,136,136,156,183,203,228,253,264,364,364,389,401,401,504,504,524,540,279,279,25,57,57,57,57,69,69,69],"floor_reached":28,"language":"ENG","playtime":1411,"items_purged":["Shockwave","Perfected Strike"],"score":386,"play_id":"c56b99da-86da-45be-90ed-70f20d748505","local_time":"20210124112702","is_ascension_mode":true,"campfire_choices":[{"data":"True Grit","floor":12,"key":"SMITH"},{"data":"Fire Breathing","floor":15,"key":"SMITH"},{"data":"Armaments","floor":25,"key":"SMITH"}],"circlet_count":0,"master_deck":["Defend_R","Defend_R","Defend_R","Defend_R","Bash","Rupture","Blind","Feel No Pain","Immolate","Clothesline","True Grit+1","Fire Breathing+1","Rupture","Immolate","Sentinel","Infernal Blade+1","Combust","Fire Breathing+1","Bite","Bite","Bite","Bite","Bite","Armaments+1","Evolve"],"relics":["Burning Blood","Happy Flower","Juzu Bracelet","Strawberry","Pen Nib","Sozu","Orrery","Bronze Scales","Orichalcum","Kunai"],"acts_visited":["Exordium","TheCity"],"potions_floor_usage":[6,7,13],"damage_taken":[{"damage":6,"enemies":"Cultist","floor":1,"turns":4},{"damage":3,"enemies":"Small Slimes","floor":3,"turns":3},{"damage":9,"enemies":"Jaw Worm","floor":5,"turns":2},{"damage":35,"enemies":"Lagavulin","floor":6,"turns":4},{"damage":0,"enemies":"Exordium Thugs","floor":7,"turns":3},{"damage":20,"enemies":"3 Sentries","floor":8,"turns":5},{"damage":10,"enemies":"3 Louse","floor":10,"turns":4},{"damage":22,"enemies":"Gremlin Nob","floor":13,"turns":4},{"damage":0,"enemies":"Looter","floor":14,"turns":3},{"damage":28,"enemies":"Slime Boss","floor":16,"turns":8},{"damage":35,"enemies":"3 Byrds","floor":18,"turns":5},{"damage":0,"enemies":"Chosen","floor":19,"turns":3},{"damage":68,"enemies":"Slavers","floor":23,"turns":5},{"damage":18,"enemies":"Snake Plant","floor":27,"turns":3},{"damage":21,"enemies":"Book of Stabbing","floor":28,"turns":4}],"seed_played":"-5274623114398734649","potions_obtained":[{"floor":3,"key":"Energy Potion"},{"floor":5,"key":"FearPotion"},{"floor":10,"key":"FearPotion"},{"floor":13,"key":"FairyPotion"}],"is_trial":false,"path_per_floor":["M","?","M","?","M","E","M","E","T","M","?","R","E","M","R","B",null,"M","M","$","?","$","E","?","R","T","M","E"],"character_chosen":"IRONCLAD","items_purchased":["Combust","Orrery","Bronze Scales"],"campfire_rested":0,"item_purchase_floors":[20,20,22],"current_hp_per_floor":[80,80,83,83,80,51,57,43,50,46,46,46,30,36,36,14,75,46,52,52,52,52,19,19,19,19,13,0,0],"gold":69,"neow_bonus":"TEN_PERCENT_HP_BONUS","is_daily":false,"chose_seed":false,"campfire_upgraded":3,"win_rate":0.0,"timestamp":1611480422,"path_taken":["M","?","M","?","M","E","?","E","T","M","?","R","E","M","R","BOSS","M","M","$","?","$","E","?","R","T","M","E"],"items_purchased_type":["Card","Relic","Relic"],"build_version":"2020-12-22","purchased_purges":2,"victory":false,"max_hp_per_floor":[88,88,88,88,88,88,88,88,95,95,95,95,95,95,95,95,95,95,95,95,66,66,66,66,66,66,66,66,66],"relic_stats":{"Sozu":1,"Happy Flower":[15],"counters":[15,60],"Bronze Scales":[64],"Pen Nib":[4],"Juzu Bracelet":2,"Kunai":[2],"Orichalcum":[24],"obtain_stats":[{"Sozu":17,"Happy Flower":6,"Strawberry":9,"Bronze Scales":22,"Orrery":20,"Pen Nib":13,"Juzu Bracelet":8,"Kunai":26,"Orichalcum":23,"Burning Blood":0},{"Sozu":10,"Happy Flower":4,"Strawberry":6,"Bronze Scales":12,"Orrery":12,"Pen Nib":8,"Juzu Bracelet":6,"Kunai":13,"Orichalcum":13,"Burning Blood":0},{"Sozu":40,"Happy Flower":13,"Strawberry":21,"Bronze Scales":48,"Orrery":48,"Pen Nib":29,"Juzu Bracelet":21,"Kunai":53,"Orichalcum":53,"Burning Blood":0}],"Burning Blood":84},"card_choices":[{"not_picked":["Sentinel","Battle Trance"],"picked":"Clash","floor":1},{"not_picked":["Anger","Pommel Strike"],"picked":"Perfected Strike","floor":3},{"not_picked":["Thunderclap","Clash"],"picked":"Feel No Pain","floor":5},{"not_picked":["Heavy Blade","Dark Embrace"],"picked":"Immolate","floor":6},{"not_picked":["Sword Boomerang","Warcry"],"picked":"Clothesline","floor":7},{"not_picked":["Ghostly Armor","Flex"],"picked":"True Grit","floor":8},{"not_picked":["Body Slam","Thunderclap"],"picked":"Fire Breathing","floor":10},{"not_picked":["Clothesline","Armaments"],"picked":"Shockwave","floor":13},{"not_picked":["Disarm","Heavy Blade"],"picked":"Rupture","floor":14},{"not_picked":["Juggernaut","Berserk"],"picked":"Immolate","floor":16},{"not_picked":["Havoc+1","Rampage"],"picked":"Sentinel","floor":18},{"not_picked":["Cleave","Perfected Strike"],"picked":"Infernal Blade+1","floor":19},{"not_picked":["Anger+1","Body Slam"],"picked":"Fire Breathing+1","floor":20},{"not_picked":["Anger","Double Tap"],"picked":"Armaments","floor":23},{"not_picked":["Flex","Clash","Thunderclap"],"picked":"SKIP","floor":27}],"player_experience":460173,"relics_obtained":[{"floor":6,"key":"Happy Flower"},{"floor":8,"key":"Juzu Bracelet"},{"floor":9,"key":"Strawberry"},{"floor":13,"key":"Pen Nib"},{"floor":23,"key":"Orichalcum"},{"floor":26,"key":"Kunai"}],"event_choices":[{"damage_healed":0,"gold_gain":0,"player_choice":"Ignored","damage_taken":0,"max_hp_gain":0,"max_hp_loss":0,"event_name":"Liars Game","floor":2,"gold_loss":0},{"damage_healed":0,"gold_gain":0,"player_choice":"2 cards matched","damage_taken":0,"max_hp_gain":0,"max_hp_loss":0,"event_name":"Match and Keep!","floor":4,"gold_loss":0,"cards_obtained":["Rupture","Blind"]},{"damage_healed":0,"gold_gain":100,"player_choice":"Pray","damage_taken":0,"max_hp_gain":0,"max_hp_loss":0,"event_name":"Golden Shrine","floor":11,"gold_loss":0},{"damage_healed":0,"gold_gain":0,"player_choice":"Became a vampire","damage_taken":0,"max_hp_gain":0,"max_hp_loss":29,"event_name":"Vampires","floor":21,"gold_loss":0,"cards_obtained":["Bite","Bite","Bite","Bite","Bite"]},{"damage_healed":0,"gold_gain":0,"cards_transformed":["Clash"],"player_choice":"Transformed","damage_taken":0,"max_hp_gain":0,"max_hp_loss":0,"event_name":"Transmorgrifier","floor":24,"gold_loss":0,"cards_obtained":["Evolve"]}],"is_beta":false,"boss_relics":[{"not_picked":["SacredBark","Coffee Dripper"],"picked":"Sozu"}],"items_purged_floors":[20,22],"is_endless":false,"potions_floor_spawned":[3,5,10,13,19],"killed_by":"Book of Stabbing","ascension_level":8}}