{"host":"hcg1n1zeml53gytb","time":1611524781,"event":{"mods":["BaseMod","Better Third Choice","Colored Powertips","Displayed Cursed Tome","Downfall","Hermit","Highlight Path","Minty Spire (QoL Compilation)","Quick Restart","Rare Cards Sparkle","Relic Stats","Replay The Spire","StSLib","The Cursed"],"gold_per_floor":[112,62,62,73,3,30,45,58,58,58,84,95,95,126,126,231,231,246,196,206,206,223,255,275,275,300,310,343,355,110,143,143,239,239,250,270,168,168,185,210,210,245,293,332,332,115,115,125,125,125,125,125,36,63,63],"floor_reached":56,"language":"ENG","playtime":3887,"items_purged":["Strike_R","Strike_R","Strike_R","Defend_R"],"score":1395,"play_id":"146097b7-0014-4391-86e0-4737aaac69ed","local_time":"20210124154621","is_ascension_mode":true,"campfire_choices":[{"data":"Offering","floor":15.0,"key":"SMITH"},{"data":"Demon Form","floor":32,"key":"SMITH"},{"floor":41,"key":"RECALL"},{"data":"Feel No Pain","floor":49,"key":"SMITH"},{"data":"Heavy Blade","floor":52,"key":"SMITH"}],"circlet_count":0,"master_deck":["Defend_R+1","Defend_R","Defend_R+1","Bash","Headbutt","Shockwave+1","Offering+1","Shrug It Off","Demon Form+1","ReplayTheSpireMod:Limb From Limb","Exhume","Corruption","Massacre+1","ReplayTheSpireMod:Limb From Limb","Flex+1","Inflame","Seeing Red+1","Double Tap+1","Feel No Pain+1","Reaper","Heavy Blade+1","Feel No Pain+1","Shockwave+1","Immolate","Metallicize","Shrug It Off","Clothesline"],"relics":["Black Blood","NeowsBlessing","Torii","Mango","Blue Candle","Regal Pillow","FossilizedHelix","PreservedInsect","Smiling Mask","Vajra","Bottled Lightning","Snecko Eye","CeramicFish","Pet Ghost","War Paint","Dream Catcher"],"acts_visited":["Exordium","TheCity","TheBeyond","TheEnding"],"potions_floor_usage":[18,23,27,31,33,55,55,55,55,55,55],"damage_taken":[{"damage":0.0,"enemies":"Jaw Worm","floor":1.0,"turns":1.0},{"damage":0.0,"enemies":"Cultist","floor":4.0,"turns":1.0},{"damage":0.0,"enemies":"Replay:BlueRogue","floor":6.0,"turns":1.0},{"damage":7.0,"enemies":"Small Slimes","floor":7.0,"turns":3.0},{"damage":2.0,"enemies":"Looter","floor":8.0,"turns":3.0},{"damage":13.0,"enemies":"Lagavulin","floor":11.0,"turns":6.0},{"damage":2.0,"enemies":"Lots of Slimes","floor":12.0,"turns":7.0},{"damage":10.0,"enemies":"Gremlin Nob","floor":14.0,"turns":3.0},{"damage":42.0,"enemies":"The Guardian","floor":16.0,"turns":7.0},{"damage":24,"enemies":"2 Thieves","floor":18,"turns":4},{"damage":39,"enemies":"Shell Parasite","floor":20,"turns":6},{"damage":2,"enemies":"Cultist and Chosen","floor":22,"turns":6},{"damage":9,"enemies":"Replay:Snechameleon","floor":23,"turns":5},{"damage":7,"enemies":"Centurion and Healer","floor":24,"turns":6},{"damage":5,"enemies":"Snake Plant","floor":27,"turns":3},{"damage":24,"enemies":"Gremlin Leader","floor":28,"turns":4},{"damage":0,"enemies":"Snecko","floor":29,"turns":5},{"damage":26,"enemies":"Slavers","floor":31,"turns":2},{"damage":50,"enemies":"Pondfish","floor":33,"turns":8},{"damage":0,"enemies":"Orb Walker","floor":35,"turns":3},{"damage":17,"enemies":"3 Shapes","floor":36,"turns":4},{"damage":0,"enemies":"3 Darklings","floor":39,"turns":1},{"damage":24,"enemies":"Reptomancer","floor":40,"turns":4},{"damage":7,"enemies":"Giant Head","floor":42,"turns":5},{"damage":0,"enemies":"Nemesis","floor":44,"turns":5},{"damage":25,"enemies":"4 Shapes","floor":48,"turns":4},{"damage":29,"enemies":"Replay:Hell Engine","floor":50,"turns":9},{"damage":6,"enemies":"Shield and Spear","floor":54,"turns":3},{"damage":41,"enemies":"The Heart","floor":55,"turns":7}],"seed_played":"2597899819681284190","potions_obtained":[{"floor":4.0,"key":"Weak Potion"},{"floor":6.0,"key":"Fire Potion"},{"floor":8.0,"key":"ColorlessPotion"},{"floor":22,"key":"Adrenaline Potion"},{"floor":23,"key":"Weak Potion"},{"floor":24,"key":"bronze:BurnAndBuffPotion"},{"floor":29,"key":"HeartOfIron"},{"floor":36,"key":"SpeedPotion"},{"floor":40,"key":"Block Potion"},{"floor":42,"key":"EntropicBrew"}],"is_trial":false,"path_per_floor":["M","?","?","M","$","E","M","M","T","?","E","M","?","E","R","B",null,"M","?","M","?","M","E","M","?","T","M","E","M","$","E","R","B",null,"M","M","$","?","M","E","R","E","T","E","?","$","?","M","R","B",null,"R","$","E","B",null],"character_chosen":"IRONCLAD","items_purchased":["Offering","Feel No Pain+1","Vajra","PowerPotion","Immolate","Metallicize","Shrug It Off","Clothesline"],"campfire_rested":0,"item_purchase_floors":[5,30,30,37,46,46,46,53],"current_hp_per_floor":[80,80,80,80,80,80,79,80,80,64,71,75,75,71,71,35,94,82,82,55,55,65,68,73,73,73,80,68,80,80,66,66,28,94,94,94,94,94,94,82,82,93,93,94,94,94,89,89,89,86,89,89,89,89,60],"gold":63,"neow_bonus":"THREE_ENEMY_KILL","is_daily":false,"chose_seed":false,"campfire_upgraded":4,"win_rate":0.0,"timestamp":1611524781,"path_taken":["M","?","?","M","$","E","M","?","T","?","E","M","?","E","R","BOSS","M","?","?","?","?","E","M","?","T","M","E","M","$","E","R","BOSS","M","M","$","?","M","E","R","E","T","E","?","$","?","M","R","BOSS","R","$","E","BOSS"],"items_purchased_type":["Card","Card","Relic","Potion","Card","Card","Card","Card"],"build_version":"2020-12-22","purchased_purges":4,"victory":true,"max_hp_per_floor":[80,80,80,80,80,80,80,80,80,80,94,94,94,94,94,94,94,94,94,94,94,94,94,94,94,94,94,94,94,94,94,94,94,94,94,94,94,94,94,94,94,94,94,94,94,94,89,89,89,89,89,89,89,89,89],"relic_stats":{"Regal Pillow":0,"Dream Catcher":0,"Torii":102,"counters":[29,126],"Blue Candle":[2],"CeramicFish":54,"Black Blood":223,"Snecko Eye":[91,108,86,93],"PreservedInsect":383,"War Paint":["Double Tap","Defend_R"],"Smiling Mask":250,"obtain_stats":[{"Regal Pillow":14,"NeowsBlessing":0,"Torii":6,"Blue Candle":13,"CeramicFish":40,"Black Blood":17,"Vajra":30,"Mango":11,"PreservedInsect":26,"War Paint":43,"Smiling Mask":28,"Burning Blood":0,"Pet Ghost":42,"Dream Catcher":44,"Snecko Eye":34,"Bottled Lightning":31,"FossilizedHelix":23},{"Regal Pillow":8,"NeowsBlessing":0,"Torii":3,"Blue Candle":7,"CeramicFish":23,"Black Blood":9,"Vajra":17,"Mango":6,"PreservedInsect":14,"War Paint":24,"Smiling Mask":16,"Burning Blood":0,"Pet Ghost":24,"Dream Catcher":25,"Snecko Eye":19,"Bottled Lightning":18,"FossilizedHelix":13},{"Regal Pillow":25,"NeowsBlessing":0,"Torii":3,"Blue Candle":22,"CeramicFish":93,"Black Blood":32,"Vajra":71,"Mango":15,"PreservedInsect":59,"War Paint":98,"Smiling Mask":66,"Burning Blood":0,"Pet Ghost":98,"Dream Catcher":103,"Snecko Eye":81,"Bottled Lightning":73,"FossilizedHelix":53}]},"card_choices":[{"not_picked":["Warcry","Havoc"],"picked":"Headbutt","floor":1.0},{"not_picked":["Replay:Undeath\u0027s Touch","Warcry"],"picked":"Shockwave","floor":4.0},{"not_picked":["Replay:Undeath\u0027s Touch","Warcry"],"picked":"Pommel Strike","floor":6.0},{"not_picked":["Fire Breathing","Havoc","Replay:Undeath\u0027s Touch"],"picked":"SKIP","floor":7.0},{"not_picked":["Whirlwind","Massacre"],"picked":"Shrug It Off","floor":8.0},{"not_picked":["Disarm","Entrench"],"picked":"Demon Form","floor":11.0},{"not_picked":["Life Link","Warcry"],"picked":"ReplayTheSpireMod:Limb From Limb","floor":12.0},{"not_picked":["Anger","Body Slam"],"picked":"Exhume","floor":14.0},{"not_picked":["Fiend Fire","Brutality"],"picked":"Corruption","floor":16.0},{"not_picked":["Carnage","Heavy Blade"],"picked":"Massacre+1","floor":18},{"not_picked":["Armaments+1","Shrug It Off","Body Slam"],"picked":"SKIP","floor":20},{"not_picked":["Second Wind","Hemokinesis","ReplayReversal"],"picked":"SKIP","floor":22},{"not_picked":["Run Through+1","Massacre"],"picked":"ReplayTheSpireMod:Limb From Limb","floor":23},{"not_picked":["Pummel","Replay:Undeath\u0027s Touch"],"picked":"Flex+1","floor":24},{"not_picked":["Replay:Undeath\u0027s Touch","Havoc"],"picked":"Seeing Red+1","floor":27},{"not_picked":["Body Slam+1","Blood for Blood"],"picked":"Double Tap","floor":28},{"not_picked":["Cleave","Spot Weakness","Bloodletting"],"picked":"SKIP","floor":29},{"not_picked":["Heavy Blade","Thunderclap+1","Entrench"],"picked":"SKIP","floor":31},{"not_picked":["Fiend Fire","Replay:Many Hands"],"picked":"Reaper","floor":33},{"not_picked":["ReplayTheSpireMod:LeadingStrike+1","Body Slam","Warcry"],"picked":"SKIP","floor":35},{"not_picked":["Body Slam+1","Defy Death","ReplayTheSpireMod:Muscle Training+1"],"picked":"SKIP","floor":36},{"not_picked":["Wild Strike","Thunderclap"],"picked":"Heavy Blade","floor":39},{"not_picked":["Defy Death","Clash+1","Replay:Many Hands"],"picked":"SKIP","floor":40},{"not_picked":["Run Through+1","Defy Death+1"],"picked":"Feel No Pain","floor":42},{"not_picked":["Clash+1","Anger+1"],"picked":"Shockwave+1","floor":44},{"not_picked":["Iron Wave","Pummel+1","Body Slam+1"],"picked":"SKIP","floor":48},{"not_picked":["Corruption","Abandon","Replay:Undeath\u0027s Touch"],"picked":"SKIP","floor":54}],"player_experience":501214,"relics_obtained":[{"floor":6.0,"key":"Torii"},{"floor":11.0,"key":"Mango"},{"floor":14.0,"key":"Regal Pillow"},{"floor":23,"key":"FossilizedHelix"},{"floor":26,"key":"PreservedInsect"},{"floor":28,"key":"Smiling Mask"},{"floor":31,"key":"Bottled Lightning"},{"floor":40,"key":"CeramicFish"},{"floor":42,"key":"Pet Ghost"},{"floor":43,"key":"War Paint"},{"floor":44,"key":"Dream Catcher"}],"event_choices":[{"cards_removed":["Strike_R"],"damage_healed":0.0,"max_hp_gain":0.0,"max_hp_loss":0.0,"gold_gain":0.0,"event_name":"The Cleric","player_choice":"Card Removal","floor":2.0,"gold_loss":50.0,"damage_taken":0.0},{"cards_removed":["Strike_R"],"damage_healed":0.0,"max_hp_gain":0.0,"max_hp_loss":0.0,"gold_gain":0.0,"event_name":"Purifier","player_choice":"Purged","floor":3.0,"gold_loss":0.0,"damage_taken":0.0},{"damage_healed":80.0,"max_hp_gain":0.0,"max_hp_loss":80.0,"gold_gain":0.0,"event_name":"betterThird:BetterShining","player_choice":"Upgrade","floor":10.0,"gold_loss":0.0,"damage_taken":16.0,"cards_upgraded":["Defend_R","Shockwave"]},{"damage_healed":0.0,"max_hp_gain":0.0,"max_hp_loss":0.0,"gold_gain":0.0,"event_name":"Big Fish","player_choice":"Box","floor":13.0,"gold_loss":0.0,"damage_taken":0.0,"relics_obtained":["Blue Candle"],"cards_obtained":["Regret"]},{"damage_healed":0,"gold_gain":0,"player_choice":"Bet on Murderer","damage_taken":0,"max_hp_gain":0,"max_hp_loss":0,"event_name":"The Joust","floor":19,"gold_loss":50},{"cards_removed":["Regret"],"damage_healed":0,"gold_gain":0,"player_choice":"Removed Curses","damage_taken":0,"max_hp_gain":0,"max_hp_loss":0,"event_name":"Fountain of Cleansing","floor":21,"gold_loss":0},{"damage_healed":0,"gold_gain":0,"player_choice":"Read","damage_taken":0,"max_hp_gain":0,"max_hp_loss":0,"event_name":"The Library","floor":25,"gold_loss":0,"cards_obtained":["Inflame"]},{"cards_removed":["Pommel Strike"],"damage_healed":0,"gold_gain":0,"player_choice":"Removed Attack","damage_taken":0,"max_hp_gain":0,"max_hp_loss":0,"event_name":"Falling","floor":38,"gold_loss":0},{"damage_healed":0,"gold_gain":0,"player_choice":"Max HP","damage_taken":0,"max_hp_gain":0,"max_hp_loss":5,"event_name":"Winding Halls","floor":47,"gold_loss":0}],"is_beta":false,"boss_relics":[{"not_picked":["Ring of Chaos","Empty Cage"],"picked":"Black Blood"},{"not_picked":["Replay:Ancient Bell","Fusion Hammer"],"picked":"Snecko Eye"}],"items_purged_floors":[30,37,46,53],"is_endless":false,"potions_floor_spawned":[4,6,8,22,23,24,29,36,40,42,48,54],"ascension_level":1}}