{"host":"qyxsi4yeo0ogdng6","time":1611512042,"event":{"mods":["BaseMod","Downfall","Minty Spire (QoL Compilation)","Replay The Spire","StSLib"],"gold_per_floor":[10,29,29,46,46,81,101,101,101,130,140,170,187,207,207,302,302,315,315,49,49,26,59,59,93,93,123,123,123,133,133,133,234,234,246,246,346,99,115,145,163,192,215,240,287,298,314,330,330,330,330,330,44,71,71,71],"floor_reached":55,"language":"ENG","playtime":5301,"items_purged":["Pain","Strike_R"],"score":887,"play_id":"86b26be3-67b2-4689-826f-14d2695b582a","local_time":"20210124101402","is_ascension_mode":true,"campfire_choices":[{"data":"Armaments","floor":8.0,"key":"SMITH"},{"floor":15.0,"key":"RECALL"},{"data":"Sadistic Nature","floor":24,"key":"SMITH"},{"data":"Inflame","floor":29,"key":"SMITH"},{"data":"Dark Embrace","floor":32,"key":"SMITH"},{"data":"Shockwave","floor":49,"key":"SMITH"},{"data":"Juggernaut","floor":52,"key":"SMITH"}],"circlet_count":0,"master_deck":["Strike_R","Strike_R","Strike_R","Strike_R","Defend_R","Defend_R","Defend_R","Bash","Sadistic Nature+1","Metallicize","Uppercut","Intimidate","Thunderclap","Feed","Armaments+1","Headbutt","Seeing Red","Headbutt","Intimidate","Shockwave+1","Juggernaut+1","CurseOfTheBell","Clothesline+1","Dark Embrace+1","Shame","Thunderclap","Heavy Blade","Reckless Charge","Inflame+1","Necronomicurse","Havoc","Eclipse","Replay:Undeath\u0027s Touch","Voices","Ghostly Armor","Havoc+1","Sword Boomerang+1","True Grit+1","ReplayTheSpireMod:LeadingStrike+1","Twin Strike+1","Fire Breathing+1","ReplayTheSpireMod:LeadingStrike+1","Reckless Charge","Flex"],"relics":["Burning Blood","Sundial","White Beast Statue","Kunai","Bottled Lightning","Calling Bell","Blood Vial","Meat on the Bone","Magic Flower","WarpedTongs","Toy Ornithopter","Vajra","Mercury Hourglass","MealTicket","Pear","Nunchaku","Necronomicon","Mark of Pain","Ring of Panic","Ring of Searing","Medical Kit","Ancient Tea Set","Paper Frog","Art of War","Bottled Tornado","Turnip","Incense Burner","Shuriken"],"acts_visited":["TheBeyond","TheEnding"],"potions_floor_usage":[25,33,33,40,40,40,42,45,47,50,50,50],"damage_taken":[{"damage":3.0,"enemies":"2 Louse","floor":1.0,"turns":3.0},{"damage":12.0,"enemies":"Jaw Worm","floor":2.0,"turns":2.0},{"damage":0.0,"enemies":"Cultist","floor":4.0,"turns":2.0},{"damage":13.0,"enemies":"Gremlin Nob","floor":6.0,"turns":4.0},{"damage":10.0,"enemies":"2 Fungi Beasts","floor":7.0,"turns":4.0},{"damage":4.0,"enemies":"Lagavulin","floor":10.0,"turns":6.0},{"damage":2.0,"enemies":"Looter","floor":11.0,"turns":3.0},{"damage":17.0,"enemies":"Gremlin Nob","floor":12.0,"turns":4.0},{"damage":8.0,"enemies":"Large Slime","floor":13.0,"turns":4.0},{"damage":0.0,"enemies":"3 Louse","floor":14.0,"turns":2.0},{"damage":60.0,"enemies":"Hexaghost","floor":16.0,"turns":10.0},{"damage":26.0,"enemies":"2 Thieves","floor":18.0,"turns":4.0},{"damage":17.0,"enemies":"Gremlin Leader","floor":23.0,"turns":6.0},{"damage":36,"enemies":"Slavers","floor":25,"turns":5},{"damage":62,"enemies":"Book of Stabbing","floor":27,"turns":6},{"damage":0,"enemies":"Chosen","floor":30,"turns":3},{"damage":51,"enemies":"Automaton","floor":33,"turns":8},{"damage":22,"enemies":"3 Shapes","floor":35,"turns":2},{"damage":31,"enemies":"3 Darklings","floor":39,"turns":3},{"damage":29,"enemies":"R_Hoarder","floor":40,"turns":5},{"damage":32,"enemies":"4 Shapes","floor":41,"turns":4},{"damage":40,"enemies":"Nemesis","floor":42,"turns":5},{"damage":36,"enemies":"Giant Head","floor":44,"turns":6},{"damage":4,"enemies":"2 Orb Walkers","floor":45,"turns":2},{"damage":14,"enemies":"Sphere and 2 Shapes","floor":46,"turns":4},{"damage":15,"enemies":"Jaw Worm Horde","floor":47,"turns":3},{"damage":43,"enemies":"Spire Growth","floor":48,"turns":4},{"damage":78,"enemies":"Replay:Hell Engine","floor":50,"turns":7},{"damage":92,"enemies":"Shield and Spear","floor":54,"turns":5},{"damage":66,"enemies":"The Heart","floor":55,"turns":3}],"seed_played":"-535651175875096421","potions_obtained":[{"floor":1.0,"key":"FearPotion"},{"floor":6.0,"key":"Block Potion"},{"floor":7.0,"key":"Ancient Potion"},{"floor":10.0,"key":"ElixirPotion"},{"floor":11.0,"key":"HeartOfIron"},{"floor":12.0,"key":"SpeedPotion"},{"floor":13.0,"key":"ColorlessPotion"},{"floor":14.0,"key":"BloodPotion"},{"floor":16.0,"key":"Explosive Potion"},{"floor":18.0,"key":"SneckoOil"},{"floor":23,"key":"DuplicationPotion"},{"floor":25,"key":"ElixirPotion"},{"floor":27,"key":"Explosive Potion"},{"floor":30,"key":"Dexterity Potion"},{"floor":33,"key":"LiquidBronze"},{"floor":35,"key":"Energy Potion"},{"floor":39,"key":"Adrenaline Potion"},{"floor":40,"key":"Fruit Juice"},{"floor":41,"key":"BlessingOfTheForge"},{"floor":42,"key":"bronze:BurnAndBuffPotion"},{"floor":44,"key":"AttackPotion"},{"floor":45,"key":"Doom Potion"},{"floor":46,"key":"HeartOfIron"},{"floor":47,"key":"Energy Potion"},{"floor":48,"key":"Adrenaline Potion"},{"floor":54,"key":"Reflective Coating"}],"is_trial":false,"path_per_floor":["M","M","?","M","$","E","M","R","T","E","M","E","M","M","R","B",null,"M","?","$","?","$","E","R","E","T","E","?","R","M","T","R","B",null,"M","?","?","$","M","E","M","E","T","E","?","M","M","M","R","B",null,"R","$","E","B"],"character_chosen":"IRONCLAD","items_purchased":["Toy Ornithopter","Dark Embrace","Thunderclap","Medical Kit","Incense Burner"],"campfire_rested":0,"item_purchase_floors":[20,20,22,38,53],"current_hp_per_floor":[80,74,74,80,80,73,72,72,72,78,82,74,75,81,81,27,93,76,76,76,76,76,87,87,70,80,53,37,37,67,67,67,62,110,101,101,101,114,92,101,81,79,79,73,95,98,103,90,90,66,126,126,126,61,0,0],"gold":71,"neow_bonus":"RANDOM_COLORLESS_2","is_daily":false,"chose_seed":false,"campfire_upgraded":6,"win_rate":0.0,"timestamp":1611512042,"path_taken":["M","M","?","M","$","E","M","R","T","E","M","E","M","M","R","BOSS","M","?","?","?","$","E","R","E","T","E","?","R","M","?","R","BOSS","M","?","?","$","M","E","?","E","T","E","?","M","M","M","R","BOSS","R","$","E","BOSS"],"items_purchased_type":["Relic","Card","Card","Relic","Relic"],"build_version":"2020-12-22","purchased_purges":2,"victory":false,"max_hp_per_floor":[80,80,80,80,80,80,83,83,83,87,87,90,93,93,93,93,93,93,93,93,93,93,93,93,97,107,110,110,110,110,110,110,110,110,114,114,114,114,114,119,119,119,119,119,123,126,126,126,126,126,126,126,126,126,126,126],"card_choices":[{"not_picked":["Secret Weapon","Secret Technique"],"picked":"Sadistic Nature","floor":0.0},{"not_picked":["Body Slam","Twin Strike"],"picked":"Metallicize","floor":1.0},{"not_picked":["Armaments","Twin Strike"],"picked":"Uppercut","floor":2.0},{"not_picked":["Sever Soul","Iron Wave"],"picked":"Thunderclap","floor":4.0},{"not_picked":["Havoc","Sever Soul"],"picked":"Feed","floor":6.0},{"not_picked":["True Grit","Battle Trance"],"picked":"Armaments","floor":7.0},{"not_picked":["Twin Strike","Wild Strike"],"picked":"Headbutt","floor":10.0},{"not_picked":["Burning Pact","True Grit"],"picked":"Seeing Red","floor":11.0},{"not_picked":["Wild Strike","Twin Strike"],"picked":"Headbutt","floor":12.0},{"not_picked":["Rage","Havoc"],"picked":"Intimidate","floor":13.0},{"not_picked":["Offering","Burning Pact"],"picked":"Shockwave","floor":14.0},{"not_picked":["Corruption","Exhume"],"picked":"Juggernaut","floor":16.0},{"not_picked":["Sword Boomerang","Armaments"],"picked":"Clothesline+1","floor":18.0},{"not_picked":["Body Slam+1","True Grit+1"],"picked":"Heavy Blade","floor":23},{"not_picked":["Sentinel","Armaments"],"picked":"Reckless Charge","floor":25},{"not_picked":["Ghostly Armor","Impervious"],"picked":"Inflame","floor":27},{"not_picked":["Disarm+1","Shrug It Off+1"],"picked":"Havoc","floor":30},{"not_picked":["Exhume","Fiend Fire"],"picked":"Eclipse","floor":33},{"not_picked":["Perfected Strike+1","Warcry+1"],"picked":"Replay:Undeath\u0027s Touch","floor":35},{"not_picked":["Armaments","Combust"],"picked":"Ghostly Armor","floor":39},{"not_picked":["Second Wind+1","ReplayTheSpireMod:Stacked+1"],"picked":"Havoc+1","floor":40},{"not_picked":["Brutality","Pommel Strike"],"picked":"Sword Boomerang+1","floor":41},{"not_picked":["ReplayReversal+1","Cleave"],"picked":"True Grit+1","floor":42},{"not_picked":["Headbutt+1","Uppercut"],"picked":"ReplayTheSpireMod:LeadingStrike+1","floor":44},{"not_picked":["Flame Barrier+1","Replay:Undeath\u0027s Touch"],"picked":"Twin Strike+1","floor":45},{"not_picked":["Shockwave","Cleave+1"],"picked":"Fire Breathing+1","floor":46},{"not_picked":["True Grit+1","Corruption"],"picked":"ReplayTheSpireMod:LeadingStrike+1","floor":47},{"not_picked":["Warcry","Headbutt"],"picked":"Reckless Charge","floor":48},{"not_picked":["Headbutt","Thunderclap"],"picked":"Flex","floor":54}],"player_experience":641810,"relics_obtained":[{"floor":6.0,"key":"Sundial"},{"floor":9.0,"key":"White Beast Statue"},{"floor":10.0,"key":"Kunai"},{"floor":12.0,"key":"Bottled Lightning"},{"floor":17.0,"key":"Blood Vial"},{"floor":17.0,"key":"Meat on the Bone"},{"floor":17.0,"key":"Magic Flower"},{"floor":23,"key":"Mercury Hourglass"},{"floor":25,"key":"MealTicket"},{"floor":26,"key":"Pear"},{"floor":27,"key":"Nunchaku"},{"floor":28,"key":"Necronomicon"},{"floor":36,"key":"Ring of Panic"},{"floor":36,"key":"Ring of Searing"},{"floor":40,"key":"Ancient Tea Set"},{"floor":42,"key":"Paper Frog"},{"floor":43,"key":"Art of War"},{"floor":44,"key":"Bottled Tornado"},{"floor":45,"key":"Turnip"},{"floor":54,"key":"Shuriken"}],"event_choices":[{"damage_healed":0.0,"max_hp_gain":0.0,"max_hp_loss":0.0,"gold_gain":0.0,"cards_transformed":["Defend_R"],"event_name":"Living Wall","player_choice":"Change","floor":3.0,"gold_loss":0.0,"damage_taken":0.0,"cards_obtained":["Intimidate"]},{"damage_healed":0.0,"max_hp_gain":0.0,"max_hp_loss":0.0,"gold_gain":0.0,"event_name":"Accursed Blacksmith","player_choice":"Rummage","floor":19.0,"gold_loss":0.0,"damage_taken":0.0,"relics_obtained":["WarpedTongs"],"cards_obtained":["Pain"]},{"damage_healed":0.0,"max_hp_gain":0.0,"max_hp_loss":0.0,"gold_gain":0.0,"event_name":"Addict","player_choice":"Stole Relic","floor":21.0,"gold_loss":0.0,"damage_taken":0.0,"relics_obtained":["Vajra"],"cards_obtained":["Shame"]},{"damage_healed":0,"gold_gain":0,"player_choice":"Obtained Book","damage_taken":16,"max_hp_gain":0,"max_hp_loss":0,"event_name":"Cursed Tome","floor":28,"gold_loss":0},{"damage_healed":0,"gold_gain":100,"player_choice":"Pray","damage_taken":0,"max_hp_gain":0,"max_hp_loss":0,"event_name":"Golden Shrine","floor":37,"gold_loss":0},{"damage_healed":0,"gold_gain":0,"player_choice":"Fight","damage_taken":0,"max_hp_gain":0,"max_hp_loss":0,"event_name":"Mysterious Sphere","floor":45,"gold_loss":0}],"is_beta":false,"boss_relics":[{"not_picked":["Sozu","Busted Crown"],"picked":"Calling Bell"},{"not_picked":["Tiny House","Coffee Dripper"],"picked":"Mark of Pain"}],"items_purged_floors":[20,38],"is_endless":false,"potions_floor_spawned":[1,6,7,10,11,12,13,14,16,18,23,25,27,30,33,35,39,40,41,42,44,45,46,47,48,54],"killed_by":"The Heart","ascension_level":4}}