{"host":"j4g6ia6asvpyu2b0","time":1611528087,"event":{"mods":["BaseMod","Colored Map","Minty Spire (QoL Compilation)","Permanent Neow","Quick Restart","Relic Stats","StSLib","Unceasing Turn Reminder"],"gold_per_floor":[366,416,426,426,60,90,106,141,165,185,185,204,204,214,214,292,292,312,362,379,379,379,379],"floor_reached":22,"language":"ENG","playtime":665,"items_purged":[],"score":431,"play_id":"27eb8196-411e-433a-8979-a976522d22a5","local_time":"20210124154127","is_ascension_mode":true,"campfire_choices":[{"data":"Limit Break","floor":11,"key":"SMITH"},{"data":"Bash","floor":13,"key":"SMITH"},{"data":"Armaments","floor":15,"key":"SMITH"}],"circlet_count":0,"master_deck":["AscendersBane","Strike_R","Strike_R","Strike_R","Strike_R","Defend_R","Defend_R","Defend_R","Defend_R","Bash+1","Infernal Blade","Shrug It Off","Shrug It Off","Limit Break+1","Headbutt","Clothesline","Armaments+1","Double Tap","Headbutt"],"relics":["Burning Blood","Sling","Red Skull","Blood Vial","Toy Ornithopter","Vajra","Busted Crown"],"acts_visited":["Exordium","TheCity"],"potions_floor_usage":[8,20],"damage_taken":[{"damage":14.0,"enemies":"Jaw Worm","floor":1.0,"turns":4.0},{"damage":1.0,"enemies":"Cultist","floor":3.0,"turns":3.0},{"damage":29.0,"enemies":"Lagavulin","floor":6.0,"turns":7.0},{"damage":2.0,"enemies":"Small Slimes","floor":7.0,"turns":4.0},{"damage":25,"enemies":"3 Sentries","floor":8,"turns":9},{"damage":3,"enemies":"Looter","floor":10,"turns":3},{"damage":3,"enemies":"3 Louse","floor":12,"turns":2},{"damage":12,"enemies":"Lots of Slimes","floor":14,"turns":4},{"damage":1,"enemies":"The Guardian","floor":16,"turns":8},{"damage":28,"enemies":"2 Thieves","floor":18,"turns":4},{"damage":25,"enemies":"Spheric Guardian","floor":20,"turns":5},{"damage":0,"enemies":"Cultist and Chosen","floor":22,"turns":1}],"seed_played":"-4826872577062987835","potions_obtained":[{"floor":1.0,"key":"LiquidBronze"},{"floor":3.0,"key":"Weak Potion"},{"floor":7,"key":"PowerPotion"},{"floor":10,"key":"Weak Potion"},{"floor":12,"key":"DuplicationPotion"},{"floor":14,"key":"BloodPotion"}],"is_trial":false,"path_per_floor":["M","?","M","?","$","E","M","E","T","M","R","M","R","M","R","B",null,"M","?","M","?","M"],"character_chosen":"IRONCLAD","items_purchased":["Sling","Red Skull","Shrug It Off"],"campfire_rested":0,"item_purchase_floors":[5,5,5],"current_hp_per_floor":[60,54,59,52,52,29,35,18,18,23,23,28,28,24,24,31,59,39,39,40,30,32,32],"gold":379,"neow_bonus":"TWO_FIFTY_GOLD","is_daily":false,"chose_seed":false,"campfire_upgraded":3,"win_rate":0.0,"timestamp":1611528087,"path_taken":["M","?","?","?","$","E","M","E","T","M","R","M","R","M","R","BOSS","M","?","M","?","?"],"items_purchased_type":["Relic","Relic","Card"],"build_version":"2020-12-22","purchased_purges":0,"victory":false,"max_hp_per_floor":[68,68,68,68,68,68,68,68,68,68,68,68,68,68,68,68,68,68,68,68,68,68,68],"relic_stats":{"Blood Vial":18,"Busted Crown":4,"counters":[12,54],"obtain_stats":[{"Blood Vial":6,"Busted Crown":17,"Vajra":9,"Sling":5,"Burning Blood":0,"Red Skull":5,"Toy Ornithopter":8},{"Blood Vial":3,"Busted Crown":9,"Vajra":5,"Sling":2,"Burning Blood":0,"Red Skull":2,"Toy Ornithopter":5},{"Blood Vial":14,"Busted Crown":44,"Vajra":27,"Sling":7,"Burning Blood":0,"Red Skull":7,"Toy Ornithopter":27}],"Burning Blood":66,"Toy Ornithopter":5},"card_choices":[{"not_picked":["Rage","Clash"],"picked":"Infernal Blade","floor":1.0},{"not_picked":["Heavy Blade","Feel No Pain"],"picked":"Shrug It Off","floor":3.0},{"not_picked":["True Grit","Sever Soul"],"picked":"Limit Break","floor":6.0},{"not_picked":["Evolve","Clothesline"],"picked":"Headbutt","floor":7},{"not_picked":["Flex","Perfected Strike"],"picked":"Clothesline","floor":8},{"not_picked":["Heavy Blade","Flex","Entrench"],"picked":"SKIP","floor":10},{"not_picked":["Sword Boomerang","Rage","Iron Wave"],"picked":"SKIP","floor":12},{"not_picked":["Flex","Entrench"],"picked":"Armaments","floor":14},{"not_picked":["Fiend Fire","Juggernaut"],"picked":"Double Tap","floor":16},{"not_picked":[],"picked":"Headbutt","floor":18},{"not_picked":["Flex"],"picked":"SKIP","floor":20}],"player_experience":995908,"relics_obtained":[{"floor":6.0,"key":"Blood Vial"},{"floor":8,"key":"Toy Ornithopter"},{"floor":9,"key":"Vajra"}],"event_choices":[{"damage_healed":0.0,"max_hp_gain":0.0,"max_hp_loss":0.0,"gold_gain":50.0,"event_name":"FaceTrader","player_choice":"Touch","floor":2.0,"gold_loss":0.0,"damage_taken":6.0},{"cards_removed":["Strike_R"],"damage_healed":0.0,"max_hp_gain":0.0,"max_hp_loss":0.0,"gold_gain":0.0,"event_name":"Golden Wing","player_choice":"Card Removal","floor":4.0,"gold_loss":0.0,"damage_taken":7.0},{"damage_healed":0,"gold_gain":50,"player_choice":"Stole From Cult","damage_taken":0,"max_hp_gain":0,"max_hp_loss":0,"event_name":"Nest","floor":19,"gold_loss":0},{"damage_healed":0,"gold_gain":0,"player_choice":"Damaged","damage_taken":10,"max_hp_gain":0,"max_hp_loss":0,"event_name":"Wheel of Change","floor":21,"gold_loss":0}],"is_beta":false,"boss_relics":[{"not_picked":["Black Star","Astrolabe"],"picked":"Busted Crown"}],"items_purged_floors":[],"is_endless":false,"potions_floor_spawned":[1,3,7,10,12,14],"killed_by":"Cultist and Chosen","ascension_level":19}}