{"host":"ufl0k2so27eic2iy","time":1611506003,"event":{"mods":["BaseMod","Downfall","Minty Spire (QoL Compilation)","StSLib","The Animator"],"gold_per_floor":[99,116,135,4,4,0,24,24,58,72,84,118,118,3,13,109,109,109,16,30,50,50,75,125,155,155,174,74,74,74,91,109,109,109,109],"floor_reached":33,"language":"ENG","playtime":1742,"items_purged":["bronze:Strike","bronze:Strike"],"score":339,"play_id":"f7a46225-8078-4ac0-9c22-002e69be7f06","local_time":"20210124163323","is_ascension_mode":true,"campfire_choices":[{"data":"bronze:Replicate","floor":1.0,"key":"SMITH"},{"data":"bronze:Deprecate","floor":8.0,"key":"SMITH"},{"data":"bronze:InfiniteLoop","floor":13.0,"key":"SMITH"},{"floor":18.0,"key":"RECALL"},{"data":"bronze:Shell","floor":28.0,"key":"SMITH"}],"circlet_count":0,"master_deck":["bronze:Defend","bronze:Defend","bronze:Defend","bronze:Replicate+1","bronze:Goto","bronze:Deprecate+1","bronze:Invalidate","bronze:Iterate","bronze:ChildClass","bronze:ChosenStrike","bronze:ChosenStrike","bronze:FollowUp","bronze:Shell+1","bronze:InfiniteLoop+1","bronze:ForLoop+1","bronze:Iterate+1","bronze:FunctionCard","bronze:Frontload","bronze:FollowUp","bronze:Repair","bronze:BitShift+1","bronze:Refactor","bronze:InfiniteLoop","bronze:DelayedGuard"],"relics":["bronze:BronzeCore","Orichalcum","Toy Ornithopter","Turnip","Astrolabe","Matryoshka","Lantern","Anchor","Singing Bowl","downfall:HeartBlessingRed"],"acts_visited":["Exordium","TheCity"],"potions_floor_usage":[],"damage_taken":[{"damage":4.0,"enemies":"Cultist","floor":2.0,"turns":4.0},{"damage":5.0,"enemies":"2 Louse","floor":3.0,"turns":2.0},{"damage":0.0,"enemies":"downfall:FleeingMerchant","floor":4.0,"turns":4.0},{"damage":10.0,"enemies":"downfall:FleeingMerchant","floor":6.0,"turns":4.0},{"damage":8.0,"enemies":"3 Sentries","floor":9.0,"turns":8.0},{"damage":2.0,"enemies":"Jaw Worm","floor":10.0,"turns":2.0},{"damage":0.0,"enemies":"Large Slime","floor":11.0,"turns":4.0},{"damage":10.0,"enemies":"Lagavulin","floor":12.0,"turns":5.0},{"damage":10.0,"enemies":"downfall:FleeingMerchant","floor":14.0,"turns":4.0},{"damage":0.0,"enemies":"2 Fungi Beasts","floor":15.0,"turns":2.0},{"damage":22.0,"enemies":"IC_STATUS_ARCHETYPE","floor":16.0,"turns":6.0},{"damage":0.0,"enemies":"downfall:FleeingMerchant","floor":19.0,"turns":4.0},{"damage":0.0,"enemies":"Shell Parasite","floor":20.0,"turns":5.0},{"damage":11.0,"enemies":"Sentry and Sphere","floor":21.0,"turns":6.0},{"damage":60.0,"enemies":"Book of Stabbing","floor":23.0,"turns":8.0},{"damage":15.0,"enemies":"Slavers","floor":25.0,"turns":8.0},{"damage":0.0,"enemies":"Centurion and Healer","floor":27.0,"turns":5.0},{"damage":7,"enemies":"Snecko","floor":31,"turns":4},{"damage":0,"enemies":"Shelled Parasite and Fungi","floor":32,"turns":2},{"damage":60,"enemies":"DF_ARCHETYPE_CLAW","floor":33,"turns":9}],"seed_played":"5032613622038926168","potions_obtained":[{"floor":10.0,"key":"AttackPotion"},{"floor":11.0,"key":"PowerPotion"},{"floor":12.0,"key":"EssenceOfSteel"},{"floor":15.0,"key":"Block Potion"},{"floor":16.0,"key":"hexamod:SoulburnPotion"},{"floor":20.0,"key":"Regen Potion"},{"floor":21.0,"key":"Weak Potion"},{"floor":25.0,"key":"Guardian:BlockOnCardUsePotion"}],"is_trial":false,"path_per_floor":["R","M","M","$","?","$","T","R","E","M","M","E","R","$","M","B",null,"R","$","M","M","T","E","T","E","?","M","R","?","?","M","M","B"],"character_chosen":"THE_AUTOMATON","items_purchased":["bronze:ChosenStrike","bronze:FollowUp"],"campfire_rested":0,"item_purchase_floors":[4,19],"current_hp_per_floor":[70,66,61,61,70,60,60,60,52,50,50,40,40,30,30,13,70,70,70,70,59,59,6,6,20,44,51,51,51,51,53,53,0,0,0],"gold":109,"neow_bonus":"THREE_CARDS","is_daily":false,"chose_seed":false,"campfire_upgraded":4,"win_rate":0.0,"timestamp":1611506003,"path_taken":["R","M","M","?","?","$","T","R","E","?","M","E","R","$","M","BOSS","R","$","M","M","?","E","T","E","?","M","R","?","?","?","M","BOSS"],"items_purchased_type":["Card","Card"],"build_version":"2020-12-22","purchased_purges":2,"victory":false,"max_hp_per_floor":[70,70,70,70,70,70,70,70,70,70,70,70,70,70,70,70,70,70,70,70,70,70,70,70,72,72,72,72,72,72,74,74,74,74,74],"card_choices":[{"not_picked":["bronze:Frontload","bronze:MaxOutput"],"picked":"bronze:Deprecate","floor":0.0},{"not_picked":["bronze:Deprecate","bronze:Frontload"],"picked":"bronze:Invalidate","floor":2.0},{"not_picked":["bronze:ItsAFeature","bronze:ForceShield"],"picked":"bronze:Iterate","floor":3.0},{"not_picked":["bronze:ForLoop","bronze:BuggyMess"],"picked":"bronze:ChildClass","floor":4.0},{"not_picked":["bronze:Constructor","bronze:Frontload"],"picked":"bronze:ChosenStrike","floor":6.0},{"not_picked":["bronze:InfiniteBeams","bronze:Refactor"],"picked":"bronze:FollowUp","floor":9.0},{"not_picked":["bronze:BugBarrage","bronze:Iterate"],"picked":"bronze:Shell","floor":10.0},{"not_picked":["bronze:Invalidate","bronze:DelayedSlice","bronze:Overheat"],"picked":"SKIP","floor":11.0},{"not_picked":["bronze:Repair","bronze:Fortify"],"picked":"bronze:InfiniteLoop","floor":12.0},{"not_picked":["bronze:CutThrough","bronze:BronzeOrb","bronze:BuggyMess"],"picked":"SKIP","floor":14.0},{"not_picked":["bronze:Turbo","bronze:Deprecate","bronze:BronzeArmor"],"picked":"SKIP","floor":15.0},{"not_picked":["bronze:ThunderWave","bronze:RecursiveStrike"],"picked":"bronze:Hardcode","floor":16.0},{"not_picked":["bronze:Constructor","bronze:WhirlingStrike+1"],"picked":"bronze:Frontload","floor":19.0},{"not_picked":["bronze:Optimize","bronze:Boost"],"picked":"bronze:Repair","floor":20.0},{"not_picked":["bronze:NullPointer","bronze:BronzeArmor","bronze:Branch"],"picked":"SKIP","floor":21.0},{"not_picked":["bronze:DelayedSlice","bronze:FineTuning"],"picked":"bronze:BitShift+1","floor":23.0},{"not_picked":["bronze:ItsAFeature","bronze:Repair","bronze:Separator"],"picked":"Singing Bowl","floor":25.0},{"not_picked":["bronze:Philosophize","bronze:ForLoop"],"picked":"bronze:Refactor","floor":27.0},{"not_picked":["bronze:BurnOut","bronze:InfiniteBeams+1","bronze:ChosenStrike"],"picked":"Singing Bowl","floor":31},{"not_picked":["bronze:Invalidate","bronze:WhirlingStrike"],"picked":"bronze:DelayedGuard","floor":32}],"player_experience":2761457,"relics_obtained":[{"floor":7.0,"key":"Orichalcum"},{"floor":9.0,"key":"Toy Ornithopter"},{"floor":12.0,"key":"Turnip"},{"floor":23.0,"key":"Matryoshka"},{"floor":24.0,"key":"Lantern"},{"floor":24.0,"key":"Anchor"},{"floor":25.0,"key":"Singing Bowl"}],"event_choices":[{"damage_healed":9.0,"max_hp_gain":0.0,"max_hp_loss":0.0,"gold_gain":0.0,"event_name":"Wheel of Change","player_choice":"Full Heal","floor":5.0,"gold_loss":0.0,"damage_taken":0.0},{"damage_healed":24.0,"max_hp_gain":0.0,"max_hp_loss":0.0,"gold_gain":0.0,"event_name":"The Library","player_choice":"Heal","floor":26.0,"gold_loss":0.0,"damage_taken":0.0}],"is_beta":false,"boss_relics":[{"not_picked":["Coffee Dripper","Runic Dome"],"picked":"Astrolabe"}],"items_purged_floors":[4,14],"is_endless":false,"potions_floor_spawned":[10,11,12,15,16,20,21,25,27,32],"killed_by":"DF_ARCHETYPE_CLAW","ascension_level":3}}