{"host":"2d8l43s0fl0kdlnt","time":1611487045,"event":{"mods":["2.2 Compatiblity","BaseMod","Colored Powertips","Custom Start","Halation","Minty Spire (QoL Compilation)","Rare Cards Sparkle","SIMod","StSLib","UnlockEverythingMod"],"gold_per_floor":[115,131,145,156,43,43,43,74,99,118,132,132,153,153,153,283,283,298,318,318,68,68,68,88,128,163,175,207,232,264,316,328,469,481,517,548,560,905,930,942,964,976,988,1000,1047,1078,1090,489,489,489,489,489,17,44,44],"floor_reached":56,"language":"ENG","playtime":3338,"items_purged":["Strike_B","Strike_B","Strike_B"],"score":1669,"play_id":"25cc92e4-e6cc-4dba-80d6-c59e3608ece7","local_time":"20210124051725","is_ascension_mode":true,"campfire_choices":[{"data":"Loop","floor":6.0,"key":"SMITH"},{"data":"Streamline","floor":15.0,"key":"SMITH"},{"floor":23.0,"key":"REST"},{"data":"Reinforced Body","floor":27.0,"key":"SMITH"},{"floor":32.0,"key":"REST"},{"data":"Biased Cognition","floor":40.0,"key":"SMITH"},{"data":"Electrodynamics","floor":40.0,"key":"SMITH"},{"data":"Loop","floor":42.0,"key":"SMITH"},{"data":"Recycle","floor":42.0,"key":"SMITH"},{"data":"Coolheaded","floor":47.0,"key":"SMITH"},{"floor":47.0,"key":"RECALL"},{"data":"Defragment","floor":49.0,"key":"SMITH"},{"data":"Transmutation","floor":49.0,"key":"SMITH"},{"data":"Master of Strategy","floor":52.0,"key":"SMITH"},{"data":"Zap","floor":52.0,"key":"SMITH"}],"circlet_count":0,"master_deck":["AscendersBane","Strike_B","Defend_B","Defend_B","Defend_B","Defend_B","Zap+1","Dualcast","Streamline+1","Cold Snap","Sweeping Beam","Loop+1","Reinforced Body+1","Self Repair","Go for the Eyes+1","Ball Lightning","Parasite","Meteor Strike","Turbo","Reinforced Body+1","Electrodynamics+1","GreatAndPowerful","Coolheaded+1","Recycle+1","Capacitor+1","Defragment+1","Biased Cognition+1","CurseOfTheBell","Coolheaded+1","Master of Strategy+1","Loop+1","Glacier+1","Defragment+1","Transmutation+1","Static Discharge"],"relics":["Cracked Core","Pocketwatch","Pen Nib","halation:PinkAlligatorPlush","MawBank","Lantern","Strawberry","Calling Bell","halation:PenCase","White Beast Statue","Centennial Puzzle","halation:BottledLove","CeramicFish","DataDisk","OrangePellets","Ancient Tea Set","Mummified Hand","Bottled Tornado"],"acts_visited":["Exordium","TheCity","TheBeyond","TheEnding"],"potions_floor_usage":[],"damage_taken":[{"damage":1.0,"enemies":"Cultist","floor":1.0,"turns":3.0},{"damage":10.0,"enemies":"Small Slimes","floor":2.0,"turns":3.0},{"damage":4.0,"enemies":"2 Louse","floor":3.0,"turns":2.0},{"damage":8.0,"enemies":"Large Slime","floor":4.0,"turns":4.0},{"damage":17.0,"enemies":"Lagavulin","floor":8.0,"turns":8.0},{"damage":20.0,"enemies":"Gremlin Gang","floor":10.0,"turns":5.0},{"damage":4.0,"enemies":"Looter","floor":11.0,"turns":4.0},{"damage":8.0,"enemies":"Large Slime","floor":13.0,"turns":5.0},{"damage":5.0,"enemies":"Slime Boss","floor":16.0,"turns":7.0},{"damage":19.0,"enemies":"Chosen","floor":18.0,"turns":5.0},{"damage":30.0,"enemies":"3 Byrds","floor":19.0,"turns":5.0},{"damage":30.0,"enemies":"Centurion and Healer","floor":24.0,"turns":5.0},{"damage":18.0,"enemies":"Book of Stabbing","floor":25.0,"turns":2.0},{"damage":20.0,"enemies":"3 Cultists","floor":28.0,"turns":5.0},{"damage":0.0,"enemies":"Cultist and Chosen","floor":29.0,"turns":3.0},{"damage":11.0,"enemies":"Snake Plant","floor":30.0,"turns":5.0},{"damage":42.0,"enemies":"Gremlin Leader","floor":31.0,"turns":6.0},{"damage":32.0,"enemies":"Champ","floor":33.0,"turns":9.0},{"damage":20.0,"enemies":"3 Shapes","floor":35.0,"turns":5.0},{"damage":22.0,"enemies":"3 Darklings","floor":36.0,"turns":6.0},{"damage":39.0,"enemies":"Spire Growth","floor":39.0,"turns":4.0},{"damage":64.0,"enemies":"Writhing Mass","floor":41.0,"turns":7.0},{"damage":14.0,"enemies":"Giant Head","floor":45.0,"turns":5.0},{"damage":43.0,"enemies":"3 Darklings","floor":46.0,"turns":4.0},{"damage":83.0,"enemies":"Awakened One","floor":50.0,"turns":13.0},{"damage":41.0,"enemies":"Shield and Spear","floor":54.0,"turns":7.0},{"damage":42,"enemies":"The Heart","floor":55,"turns":2}],"seed_played":"-2808319917911649015","potions_obtained":[{"floor":2.0,"key":"ColorlessPotion"},{"floor":3.0,"key":"Dexterity Potion"},{"floor":10.0,"key":"Energy Potion"},{"floor":11.0,"key":"PowerPotion"},{"floor":33.0,"key":"SkillPotion"},{"floor":35.0,"key":"PowerPotion"},{"floor":41.0,"key":"Ancient Potion"},{"floor":54.0,"key":"Block Potion"}],"is_trial":false,"path_per_floor":["M","M","M","M","$","R","?","E","T","M","M","?","M","?","R","B",null,"M","M","?","$","?","R","M","E","T","R","M","M","M","E","R","B",null,"M","M","?","?","M","R","M","R","T","T","E","M","R","$","R","B",null,"R","$","E","B",null],"character_chosen":"DEFECT","items_purchased":["Loop","Reinforced Body","GreatAndPowerful","OrangePellets","Defragment","Ancient Tea Set","Transmutation","Mummified Hand","Static Discharge","Regen Potion"],"campfire_rested":2,"item_purchase_floors":[5,5,21,48,48,48,48,53,53,53],"current_hp_per_floor":[67,57,53,45,45,45,45,28,28,15,18,18,17,32,32,34,56,44,21,21,21,21,39,16,63,63,63,50,50,46,11,32,70,70,57,35,35,35,70,70,13,13,13,13,70,27,27,27,27,27,59,59,59,25,70],"gold":44,"neow_bonus":"ONE_RARE_RELIC","is_daily":false,"chose_seed":false,"campfire_upgraded":12,"win_rate":0.0,"timestamp":1611487045,"path_taken":["M","M","?","M","$","R","?","E","T","M","M","?","M","?","R","BOSS","M","M","?","$","?","R","M","E","T","R","M","?","M","E","R","BOSS","M","M","?","?","M","R","M","R","T","?","E","M","R","?","R","BOSS","R","$","E","BOSS"],"items_purchased_type":["Card","Card","Card","Relic","Card","Relic","Card","Relic","Card","Potion"],"build_version":"2020-12-22","purchased_purges":3,"victory":true,"max_hp_per_floor":[68,68,68,68,68,68,68,68,68,68,68,63,63,63,63,63,63,63,63,63,63,63,63,63,63,63,63,63,63,63,70,70,70,70,70,70,70,70,70,70,70,70,70,70,70,70,70,70,70,70,70,70,70,70,70],"card_choices":[{"not_picked":["Steam","Gash"],"picked":"Streamline","floor":1.0},{"not_picked":["Gash","Skim"],"picked":"Cold Snap","floor":2.0},{"not_picked":["Leap","Force Field"],"picked":"Sweeping Beam","floor":3.0},{"not_picked":["Stack","Streamline","Cold Snap"],"picked":"SKIP","floor":4.0},{"not_picked":["Steam Power","Gash"],"picked":"Self Repair","floor":8.0},{"not_picked":["Steam Power","Recycle","Hologram"],"picked":"SKIP","floor":10.0},{"not_picked":["Leap","Barrage"],"picked":"Go for the Eyes","floor":11.0},{"not_picked":["Seek","Barrage"],"picked":"Ball Lightning","floor":13.0},{"not_picked":["Amplify","Buffer"],"picked":"Meteor Strike","floor":16.0},{"not_picked":["Beam Cell","Sweeping Beam"],"picked":"Turbo","floor":18.0},{"not_picked":["Compile Driver","Streamline"],"picked":"Reinforced Body+1","floor":19.0},{"not_picked":["Gash","Compile Driver"],"picked":"Coolheaded","floor":24.0},{"not_picked":["Heatsinks","Steam+1","Scrape"],"picked":"SKIP","floor":25.0},{"not_picked":["Rebound","Sweeping Beam","Force Field"],"picked":"SKIP","floor":28.0},{"not_picked":["FTL","Sweeping Beam"],"picked":"Recycle","floor":29.0},{"not_picked":["Sweeping Beam","Aggregate+1"],"picked":"Capacitor+1","floor":30.0},{"not_picked":["Conserve Battery","Storm"],"picked":"Defragment+1","floor":31.0},{"not_picked":["Seek","Rainbow"],"picked":"Biased Cognition","floor":33.0},{"not_picked":["Double Energy","Turbo"],"picked":"Coolheaded+1","floor":35.0},{"not_picked":["Storm+1","Streamline","Heatsinks"],"picked":"SKIP","floor":36.0},{"not_picked":["Secret Technique","Mind Blast"],"picked":"Master of Strategy","floor":37.0},{"not_picked":["Redo","Barrage+1","Compile Driver+1"],"picked":"SKIP","floor":39.0},{"not_picked":["Steam+1","Leap+1"],"picked":"Loop","floor":41.0},{"not_picked":["Hello World","Steam"],"picked":"Glacier+1","floor":45.0},{"not_picked":["Aggregate+1","Darkness","Rebound+1"],"picked":"SKIP","floor":46.0},{"not_picked":["Cold Snap+1","Amplify","Ball Lightning+1"],"picked":"SKIP","floor":54.0}],"player_experience":124686,"relics_obtained":[{"floor":8.0,"key":"Pen Nib"},{"floor":25.0,"key":"MawBank"},{"floor":26.0,"key":"Lantern"},{"floor":31.0,"key":"Strawberry"},{"floor":34.0,"key":"halation:PenCase"},{"floor":34.0,"key":"White Beast Statue"},{"floor":34.0,"key":"Centennial Puzzle"},{"floor":43.0,"key":"halation:BottledLove"},{"floor":44.0,"key":"CeramicFish"},{"floor":45.0,"key":"DataDisk"},{"floor":54.0,"key":"Bottled Tornado"}],"event_choices":[{"damage_healed":0.0,"max_hp_gain":0.0,"max_hp_loss":0.0,"gold_gain":0.0,"event_name":"Liars Game","player_choice":"Ignored","floor":7.0,"gold_loss":0.0,"damage_taken":0.0},{"damage_healed":0.0,"max_hp_gain":0.0,"max_hp_loss":5.0,"gold_gain":0.0,"event_name":"Golden Idol","player_choice":"Lose Max HP","floor":12.0,"gold_loss":0.0,"damage_taken":0.0,"relics_obtained":["Golden Idol"]},{"damage_healed":15.0,"max_hp_gain":0.0,"max_hp_loss":0.0,"gold_gain":0.0,"event_name":"Mushrooms","player_choice":"Healed and dodged fight","floor":14.0,"gold_loss":0.0,"damage_taken":0.0,"cards_obtained":["Parasite"]},{"damage_healed":0.0,"max_hp_gain":0.0,"max_hp_loss":0.0,"gold_gain":0.0,"event_name":"The Library","player_choice":"Read","floor":20.0,"gold_loss":0.0,"damage_taken":0.0,"cards_obtained":["Electrodynamics"]},{"damage_healed":0.0,"max_hp_gain":0.0,"max_hp_loss":0.0,"gold_gain":0.0,"event_name":"Accursed Blacksmith","player_choice":"Forge","floor":22.0,"gold_loss":0.0,"damage_taken":0.0,"cards_upgraded":["Go for the Eyes"]},{"damage_healed":0.0,"max_hp_gain":0.0,"max_hp_loss":0.0,"gold_gain":0.0,"event_name":"SensoryStone","player_choice":"Memory 1","floor":37.0,"gold_loss":0.0,"damage_taken":0.0},{"damage_healed":0.0,"max_hp_gain":0.0,"max_hp_loss":0.0,"gold_gain":333.0,"event_name":"The Moai Head","player_choice":"Gave Idol","floor":38.0,"relics_lost":["Golden Idol"],"gold_loss":0.0,"damage_taken":0.0}],"is_beta":false,"boss_relics":[{"not_picked":["Runic Pyramid","Inserter"],"picked":"halation:PinkAlligatorPlush"},{"not_picked":["halation:PlatinumPhoenix","Pandora\u0027s Box"],"picked":"Calling Bell"}],"items_purged_floors":[21,48,53],"is_endless":false,"potions_floor_spawned":[2,3,10,11,16,19,24,28,30,33,35,36,39,41,45,46,54],"ascension_level":10}}