{"host":"dt8l0my8qdt1qx2n","time":1611490523,"event":{"mods":["Arknights The Spire","BaseMod","Dota2Spire","Marisa£®ÏF”Í°°ƒß¿Ì…≥£©","Minty Spire (QoL Compilation)","Reimu£®≤©¿ˆ¡È√Œ£©","Remilia£®¿Ÿ√◊¿Ú—«£©","StSLib","The Servant 0.9.4","WarShipGirlsR/’ΩΩ¢…Ÿ≈ÆR mod","Yuyuko","[IsaacMod]“‘»ˆº‚À˛","°æ“≈ŒÔø®≈∆°øREMEMod"],"gold_per_floor":[117,128,178,178,178,178,178],"floor_reached":6,"language":"ZHS","playtime":305,"items_purged":[],"score":34,"play_id":"a5edc701-1b43-4ff5-a94e-a3eff540697a","local_time":"20210124201523","is_ascension_mode":false,"campfire_choices":[],"circlet_count":0,"master_deck":["Strike_RM","Strike_RM","Strike_RM","Strike_RM","Defend_RM","Defend_RM","Defend_RM","Defend_RM","RedMoon","ScarletShoot","Ultimatum","StarOfDavid","FitfulNightmare","BloodAndWine","RedMagic","Ultimatum"],"relics":["ScarletHat","HushsDoor","REME_ComplimentaryCards","YumHeart","Dota2Spire:CrimsonGuard","Vajra"],"acts_visited":["Exordium"],"potions_floor_usage":[6],"damage_taken":[{"damage":1,"enemies":"Cultist","floor":1,"turns":3},{"damage":3,"enemies":"Small Slimes","floor":2,"turns":4},{"damage":43,"enemies":"Hiden Room Battle","floor":3,"turns":10},{"damage":33,"enemies":"Gremlin Nob","floor":6,"turns":4}],"seed_played":"-6620856090402679769","potions_obtained":[{"floor":2,"key":"SmokeBomb"},{"floor":3,"key":"DuplicationPotion"}],"is_trial":false,"path_per_floor":["M","M","?","?","?","E"],"character_chosen":"REMILIA","items_purchased":[],"campfire_rested":0,"item_purchase_floors":[],"current_hp_per_floor":[74,74,21,21,21,0,0],"gold":178,"neow_bonus":"THREE_CARDS","is_daily":false,"chose_seed":false,"campfire_upgraded":0,"win_rate":0.0,"timestamp":1611490523,"path_taken":["M","M","?","?","?","E"],"items_purchased_type":[],"build_version":"2020-12-22","purchased_purges":0,"victory":false,"max_hp_per_floor":[75,75,75,75,75,75,75],"card_choices":[{"not_picked":["CharismaGuard","RedMagic"],"picked":"Ultimatum","floor":0},{"not_picked":["EmergencyRegeneration","ChainGang"],"picked":"StarOfDavid","floor":1},{"not_picked":["MastersStateliness","ScarletDevil"],"picked":"FitfulNightmare","floor":1},{"not_picked":["CharismaGuard","ScarletDevil"],"picked":"BloodAndWine","floor":2},{"not_picked":["RedRainbow","Ultimatum","Bomb"],"picked":"SKIP","floor":2},{"not_picked":["Maim","DiffusionOfMisfortune"],"picked":"RedMagic","floor":3}],"player_experience":165028,"relics_obtained":[{"floor":3,"key":"Dota2Spire:CrimsonGuard"},{"floor":3,"key":"Vajra"}],"event_choices":[{"damage_healed":0,"gold_gain":0,"player_choice":"Fight","damage_taken":0,"max_hp_gain":0,"max_hp_loss":0,"event_name":"HidenRoomEvent","floor":3,"gold_loss":0}],"is_beta":false,"boss_relics":[],"items_purged_floors":[],"is_endless":false,"potions_floor_spawned":[2,3],"killed_by":"Gremlin Nob","ascension_level":0}}