{"host":"ocllwaoi18j60ltd","time":1611498829,"event":{"mods":["BaseMod","DeckTracker","Minty Spire (QoL Compilation)","Permanent Neow","Quick Restart","StSLib","SuperFastMode"],"gold_per_floor":[111,111,111,122,122,165,72,72,72],"floor_reached":8,"language":"KOR","playtime":110,"items_purged":["Strike_R"],"score":108,"play_id":"7f2efca8-a7ac-434c-ae4b-a06a2071dcc6","local_time":"20210124233349","is_ascension_mode":true,"campfire_choices":[],"circlet_count":0,"master_deck":["AscendersBane","Strike_R","Strike_R","Strike_R","Defend_R","Defend_R","Defend_R+1","Defend_R+1","Bash","Headbutt+1","Bludgeon","Offering","Power Through"],"relics":["Burning Blood","Golden Idol","Smiling Mask"],"acts_visited":["Exordium"],"potions_floor_usage":[6],"damage_taken":[{"damage":7,"enemies":"Small Slimes","floor":1,"turns":4},{"damage":0,"enemies":"2 Louse","floor":4,"turns":3},{"damage":30,"enemies":"Lagavulin","floor":6,"turns":4},{"damage":26,"enemies":"3 Sentries","floor":8,"turns":4}],"seed_played":"-8587005303641114503","potions_obtained":[{"floor":4,"key":"Energy Potion"}],"is_trial":false,"path_per_floor":["M","?","?","M","?","E","$","E"],"character_chosen":"IRONCLAD","items_purchased":["Power Through"],"campfire_rested":0,"item_purchase_floors":[7],"current_hp_per_floor":[67,67,44,50,50,26,26,0,0],"gold":72,"neow_bonus":"REMOVE_CARD","is_daily":false,"chose_seed":false,"campfire_upgraded":0,"win_rate":0.0,"timestamp":1611498829,"path_taken":["M","?","?","M","?","E","$","E"],"items_purchased_type":["Card"],"build_version":"2020-12-22","purchased_purges":1,"victory":false,"max_hp_per_floor":[75,75,75,75,68,68,68,68,68],"card_choices":[{"not_picked":["Twin Strike","Thunderclap"],"picked":"Headbutt","floor":1},{"not_picked":["Warcry","Anger"],"picked":"Bludgeon","floor":4},{"not_picked":["Dark Embrace","Hemokinesis"],"picked":"Offering","floor":6}],"player_experience":846142,"relics_obtained":[{"floor":6,"key":"Smiling Mask"}],"event_choices":[{"damage_healed":0,"gold_gain":0,"player_choice":"Grow","damage_taken":0,"max_hp_gain":0,"max_hp_loss":0,"event_name":"Living Wall","floor":2,"gold_loss":0,"cards_upgraded":["Headbutt"]},{"damage_healed":0,"gold_gain":0,"player_choice":"Entered Light","damage_taken":23,"max_hp_gain":0,"max_hp_loss":0,"event_name":"Shining Light","floor":3,"gold_loss":0,"cards_upgraded":["Defend_R","Defend_R"]},{"damage_healed":0,"gold_gain":0,"player_choice":"Lose Max HP","damage_taken":0,"relics_obtained":["Golden Idol"],"max_hp_gain":0,"max_hp_loss":7,"event_name":"Golden Idol","floor":5,"gold_loss":0}],"is_beta":false,"boss_relics":[],"items_purged_floors":[7],"is_endless":false,"potions_floor_spawned":[4],"killed_by":"3 Sentries","ascension_level":20}}