{"host":"skvwuvqqk8x6jusd","time":1611525905,"event":{"mods":["AchievementEnabler","BaseMod","Colored Map","Colored Powertips","Highlight Path","Minty Spire (QoL Compilation)","Relic Stats","Slay-I"],"gold_per_floor":[115,115,215,225,241,241,251,251,251,251,251,251,251,16,16,145,145,170,184,184,184,203,203,118,142,142,142,42,0,0,43,43,43,43],"floor_reached":33,"language":"ENG","playtime":830,"items_purged":["Defend_R","Defend_R"],"score":276,"play_id":"0974eb9e-af7c-4072-a939-4749359d4028","local_time":"20210124220505","is_ascension_mode":false,"campfire_choices":[{"data":"Iron Wave","floor":6,"key":"SMITH"},{"data":"Bash","floor":8,"key":"SMITH"},{"data":"Anger","floor":10,"key":"SMITH"},{"data":"Offering","floor":15,"key":"SMITH"},{"data":"Reaper","floor":23,"key":"SMITH"},{"data":"Heavy Blade","floor":27,"key":"SMITH"},{"data":"Ghostly","floor":32,"key":"SMITH"}],"circlet_count":0,"master_deck":["Strike_R","Strike_R","Strike_R","Strike_R","Strike_R","Defend_R","Defend_R","Bash+1","Anger+1","Iron Wave+1","Anger","Offering+1","Reaper+1","Heavy Blade+1","Ghostly+1","Ghostly","Ghostly","Ghostly","Ghostly","Inflame+1"],"relics":["Burning Blood","Torii","Mercury Hourglass","Golden Idol","Self Forming Clay","SlaversCollar","Singing Bowl","Kunai","Omamori","Toxic Egg 2"],"acts_visited":["Exordium","TheCity"],"potions_floor_usage":[25,33],"damage_taken":[{"damage":6,"enemies":"2 Louse","floor":1,"turns":3},{"damage":2,"enemies":"Small Slimes","floor":4,"turns":4},{"damage":0,"enemies":"Cultist","floor":5,"turns":2},{"damage":20,"enemies":"3 Louse","floor":7,"turns":4},{"damage":12,"enemies":"Hexaghost","floor":16,"turns":7},{"damage":17,"enemies":"Shell Parasite","floor":18,"turns":3},{"damage":18,"enemies":"2 Thieves","floor":19,"turns":3},{"damage":14,"enemies":"Centurion and Healer","floor":22,"turns":7},{"damage":4,"enemies":"3 Cultists","floor":25,"turns":5},{"damage":6,"enemies":"Gremlin Leader","floor":31,"turns":5},{"damage":66,"enemies":"Champ","floor":33,"turns":8}],"seed_played":"8999315441218716879","potions_obtained":[{"floor":4,"key":"PowerPotion"},{"floor":31,"key":"Fire Potion"}],"is_trial":false,"path_per_floor":["M","?","?","M","M","R","M","R","T","R","?","?","?","$","R","B",null,"M","M","?","?","M","R","?","M","T","R","$","?","$","E","R","B"],"character_chosen":"IRONCLAD","items_purchased":["Offering"],"campfire_rested":0,"item_purchase_floors":[14],"current_hp_per_floor":[80,85,85,85,85,85,71,71,71,71,71,71,59,59,59,53,76,71,64,38,38,40,40,40,40,40,40,40,40,40,42,42,0,0],"gold":43,"neow_bonus":"ONE_RARE_RELIC","is_daily":false,"chose_seed":false,"campfire_upgraded":7,"win_rate":0.0,"timestamp":1611525905,"path_taken":["M","?","?","?","M","R","M","R","T","R","?","?","?","$","R","BOSS","M","M","?","?","M","R","?","M","T","R","$","?","?","E","R","BOSS"],"items_purchased_type":["Card"],"build_version":"2020-12-22","purchased_purges":2,"victory":false,"max_hp_per_floor":[80,85,85,85,85,85,85,85,85,85,79,76,76,76,76,76,76,76,76,38,38,40,40,40,40,40,40,40,40,40,42,42,42,42],"relic_stats":{"Torii":38,"Singing Bowl":4,"counters":[11,51],"Golden Idol":52,"Self Forming Clay":[84],"Kunai":[10],"obtain_stats":[{"SlaversCollar":17,"Torii":0,"Singing Bowl":21,"Golden Idol":11,"Self Forming Clay":13,"Omamori":26,"Kunai":24,"Toxic Egg 2":31,"Burning Blood":0,"Mercury Hourglass":9},{"SlaversCollar":5,"Torii":0,"Singing Bowl":7,"Golden Idol":4,"Self Forming Clay":4,"Omamori":9,"Kunai":8,"Toxic Egg 2":10,"Burning Blood":0,"Mercury Hourglass":4},{"SlaversCollar":20,"Torii":0,"Singing Bowl":26,"Golden Idol":13,"Self Forming Clay":13,"Omamori":38,"Kunai":33,"Toxic Egg 2":43,"Burning Blood":0,"Mercury Hourglass":13}],"Burning Blood":40,"Mercury Hourglass":[140]},"card_choices":[{"not_picked":["Dark Embrace","Pommel Strike","Armaments"],"picked":"SKIP","floor":1},{"not_picked":["Fire Breathing","Dropkick"],"picked":"Anger","floor":4},{"not_picked":["Armaments","Fire Breathing"],"picked":"Iron Wave","floor":5},{"not_picked":["Dark Embrace","Warcry"],"picked":"Anger","floor":7},{"not_picked":["Berserk","Corruption"],"picked":"Reaper","floor":16},{"not_picked":["Infernal Blade","Wild Strike","Havoc"],"picked":"SKIP","floor":18},{"not_picked":["Headbutt+1","Perfected Strike"],"picked":"Heavy Blade","floor":19},{"not_picked":["Dark Embrace","Clothesline","Perfected Strike"],"picked":"Singing Bowl","floor":22},{"not_picked":["Fire Breathing","Rupture"],"picked":"Inflame+1","floor":25},{"not_picked":["Bloodletting+1","Dark Embrace","Warcry+1"],"picked":"Singing Bowl","floor":31}],"player_experience":622980,"relics_obtained":[{"floor":9,"key":"Mercury Hourglass"},{"floor":26,"key":"Omamori"},{"floor":31,"key":"Toxic Egg 2"}],"event_choices":[{"damage_healed":0,"gold_gain":0,"player_choice":"Donut","damage_taken":0,"max_hp_gain":5,"max_hp_loss":0,"event_name":"Big Fish","floor":2,"gold_loss":0},{"damage_healed":0,"gold_gain":100,"player_choice":"Pray","damage_taken":0,"max_hp_gain":0,"max_hp_loss":0,"event_name":"Golden Shrine","floor":3,"gold_loss":0},{"damage_healed":0,"gold_gain":0,"player_choice":"Lose Max HP","damage_taken":0,"relics_obtained":["Golden Idol"],"max_hp_gain":0,"max_hp_loss":6,"event_name":"Golden Idol","floor":11,"gold_loss":0},{"cards_removed":["Parasite"],"damage_healed":0,"gold_gain":0,"player_choice":"Forget","damage_taken":0,"max_hp_gain":0,"max_hp_loss":0,"event_name":"Living Wall","floor":12,"gold_loss":0},{"damage_healed":0,"gold_gain":0,"player_choice":"Success","damage_taken":12,"relics_obtained":["Self Forming Clay"],"max_hp_gain":0,"max_hp_loss":0,"event_name":"Scrap Ooze","floor":13,"gold_loss":0},{"damage_healed":0,"gold_gain":0,"player_choice":"Became a Ghost","damage_taken":0,"max_hp_gain":0,"max_hp_loss":38,"event_name":"Ghosts","floor":20,"gold_loss":0,"cards_obtained":["Ghostly","Ghostly","Ghostly","Ghostly","Ghostly"]},{"damage_healed":0,"gold_gain":0,"player_choice":"Opened","damage_taken":0,"relics_obtained":["Singing Bowl"],"max_hp_gain":0,"max_hp_loss":0,"event_name":"The Mausoleum","floor":21,"gold_loss":0},{"damage_healed":0,"gold_gain":0,"player_choice":"Obtained Relic","damage_taken":0,"relics_obtained":["Kunai"],"max_hp_gain":0,"max_hp_loss":0,"event_name":"Addict","floor":24,"gold_loss":85},{"damage_healed":0,"gold_gain":0,"player_choice":"Paid Fearfully","damage_taken":0,"max_hp_gain":0,"max_hp_loss":0,"event_name":"Masked Bandits","floor":29,"gold_loss":42}],"is_beta":false,"boss_relics":[{"not_picked":["Velvet Choker","Snecko Eye"],"picked":"SlaversCollar"}],"items_purged_floors":[14,28],"is_endless":false,"potions_floor_spawned":[4,31],"killed_by":"Champ","ascension_level":0}}