{"host":"snn1c4qsf0fj7fzf","time":1611495497,"event":{"mods":["AchievementEnabler","Aspiration","Astrologer","BaseMod","Colored Powertips","Downfall","Duelist Mod","GifTheSpireLib","Hermit","Hubris","Infinite Spire","Lobotomy","Marisa????????","Minty Spire (QoL Compilation)","Random Character Button","Rare Cards Sparkle","Reimu??????","Replay The Spire","Shop Mod","Spire Arcade","StSLib","The Administrix","The Cursed","The Gatherer","The Hierophant","The Poker Player","The Runesmith"],"gold_per_floor":[112,112,112,125,125,125,143,143,143,143,163,183,195,228,228,329,329,340,340,358,374,374,374,374],"floor_reached":23,"language":"ENG","playtime":17961,"items_purged":[],"score":193,"play_id":"3d19f768-0dbc-4147-adda-fc4eb532df3d","local_time":"20210124213817","is_ascension_mode":false,"campfire_choices":[{"data":"ReplayTheSpireMod:Calculation Training","floor":6,"key":"SMITH"},{"data":"Dualcast","floor":8,"key":"SMITH"},{"data":"Hologram","floor":15,"key":"SMITH"}],"circlet_count":0,"master_deck":["Strike_B","Strike_B+1","Strike_B","Defend_B","Defend_B","Defend_B","Defend_B","Zap+1","Dualcast+1","Go for the Eyes","ReplayTheSpireMod:Calculation Training+1","Injury","Self Repair+1","Redo","Hologram+1","Thunder Strike","Rebound","Crystallizer+1","Heatsinks+1","Writhe"],"relics":["Cracked Core","Toy Ornithopter","Frozen Egg 2","Meat on the Bone","hubris:Icosahedron","StoneCalendar","Cursed Key","infinitespire:FocusingShard"],"acts_visited":["Exordium","TheCity"],"potions_floor_usage":[11,12,14,14],"damage_taken":[{"damage":2,"enemies":"Jaw Worm","floor":1,"turns":4},{"damage":0,"enemies":"Small Slimes","floor":4,"turns":3},{"damage":0,"enemies":"2 Louse","floor":7,"turns":3},{"damage":24,"enemies":"Exordium Thugs","floor":11,"turns":4},{"damage":0,"enemies":"Looter","floor":12,"turns":3},{"damage":1,"enemies":"3 Louse","floor":13,"turns":2},{"damage":9,"enemies":"Lagavulin","floor":14,"turns":6},{"damage":42,"enemies":"Hexaghost","floor":16,"turns":9},{"damage":7,"enemies":"Chosen","floor":18,"turns":5},{"damage":24,"enemies":"Spheric Guardian","floor":20,"turns":4},{"damage":64,"enemies":"Cultist and Chosen","floor":21,"turns":7},{"damage":62,"enemies":"Slavers","floor":23,"turns":2}],"seed_played":"1012834601265870922","potions_obtained":[{"floor":4,"key":"AttackPotion"},{"floor":11,"key":"Fruit Juice"},{"floor":12,"key":"Block Potion"},{"floor":13,"key":"Fire Potion"},{"floor":14,"key":"Cursed Concoction"},{"floor":21,"key":"SmokeBomb"}],"is_trial":false,"path_per_floor":["M","?","?","M","?","R","M","R","T","?","M","M","M","E","R","B",null,"M","?","M","M","T","E"],"character_chosen":"DEFECT","items_purchased":[],"campfire_rested":0,"item_purchase_floors":[],"current_hp_per_floor":[73,58,58,58,58,58,58,58,58,58,66,80,79,80,80,60,80,80,80,66,59,59,0,0],"gold":374,"neow_bonus":"RANDOM_COMMON_RELIC","is_daily":false,"chose_seed":false,"campfire_upgraded":3,"win_rate":0.0,"timestamp":1611495497,"path_taken":["M","?","?","M","?","R","?","R","T","?","M","M","M","E","R","BOSS","M","?","M","?","?","E"],"items_purchased_type":[],"build_version":"2020-12-22","purchased_purges":0,"victory":false,"max_hp_per_floor":[75,75,75,75,75,75,75,75,75,75,80,80,80,80,80,80,80,80,80,80,80,80,80,80],"card_choices":[{"not_picked":["ReplayTheSpireMod:System Scan","Coolheaded"],"picked":"Go for the Eyes","floor":1},{"not_picked":["Conserve Battery","aspiration:Polymerization"],"picked":"ReplayTheSpireMod:Calculation Training","floor":4},{"not_picked":["Auto Shields","FTL"],"picked":"Self Repair+1","floor":7},{"not_picked":["Stack","Streamline","Biased Cognition+1"],"picked":"SKIP","floor":11},{"not_picked":["Stack","Streamline","ReplayTheSpireMod:System Scan"],"picked":"SKIP","floor":12},{"not_picked":["Tempest","Doom and Gloom"],"picked":"Redo","floor":13},{"not_picked":["Mirror Shield","Aggregate"],"picked":"Hologram","floor":14},{"not_picked":["hubris:Prefetch","Fission"],"picked":"Thunder Strike","floor":16},{"not_picked":["Beam Cell","Panic Button"],"picked":"Rebound","floor":18},{"not_picked":["Melter+1","Steam+1"],"picked":"Crystallizer+1","floor":20},{"not_picked":["Redo","Cold Snap"],"picked":"Heatsinks+1","floor":21}],"player_experience":289898,"relics_obtained":[{"floor":9,"key":"Meat on the Bone"},{"floor":14,"key":"StoneCalendar"},{"floor":22,"key":"infinitespire:FocusingShard"}],"event_choices":[{"damage_healed":0,"gold_gain":0,"player_choice":"Entered Light","damage_taken":15,"max_hp_gain":0,"max_hp_loss":0,"event_name":"Shining Light","floor":2,"gold_loss":0,"cards_upgraded":["Strike_B","Zap"]},{"cards_removed":["Shockwave"],"damage_healed":0,"gold_gain":0,"player_choice":"Took Card","damage_taken":0,"max_hp_gain":0,"max_hp_loss":0,"event_name":"NoteForYourself","floor":19,"gold_loss":0,"cards_obtained":["Shockwave"]}],"is_beta":false,"boss_relics":[{"not_picked":["hubris:BlackHole","Replay:Ancient Bell"],"picked":"Cursed Key"}],"items_purged_floors":[],"is_endless":false,"potions_floor_spawned":[4,11,12,13,14,21],"killed_by":"Slavers","ascension_level":0}}