{"host":"2l3i55whvwk76mom","time":1611446525,"event":{"mods":["BaseMod","Googly Eyes","Hermit","Hubris","Minty Spire (QoL Compilation)","Replay The Spire","StSLib","The Cursed","The Disciple","The Hierophant","The Jungle","The Necromancer"],"gold_per_floor":[115,81,95,95,112,112,112],"floor_reached":6,"language":"ENG","playtime":274,"items_purged":[],"score":36,"play_id":"618d549f-4802-48a9-b71f-222612395f91","local_time":"20210123160205","is_ascension_mode":false,"campfire_choices":[],"circlet_count":0,"master_deck":["Strike_Br","Strike_Br","Strike_Br","Defend_Br","Defend_Br","Defend_Br","Defend_Br","SecondHand","PatternShift","AlternateTimeline","HandsUpB","LockedPlans"],"relics":["Chronometer","NeowsBlessing"],"acts_visited":["Exordium"],"potions_floor_usage":[],"damage_taken":[{"damage":0,"enemies":"Small Slimes","floor":1,"turns":1},{"damage":0,"enemies":"Cultist","floor":3,"turns":1},{"damage":0,"enemies":"Jaw Worm","floor":5,"turns":1},{"damage":15,"enemies":"Gremlin Nob","floor":6,"turns":4}],"seed_played":"2742700009336883666","potions_obtained":[{"floor":1,"key":"Flashbang"},{"floor":3,"key":"BlessingOfTheForge"}],"is_trial":false,"path_per_floor":["M","?","M","?","M","E"],"character_chosen":"CHRONO_CLASS","items_purchased":[],"campfire_rested":0,"item_purchase_floors":[],"current_hp_per_floor":[65,65,65,65,65,50,50],"gold":112,"neow_bonus":"THREE_ENEMY_KILL","is_daily":false,"chose_seed":false,"campfire_upgraded":0,"win_rate":0.0,"timestamp":1611446525,"path_taken":["M","?","M","?","M","E"],"items_purchased_type":[],"build_version":"2020-12-22","purchased_purges":0,"victory":false,"max_hp_per_floor":[65,65,65,65,65,65,65],"card_choices":[{"not_picked":["TickedOff","LockedMedicine"],"picked":"AlternateTimeline","floor":1},{"not_picked":["LockedMawBank","Recurrance"],"picked":"HandsUpB","floor":3},{"not_picked":["CrunchTime","ResonantCall"],"picked":"LockedPlans","floor":5}],"player_experience":314932,"relics_obtained":[],"event_choices":[{"damage_healed":0,"gold_gain":0,"player_choice":"Left Gold","damage_taken":0,"max_hp_gain":0,"max_hp_loss":0,"event_name":"World of Goop","floor":2,"gold_loss":34},{"cards_removed":["Strike_Br"],"damage_healed":0,"gold_gain":0,"player_choice":"Offered Basic","damage_taken":0,"max_hp_gain":0,"max_hp_loss":0,"event_name":"Bonfire Elementals","floor":4,"gold_loss":0}],"is_beta":false,"boss_relics":[],"items_purged_floors":[],"is_endless":false,"potions_floor_spawned":[1,3],"killed_by":"Gremlin Nob","ascension_level":0}}