{"host":"szp1d6dso4pv7ddl","time":1611516169,"event":{"mods":["AchievementEnabler","Alarm Clock","BaseMod","Bestiary","Block Reminder","Colored Map","Colored Powertips","Curses Come First","Dark Map","Displayed Cursed Tome","Highlight Path","Minty Spire (QoL Compilation)","Permanent Neow","Quick Restart","Relic Sorter","Relic Stats","StSLib","Synergy Search"],"gold_per_floor":[362,33,48,48,70,99,167,167,167,181,29,29,43,58,58,134,134,144,164,39,53,83,83,83,83],"floor_reached":24,"language":"ENG","playtime":1491,"items_purged":["Injury","Strike_R","Bash"],"score":459,"play_id":"6772b617-37fb-4e49-8df5-f5cd4421dafd","local_time":"20210124112249","is_ascension_mode":true,"campfire_choices":[{"floor":8.0,"key":"REST"},{"floor":12.0,"key":"REST"},{"floor":15.0,"key":"REST"},{"floor":23,"key":"REST"}],"circlet_count":0,"master_deck":["AscendersBane","Strike_R","Strike_R","Defend_R","Defend_R","Defend_R","Immolate","Cleave","Shrug It Off","Spot Weakness","Flex","Twin Strike","Thunderclap","Entrench","Flex","Sword Boomerang","Impervious","Wild Strike+1","Fiend Fire+1","Carnage+1","Inflame","Sentinel","Ghostly Armor"],"relics":["Burning Blood","Pen Nib","SsserpentHead","Mummified Hand","Astrolabe"],"acts_visited":["Exordium","TheCity"],"potions_floor_usage":[],"damage_taken":[{"damage":12.0,"enemies":"Cultist","floor":1.0,"turns":4.0},{"damage":12.0,"enemies":"Jaw Worm","floor":3.0,"turns":3.0},{"damage":54.0,"enemies":"Gremlin Nob","floor":6.0,"turns":5.0},{"damage":4.0,"enemies":"Small Slimes","floor":7.0,"turns":3.0},{"damage":26.0,"enemies":"Exordium Thugs","floor":10.0,"turns":4.0},{"damage":6.0,"enemies":"Exordium Wildlife","floor":13.0,"turns":2.0},{"damage":13.0,"enemies":"Red Slaver","floor":14.0,"turns":3.0},{"damage":0.0,"enemies":"Slime Boss","floor":16.0,"turns":5.0},{"damage":7.0,"enemies":"Chosen","floor":18.0,"turns":3.0},{"damage":32,"enemies":"3 Byrds","floor":19,"turns":4},{"damage":18,"enemies":"Snecko","floor":21,"turns":5},{"damage":64,"enemies":"Shelled Parasite and Fungi","floor":24,"turns":6}],"seed_played":"1486571522750451444","potions_obtained":[{"floor":3.0,"key":"ColorlessPotion"},{"floor":6.0,"key":"PowerPotion"},{"floor":7.0,"key":"SpeedPotion"},{"floor":16.0,"key":"SteroidPotion"},{"floor":22,"key":"Energy Potion"}],"is_trial":false,"path_per_floor":["M","$","M","?","$","E","M","R","T","M","$","R","M","M","R","B",null,"M","M","$","M","?","R","M"],"character_chosen":"IRONCLAD","items_purchased":["Immolate","Cleave","Shrug It Off","Flex","Flex"],"campfire_rested":4,"item_purchase_floors":[2,2,2,5,11],"current_hp_per_floor":[62,62,56,56,56,8,10,32,32,12,12,34,34,27,49,55,70,69,43,43,31,31,53,0,0],"gold":83,"neow_bonus":"TWO_FIFTY_GOLD","is_daily":false,"chose_seed":false,"campfire_upgraded":0,"win_rate":0.0,"timestamp":1611516169,"path_taken":["M","$","?","?","?","E","?","R","T","M","$","R","M","M","R","BOSS","M","M","$","M","?","R","M"],"items_purchased_type":["Card","Card","Card","Card","Card"],"build_version":"2020-12-22","purchased_purges":3,"victory":false,"max_hp_per_floor":[75,75,75,75,75,75,75,75,75,75,75,75,75,75,75,75,75,75,75,75,75,75,75,75,75],"relic_stats":{"SsserpentHead":150,"counters":[12,47],"Mummified Hand":[3],"Astrolabe":["Wild Strike","Fiend Fire","Carnage"],"Pen Nib":[4],"obtain_stats":[{"SsserpentHead":4,"Mummified Hand":6,"Astrolabe":17,"Pen Nib":9,"Burning Blood":0},{"SsserpentHead":2,"Mummified Hand":3,"Astrolabe":8,"Pen Nib":4,"Burning Blood":0},{"SsserpentHead":7,"Mummified Hand":12,"Astrolabe":29,"Pen Nib":15,"Burning Blood":0}],"Burning Blood":66},"card_choices":[{"not_picked":["Havoc","Bloodletting","Flex"],"picked":"SKIP","floor":1.0},{"not_picked":["Carnage","Clash"],"picked":"Spot Weakness","floor":3.0},{"not_picked":["Warcry","Dropkick"],"picked":"Twin Strike","floor":6.0},{"not_picked":["Searing Blow","Flex"],"picked":"Thunderclap","floor":7.0},{"not_picked":["Combust","Pommel Strike"],"picked":"Entrench","floor":10.0},{"not_picked":["Metallicize","Intimidate","Havoc"],"picked":"SKIP","floor":13.0},{"not_picked":["Cleave","Clash"],"picked":"Sword Boomerang","floor":14.0},{"not_picked":["Berserk","Exhume"],"picked":"Impervious","floor":16.0},{"not_picked":["Reckless Charge","Fire Breathing"],"picked":"Inflame","floor":18.0},{"not_picked":["Disarm+1","Cleave+1"],"picked":"Sentinel","floor":19},{"not_picked":["Perfected Strike","Pommel Strike"],"picked":"Ghostly Armor","floor":21}],"player_experience":1266985,"relics_obtained":[{"floor":6.0,"key":"Mummified Hand"},{"floor":9.0,"key":"Pen Nib"}],"event_choices":[{"damage_healed":0.0,"max_hp_gain":0.0,"max_hp_loss":0.0,"gold_gain":0.0,"event_name":"FaceTrader","player_choice":"Trade","floor":4.0,"gold_loss":0.0,"damage_taken":0.0,"relics_obtained":["SsserpentHead"]},{"damage_healed":0,"gold_gain":0,"player_choice":"Bought 1 Potion","damage_taken":0,"max_hp_gain":0,"max_hp_loss":0,"event_name":"The Woman in Blue","floor":22,"gold_loss":0}],"is_beta":false,"boss_relics":[{"not_picked":["Velvet Choker","Coffee Dripper"],"picked":"Astrolabe"}],"items_purged_floors":[2,11,20],"is_endless":false,"potions_floor_spawned":[3,6,7,16,19,21],"killed_by":"Shelled Parasite and Fungi","ascension_level":17}}