{"host":"2q4w55ev63ot6isg","time":1611474511,"event":{"mods":["Aspiration","BaseMod","Downfall","Hubris","Marisa????????","Minty Spire (QoL Compilation)","Replay The Spire","StSLib","The Cursed","The Jungle","The Servant 0.9.4"],"gold_per_floor":[119,119,68,84,100,100,113,146,146,146,146,146,156,8,8,107,107,124,124,124,198,214,214,214],"floor_reached":23,"language":"ENG","playtime":543,"items_purged":[],"score":217,"play_id":"5d81ff96-ca98-409c-a2c4-6d9bfbe02921","local_time":"20210123234831","is_ascension_mode":true,"campfire_choices":[{"data":"Zap","floor":6,"key":"SMITH"},{"floor":10,"key":"REST"},{"floor":15,"key":"REST"}],"circlet_count":0,"master_deck":["Strike_B","Strike_B","Defend_B","Defend_B","Defend_B","Zap+1","Dualcast","ReplayTheSpireMod:GoodbyeWorld","Conserve Battery","Storm+1","Static Discharge","Conserve Battery","Self Repair","ReplayTheSpireMod:Calculation Training","Self Repair","hubris:DoWhile","downfall:Bewildered"],"relics":["Cracked Core","Dream Catcher","Bag of Marbles","hubris:Towel","Juzu Bracelet","Empty Cage","sneckomod:BabySnecko","Golden Egg"],"acts_visited":["Exordium","TheCity"],"potions_floor_usage":[16,16],"damage_taken":[{"damage":12,"enemies":"Jaw Worm","floor":1,"turns":3},{"damage":0,"enemies":"2 Louse","floor":4,"turns":3},{"damage":6,"enemies":"Small Slimes","floor":5,"turns":4},{"damage":22,"enemies":"Exordium Thugs","floor":7,"turns":4},{"damage":18,"enemies":"3 Sentries","floor":8,"turns":7},{"damage":11,"enemies":"Lots of Slimes","floor":13,"turns":3},{"damage":34,"enemies":"Hexaghost","floor":16,"turns":9},{"damage":43,"enemies":"Shell Parasite","floor":18,"turns":6},{"damage":30,"enemies":"2 Thieves","floor":22,"turns":3},{"damage":42,"enemies":"Slavers","floor":23,"turns":2}],"seed_played":"-1475452204375534293","potions_obtained":[{"floor":1,"key":"Guardian:BlockOnCardUsePotion"},{"floor":5,"key":"Venom Potion"},{"floor":8,"key":"ColorlessPotion"},{"floor":18,"key":"Strength Potion"},{"floor":22,"key":"Venom Potion"}],"is_trial":false,"path_per_floor":["M","?","$","M","M","R","M","E","T","R","?","?","M","$","R","B",null,"M","?","?","T","M","E"],"character_chosen":"DEFECT","items_purchased":["Storm+1","Juzu Bracelet"],"campfire_rested":2,"item_purchase_floors":[3,14],"current_hp_per_floor":[63,68,68,68,62,62,40,22,22,46,46,46,42,42,66,46,80,58,58,58,58,42,0,0],"gold":214,"neow_bonus":"TRANSFORM_CARD","is_daily":false,"chose_seed":false,"campfire_upgraded":1,"win_rate":0.0,"timestamp":1611474511,"path_taken":["M","?","$","M","M","R","M","E","T","R","?","?","?","?","R","BOSS","M","?","?","?","M","E"],"items_purchased_type":["Card","Relic"],"build_version":"2020-12-22","purchased_purges":0,"victory":false,"max_hp_per_floor":[75,80,80,80,80,80,80,80,80,80,80,80,80,80,80,80,80,80,80,80,80,80,80,80],"card_choices":[{"not_picked":["Sunder","Chaos"],"picked":"Conserve Battery","floor":1},{"not_picked":["Coolheaded","Barrage"],"picked":"Static Discharge","floor":4},{"not_picked":["Reinforced Body","Aggregate","Undo"],"picked":"SKIP","floor":5},{"not_picked":["hubris:PowerSurge","Turbo","Stack"],"picked":"SKIP","floor":7},{"not_picked":["Buffer","Compile Driver"],"picked":"Conserve Battery","floor":8},{"not_picked":["Cold Snap","Skim"],"picked":"Self Repair","floor":10},{"not_picked":["Reinforced Body","Turbo"],"picked":"ReplayTheSpireMod:Calculation Training","floor":13},{"not_picked":["BasicCrystalCard","ReplayTheSpireMod:GoodbyeWorld"],"picked":"Self Repair","floor":15},{"not_picked":["Fission","Reboot"],"picked":"hubris:DoWhile","floor":16},{"not_picked":["Rip and Tear","Scrape+1","Cold Snap"],"picked":"SKIP","floor":18},{"not_picked":["Rebound+1","Gash","ReplayTheSpireMod:Omega Cannon"],"picked":"SKIP","floor":22}],"player_experience":158921,"relics_obtained":[{"floor":8,"key":"Dream Catcher"},{"floor":9,"key":"Bag of Marbles"},{"floor":21,"key":"Golden Egg"}],"event_choices":[{"damage_healed":0,"gold_gain":0,"player_choice":"Donut","damage_taken":0,"max_hp_gain":5,"max_hp_loss":0,"event_name":"Big Fish","floor":2,"gold_loss":0},{"damage_healed":0,"gold_gain":0,"player_choice":"Bought 0 Potions","damage_taken":0,"max_hp_gain":0,"max_hp_loss":0,"event_name":"The Woman in Blue","floor":12,"gold_loss":0}],"is_beta":false,"boss_relics":[{"not_picked":["Pandora\u0027s Box","Snecko Eye"],"picked":"Empty Cage"}],"items_purged_floors":[],"is_endless":false,"potions_floor_spawned":[1,5,8,13,18,22],"killed_by":"Slavers","ascension_level":3}}