{"host":"rj1j8apb2x4vafcu","time":1611482068,"event":{"mods":["AchievementEnabler","Act Like it!","BaseMod","Colored Map","Colored Powertips","Minty Spire (QoL Compilation)","Rare Cards Sparkle","StSLib"],"gold_per_floor":[116,116,132,143,161,193,193,223,274,300,375,388,414,428,428,530,530,542,244,264,280,295,295,295],"floor_reached":23,"language":"ENG","playtime":1647,"items_purged":["Strike_G"],"score":226,"play_id":"35e97fa6-b727-4466-b1c2-7ea68c9de153","local_time":"20210124075428","is_ascension_mode":true,"campfire_choices":[{"data":"Terror","floor":7,"key":"SMITH"},{"floor":15,"key":"REST"}],"circlet_count":0,"master_deck":["Strike_G","Strike_G","Strike_G","Defend_G","Defend_G","Defend_G","Defend_G","Defend_G","Survivor","Neutralize","Sucker Punch","Dodge and Roll","Terror+1","Deflect","Heel Hook","Infinite Blades","Deflect","After Image","Expertise","A Thousand Cuts","CurseOfTheBell","Infinite Blades","Envenom","Cloak And Dagger","Deflect+1","Slice+1","Adrenaline"],"relics":["WristBlade","Torii","Molten Egg 2","Regal Pillow","Boot","Lantern","Calling Bell","Nunchaku","Question Card","Ginger","Membership Card"],"acts_visited":["Exordium","TheCity"],"potions_floor_usage":[5,8,23,23,23],"damage_taken":[{"damage":0,"enemies":"Cultist","floor":1,"turns":4},{"damage":1,"enemies":"2 Louse","floor":3,"turns":4},{"damage":0,"enemies":"Small Slimes","floor":4,"turns":5},{"damage":4,"enemies":"Red Slaver","floor":5,"turns":4},{"damage":15,"enemies":"Lagavulin","floor":6,"turns":9},{"damage":1,"enemies":"Gremlin Nob","floor":8,"turns":3},{"damage":0,"enemies":"Blue Slaver","floor":12,"turns":4},{"damage":19,"enemies":"Lagavulin","floor":13,"turns":6},{"damage":0,"enemies":"Exordium Wildlife","floor":14,"turns":4},{"damage":3,"enemies":"Hexaghost","floor":16,"turns":13},{"damage":13,"enemies":"Spheric Guardian","floor":18,"turns":6},{"damage":24,"enemies":"3 Byrds","floor":20,"turns":6},{"damage":17,"enemies":"Snake Plant","floor":21,"turns":5},{"damage":1,"enemies":"Centurion and Healer","floor":22,"turns":6},{"damage":25,"enemies":"Gremlin Leader","floor":23,"turns":6}],"seed_played":"6655153434222703766","potions_obtained":[{"floor":1,"key":"Fire Potion"},{"floor":5,"key":"Fruit Juice"},{"floor":13,"key":"SpeedPotion"},{"floor":14,"key":"Ancient Potion"},{"floor":21,"key":"Strength Potion"}],"is_trial":false,"path_per_floor":["M","?","M","M","M","E","R","E","T","T","?","M","E","M","R","B",null,"M","$","M","M","M","E"],"character_chosen":"THE_SILENT","items_purchased":["Membership Card","Envenom","Cloak And Dagger"],"campfire_rested":1,"item_purchase_floors":[19,19,19],"current_hp_per_floor":[70,70,69,69,70,55,55,54,54,54,43,43,24,24,61,58,75,62,62,38,21,20,0,0],"gold":295,"neow_bonus":"BOSS_RELIC","is_daily":false,"chose_seed":false,"campfire_upgraded":1,"win_rate":0.0,"timestamp":1611482068,"path_taken":["M","?","?","M","M","E","R","E","T","?","?","M","E","M","R","BOSS","M","$","M","M","M","E"],"items_purchased_type":["Relic","Card","Card"],"build_version":"2020-12-22","purchased_purges":1,"victory":false,"max_hp_per_floor":[70,70,70,70,75,75,75,75,75,75,75,75,75,75,75,75,75,75,75,75,75,75,75,75],"card_choices":[{"not_picked":["Bane","Deadly Poison","Flying Knee"],"picked":"SKIP","floor":1},{"not_picked":["PiercingWail","Underhanded Strike"],"picked":"Dodge and Roll","floor":3},{"not_picked":["Prepared","Footwork"],"picked":"Terror","floor":4},{"not_picked":["Prepared","Terror"],"picked":"Deflect","floor":5},{"not_picked":["Predator","Deflect"],"picked":"Heel Hook","floor":6},{"not_picked":["Underhanded Strike+1","Quick Slash+1"],"picked":"Infinite Blades","floor":8},{"not_picked":["Underhanded Strike+1","Well Laid Plans"],"picked":"Deflect","floor":12},{"not_picked":["Blade Dance","PiercingWail"],"picked":"After Image","floor":13},{"not_picked":["Underhanded Strike+1","Poisoned Stab+1"],"picked":"Expertise","floor":14},{"not_picked":["Unload+1","Night Terror"],"picked":"A Thousand Cuts","floor":16},{"not_picked":["Dodge and Roll","Dagger Throw+1","Distraction"],"picked":"Infinite Blades","floor":18},{"not_picked":["Outmaneuver","Flying Knee+1","Flechettes+1"],"picked":"Deflect+1","floor":20},{"not_picked":["Eviscerate+1","Endless Agony+1","Poisoned Stab+1"],"picked":"Slice+1","floor":21},{"not_picked":["Bane+1","Prepared+1","Dagger Throw+1"],"picked":"Adrenaline","floor":22}],"player_experience":99435,"relics_obtained":[{"floor":6,"key":"Torii"},{"floor":8,"key":"Molten Egg 2"},{"floor":9,"key":"Regal Pillow"},{"floor":10,"key":"Boot"},{"floor":13,"key":"Lantern"},{"floor":17,"key":"Nunchaku"},{"floor":17,"key":"Question Card"},{"floor":17,"key":"Ginger"}],"event_choices":[{"damage_healed":0,"gold_gain":0,"cards_transformed":["Strike_G"],"player_choice":"Transformed","damage_taken":0,"max_hp_gain":0,"max_hp_loss":0,"event_name":"Transmorgrifier","floor":2,"gold_loss":0,"cards_obtained":["Sucker Punch"]},{"damage_healed":0,"gold_gain":75,"player_choice":"Gather Gold","damage_taken":11,"max_hp_gain":0,"max_hp_loss":0,"event_name":"World of Goop","floor":11,"gold_loss":0}],"is_beta":false,"boss_relics":[{"not_picked":["Fusion Hammer","SacredBark"],"picked":"Calling Bell"}],"items_purged_floors":[19],"is_endless":false,"potions_floor_spawned":[1,5,13,14,21],"killed_by":"Gremlin Leader","ascension_level":1}}