{"host":"83ve8bsuvg15pdqh","time":1611447471,"event":{"mods":["2.2 Compatiblity","AchievementEnabler","BaseMod","Colored Map","Colored Powertips","Downfall","Highlight Path","Minty Spire (QoL Compilation)","Relic Stats","StSLib","everything is the same but u backflip on backflip"],"gold_per_floor":[99,119,138,138,155,171,171,171,191,202,236,250,150,250,265,365,365,365,377,377,63,81,81,161,180,214,214,249,149,149,99,113,210,210,110,128,38,49,59,59,59,73,104,123,138,151,151,170,185,185,185,185],"floor_reached":50,"language":"ENG","playtime":4168,"items_purged":[],"score":572,"play_id":"4553e23f-6cf0-4faf-b419-c18c26ff1382","local_time":"20210123181751","is_ascension_mode":false,"campfire_choices":[{"data":"bronze:Goto","floor":1,"key":"SMITH"},{"floor":8,"key":"RECALL"},{"data":"bronze:GetLatest","floor":13,"key":"SMITH"},{"data":"bronze:Mutator","floor":18,"key":"SMITH"},{"data":"bronze:Repulsor","floor":23,"key":"SMITH"},{"data":"bronze:ItsAFeature","floor":27,"key":"SMITH"},{"floor":29,"key":"REST"},{"data":"bronze:Verify","floor":35,"key":"SMITH"},{"floor":47,"key":"REST"}],"circlet_count":0,"master_deck":["bronze:Strike","bronze:Strike","bronze:Defend","bronze:Defend","bronze:Replicate","bronze:Goto+1","bronze:Branch","bronze:ChildClass","bronze:CutThrough","bronze:GetLatest+1","bronze:BuggyMess","bronze:Boost","bronze:Deprecate","bronze:WhirlingStrike","bronze:BugBarrage+1","bronze:CloningBeam","bronze:Return","bronze:Mutator+1","bronze:FollowUp","Writhe","bronze:Repulsor+1","bronze:DelayedSlice","bronze:Turbo","bronze:Overheat","bronze:Frontload","bronze:ItsAFeature+1","bronze:HyperBeam","bronze:Verify+1","bronze:ForceShield+1","bronze:WildBeam","bronze:Allocate","bronze:Iterate+1","bronze:WhirlingStrike","bronze:BronzeOrb+1","bronze:Iterate+1","bronze:Break","bronze:DarkDash+1","bronze:Virus","bronze:DelayedGuard","bronze:Shield+1"],"relics":["bronze:PlatinumCore","Kunai","Happy Flower","downfall:HeartBlessingRed","Sozu","Lizard Tail","Oddly Smooth Stone","bronze:CableSpool","Bird Faced Urn","Ornamental Fan","downfall:HeartBlessingGreen","downfall:HeartBlessingBlue","Darkstone Periapt","Lantern"],"acts_visited":["Exordium","TheCity","TheBeyond"],"potions_floor_usage":[16,16,28],"damage_taken":[{"damage":1,"enemies":"Jaw Worm","floor":2,"turns":3},{"damage":0,"enemies":"Small Slimes","floor":3,"turns":3},{"damage":0,"enemies":"2 Louse","floor":5,"turns":2},{"damage":11,"enemies":"Large Slime","floor":6,"turns":4},{"damage":13,"enemies":"Red Slaver","floor":9,"turns":4},{"damage":0,"enemies":"2 Fungi Beasts","floor":10,"turns":3},{"damage":12,"enemies":"3 Sentries","floor":11,"turns":9},{"damage":4,"enemies":"3 Louse","floor":12,"turns":2},{"damage":23,"enemies":"downfall:Heads","floor":14,"turns":6},{"damage":6,"enemies":"Gremlin Gang","floor":15,"turns":3},{"damage":6,"enemies":"IC_STATUS_ARCHETYPE","floor":16,"turns":3},{"damage":0,"enemies":"Shell Parasite","floor":19,"turns":3},{"damage":3,"enemies":"downfall:FleeingMerchant","floor":21,"turns":4},{"damage":9,"enemies":"Centurion and Healer","floor":22,"turns":5},{"damage":0,"enemies":"Chosen and Byrds","floor":25,"turns":3},{"damage":25,"enemies":"Gremlin Leader","floor":26,"turns":7},{"damage":18,"enemies":"Slavers","floor":28,"turns":5},{"damage":0,"enemies":"3 Cultists","floor":32,"turns":4},{"damage":30,"enemies":"DF_ARCHETYPE_CLAW","floor":33,"turns":8},{"damage":3,"enemies":"Orb Walker","floor":36,"turns":4},{"damage":0,"enemies":"downfall:FleeingMerchant","floor":37,"turns":4},{"damage":10,"enemies":"3 Darklings","floor":38,"turns":4},{"damage":33,"enemies":"Transient","floor":39,"turns":5},{"damage":0,"enemies":"Spire Growth","floor":42,"turns":3},{"damage":42,"enemies":"Giant Head","floor":43,"turns":9},{"damage":22,"enemies":"Jaw Worm Horde","floor":44,"turns":4},{"damage":21,"enemies":"Sphere and 2 Shapes","floor":45,"turns":4},{"damage":9,"enemies":"Writhing Mass","floor":46,"turns":7},{"damage":40,"enemies":"Transient","floor":48,"turns":5},{"damage":19,"enemies":"4 Shapes","floor":49,"turns":3},{"damage":30,"enemies":"WA_ARCHETYPE_DIVINITY","floor":50,"turns":5}],"seed_played":"-1430821093529954620","potions_obtained":[{"floor":2,"key":"Strength Potion"},{"floor":6,"key":"BlessingOfTheForge"},{"floor":10,"key":"Guardian:BlockOnCardUsePotion"},{"floor":14,"key":"FairyPotion"},{"floor":15,"key":"CultistPotion"},{"floor":16,"key":"AttackPotion"}],"is_trial":false,"path_per_floor":["R","M","M","?","M","M","T","R","M","M","E","M","R","?","M","B",null,"R","M","?","$","M","R","T","M","E","R","E","R","T","?","M","B",null,"R","M","$","M","M","?","T","M","E","M","M","M","R","M","M","B"],"character_chosen":"THE_AUTOMATON","items_purchased":["bronze:Repulsor","bronze:DelayedSlice","bronze:Turbo","Oddly Smooth Stone","bronze:Allocate"],"campfire_rested":2,"item_purchase_floors":[21,21,21,21,37],"current_hp_per_floor":[77,76,76,76,76,65,65,65,52,52,40,36,36,13,7,1,77,77,77,77,74,65,65,65,65,40,40,26,49,49,77,77,50,77,87,87,87,79,48,48,48,54,18,26,7,8,34,43,26,0,0,0],"gold":185,"neow_bonus":"TEN_PERCENT_HP_BONUS","is_daily":false,"chose_seed":false,"campfire_upgraded":6,"win_rate":0.0,"timestamp":1611447471,"path_taken":["R","M","M","?","M","M","T","R","M","M","E","M","R","?","M","BOSS","R","M","?","$","M","R","T","M","E","R","E","R","?","?","M","BOSS","R","M","$","M","M","?","T","M","E","M","?","M","R","M","M","BOSS"],"items_purchased_type":["Card","Card","Card","Relic","Card"],"build_version":"2020-12-22","purchased_purges":0,"victory":false,"max_hp_per_floor":[77,77,77,77,77,77,77,77,77,77,77,77,77,77,77,77,77,77,77,77,77,77,77,77,77,77,77,77,77,77,77,77,77,77,87,87,87,87,87,87,87,87,87,87,87,87,87,87,87,87,87,87],"relic_stats":{"Sozu":7,"Darkstone Periapt":0,"Lizard Tail":43,"Happy Flower":[36],"counters":[31,138],"Ornamental Fan":[188],"Bird Faced Urn":[50],"Kunai":[87],"obtain_stats":[{"Darkstone Periapt":41,"bronze:PlatinumCore":34,"Lantern":43,"bronze:BronzeCore":0,"Happy Flower":11,"downfall:HeartBlessingRed":13,"Oddly Smooth Stone":21,"downfall:HeartBlessingGreen":29,"bronze:CableSpool":24,"Sozu":17,"Lizard Tail":20,"Ornamental Fan":28,"downfall:HeartBlessingBlue":35,"Bird Faced Urn":26,"Kunai":7},{"Darkstone Periapt":23,"bronze:PlatinumCore":19,"Lantern":25,"bronze:BronzeCore":0,"Happy Flower":7,"downfall:HeartBlessingRed":8,"Oddly Smooth Stone":13,"downfall:HeartBlessingGreen":17,"bronze:CableSpool":14,"Sozu":11,"Lizard Tail":12,"Ornamental Fan":17,"downfall:HeartBlessingBlue":19,"Bird Faced Urn":16,"Kunai":4},{"Darkstone Periapt":98,"bronze:PlatinumCore":81,"Lantern":110,"bronze:BronzeCore":0,"Happy Flower":28,"downfall:HeartBlessingRed":30,"Oddly Smooth Stone":49,"downfall:HeartBlessingGreen":69,"bronze:CableSpool":54,"Sozu":42,"Lizard Tail":45,"Ornamental Fan":69,"downfall:HeartBlessingBlue":81,"Bird Faced Urn":64,"Kunai":12}]},"card_choices":[{"not_picked":["bronze:Shell","bronze:Turbo"],"picked":"bronze:Branch","floor":2},{"not_picked":["bronze:NullPointer","bronze:FineTuning"],"picked":"bronze:ChildClass","floor":3},{"not_picked":["bronze:WhirlingStrike","bronze:Frontload"],"picked":"bronze:CutThrough","floor":5},{"not_picked":["bronze:BronzeArmor","bronze:CutThrough"],"picked":"bronze:GetLatest","floor":6},{"not_picked":["bronze:WildBeam","bronze:MaxOutput"],"picked":"bronze:BuggyMess","floor":9},{"not_picked":["bronze:DigitalCarnage","bronze:Iterate"],"picked":"bronze:Boost","floor":10},{"not_picked":["bronze:ClassDefault","bronze:Frontload"],"picked":"bronze:Deprecate","floor":11},{"not_picked":["bronze:Overheat","bronze:CloningBeam"],"picked":"bronze:WhirlingStrike","floor":12},{"not_picked":["bronze:DigitalCarnage","bronze:Turbo"],"picked":"bronze:BugBarrage","floor":14},{"not_picked":["bronze:WildBeam","bronze:Virus"],"picked":"bronze:Return","floor":15},{"not_picked":["bronze:Break","bronze:Assembly"],"picked":"bronze:Mutator","floor":16},{"not_picked":["bronze:CutThrough+1","bronze:Deprecate"],"picked":"bronze:FollowUp","floor":19},{"not_picked":["bronze:BronzeArmor+1","bronze:ForLoop","bronze:Fortify+1"],"picked":"SKIP","floor":21},{"not_picked":["bronze:Philosophize+1","bronze:Optimize"],"picked":"bronze:Overheat","floor":22},{"not_picked":["bronze:BugBarrage","bronze:Overheat"],"picked":"bronze:Frontload","floor":25},{"not_picked":["bronze:Iterate","bronze:Overheat"],"picked":"bronze:ItsAFeature","floor":26},{"not_picked":["bronze:Deprecate","bronze:WildBeam+1"],"picked":"bronze:HyperBeam","floor":28},{"not_picked":["bronze:Turbo","bronze:Shell","bronze:CloningBeam"],"picked":"SKIP","floor":32},{"not_picked":["bronze:HyperBeam","bronze:RecursiveStrike"],"picked":"bronze:Verify","floor":33},{"not_picked":["bronze:MaxOutput+1","bronze:Overheat"],"picked":"bronze:ForceShield+1","floor":36},{"not_picked":["bronze:Branch","bronze:ForceShield+1"],"picked":"bronze:WildBeam","floor":37},{"not_picked":["bronze:BitShift","bronze:Boost+1"],"picked":"bronze:Iterate+1","floor":38},{"not_picked":["bronze:Allocate+1","bronze:WildBeam"],"picked":"bronze:WhirlingStrike","floor":39},{"not_picked":["bronze:BuggyMess+1","bronze:WhirlingStrike+1"],"picked":"bronze:BronzeOrb+1","floor":42},{"not_picked":["bronze:DelayedGuard+1","bronze:Shell+1"],"picked":"bronze:Iterate+1","floor":43},{"not_picked":["bronze:WhirlingStrike+1","bronze:Invalidate+1"],"picked":"bronze:Break","floor":44},{"not_picked":["bronze:BugBarrage+1","bronze:WhirlingStrike"],"picked":"bronze:DarkDash+1","floor":45},{"not_picked":["bronze:Repair+1","bronze:WhirlingStrike"],"picked":"bronze:Virus","floor":46},{"not_picked":["bronze:Branch","bronze:Turbo+1"],"picked":"bronze:DelayedGuard","floor":48},{"not_picked":["bronze:Verify","bronze:CutThrough+1"],"picked":"bronze:Shield+1","floor":49}],"player_experience":11223,"relics_obtained":[{"floor":7,"key":"Kunai"},{"floor":11,"key":"Happy Flower"},{"floor":24,"key":"bronze:CableSpool"},{"floor":26,"key":"Bird Faced Urn"},{"floor":28,"key":"Ornamental Fan"},{"floor":41,"key":"Darkstone Periapt"},{"floor":43,"key":"Lantern"}],"event_choices":[{"cards_removed":["bronze:Strike"],"damage_healed":0,"gold_gain":0,"player_choice":"Card Removal","damage_taken":0,"max_hp_gain":0,"max_hp_loss":0,"event_name":"The Cleric","floor":4,"gold_loss":0}],"is_beta":false,"boss_relics":[{"not_picked":["Calling Bell","Coffee Dripper"],"picked":"Sozu"},{"not_picked":["Black Star","SacredBark"],"picked":"bronze:PlatinumCore"}],"items_purged_floors":[],"is_endless":false,"potions_floor_spawned":[2,6,10,14,15,16,22,28,32,33,38,42,44,49],"killed_by":"WA_ARCHETYPE_DIVINITY","ascension_level":0}}