{"host":"uv5ws9rdk87e8i5k","time":1611468386,"event":{"mods":["AchievementEnabler","BaseMod","Colored Map","Minty Spire (QoL Compilation)","StSLib","SuperFastMode"],"gold_per_floor":[113,131,150,169,1,35,35,35,35,35,35,35,210,228,228,228,228],"floor_reached":16,"language":"ENG","playtime":217,"items_purged":[],"score":130,"play_id":"26e34b3e-8927-4d26-8b24-0172b58a2f22","local_time":"20210124000626","is_ascension_mode":true,"campfire_choices":[{"data":"Inflame","floor":7,"key":"SMITH"},{"data":"Battle Trance","floor":12,"key":"SMITH"},{"floor":15,"key":"REST"}],"circlet_count":0,"master_deck":["Strike_R","Strike_R","Strike_R","Strike_R","Strike_R","Defend_R","Defend_R","Defend_R","Defend_R","Bash","Decay","Headbutt","Perfected Strike","Battle Trance+1","Inflame+1","Perfected Strike","Heavy Blade","Doubt","Iron Wave"],"relics":["Burning Blood","Gambling Chip","Membership Card","Matryoshka","Red Skull","Question Card","Letter Opener","Golden Idol"],"acts_visited":["Exordium"],"potions_floor_usage":[6,14],"damage_taken":[{"damage":14,"enemies":"Jaw Worm","floor":1,"turns":6},{"damage":10,"enemies":"2 Louse","floor":2,"turns":2},{"damage":7,"enemies":"Small Slimes","floor":3,"turns":3},{"damage":9,"enemies":"Looter","floor":4,"turns":3},{"damage":27,"enemies":"3 Sentries","floor":6,"turns":5},{"damage":0,"enemies":"Exordium Wildlife","floor":14,"turns":3},{"damage":0,"enemies":"Slime Boss","floor":16,"turns":1}],"seed_played":"32463340855950772","potions_obtained":[{"floor":1,"key":"SteroidPotion"},{"floor":3,"key":"Fire Potion"},{"floor":14,"key":"BlessingOfTheForge"}],"is_trial":false,"path_per_floor":["M","M","M","M","$","E","R","?","T","?","$","R","?","M","R","B"],"character_chosen":"IRONCLAD","items_purchased":["Membership Card","Perfected Strike"],"campfire_rested":1,"item_purchase_floors":[5,5],"current_hp_per_floor":[64,60,59,56,56,35,35,23,23,23,23,23,23,29,51,51,51],"gold":228,"neow_bonus":"ONE_RARE_RELIC","is_daily":false,"chose_seed":false,"campfire_upgraded":2,"win_rate":0.0,"timestamp":1611468386,"path_taken":["M","M","M","M","$","E","R","?","T","?","$","R","?","M","R","BOSS"],"items_purchased_type":["Relic","Card"],"build_version":"2020-12-22","purchased_purges":0,"victory":false,"max_hp_per_floor":[80,80,80,80,80,80,80,80,80,74,74,74,74,74,74,74,74],"card_choices":[{"not_picked":["Rampage","Heavy Blade"],"picked":"Headbutt","floor":1},{"not_picked":["Entrench","Warcry"],"picked":"Perfected Strike","floor":2},{"not_picked":["Cleave","Brutality"],"picked":"Battle Trance","floor":3},{"not_picked":["Shrug It Off","True Grit"],"picked":"Inflame","floor":4},{"not_picked":["True Grit","Rupture"],"picked":"Heavy Blade","floor":6},{"not_picked":["Sword Boomerang","Metallicize","Rupture"],"picked":"Iron Wave","floor":14}],"player_experience":223155,"relics_obtained":[{"floor":6,"key":"Matryoshka"},{"floor":9,"key":"Question Card"},{"floor":9,"key":"Letter Opener"}],"event_choices":[{"damage_healed":0,"gold_gain":0,"player_choice":"Success","damage_taken":12,"relics_obtained":["Red Skull"],"max_hp_gain":0,"max_hp_loss":0,"event_name":"Scrap Ooze","floor":8,"gold_loss":0},{"damage_healed":0,"gold_gain":0,"player_choice":"Lose Max HP","damage_taken":0,"relics_obtained":["Golden Idol"],"max_hp_gain":0,"max_hp_loss":6,"event_name":"Golden Idol","floor":10,"gold_loss":0},{"damage_healed":0,"gold_gain":175,"player_choice":"AGREE","damage_taken":0,"max_hp_gain":0,"max_hp_loss":0,"event_name":"Liars Game","floor":13,"gold_loss":0,"cards_obtained":["Doubt"]}],"is_beta":false,"boss_relics":[],"items_purged_floors":[],"is_endless":false,"potions_floor_spawned":[1,3,14],"killed_by":"Slime Boss","ascension_level":6}}