{"host":"b5ofb9azpmwqws3x","time":1611510105,"event":{"mods":["BaseMod","Minty Spire (QoL Compilation)"],"gold_per_floor":[113,131,147,147,112,143,318,318,345,345,372,402,414,135,135,237,237,252,269,121,132,132,132,152,77,104,138,164,176,176],"floor_reached":29,"language":"ENG","playtime":995,"items_purged":["Doubt"],"score":329,"play_id":"7e34a685-f333-458e-b252-c3fa496405c3","local_time":"20210124204145","is_ascension_mode":true,"campfire_choices":[{"floor":8.0,"key":"REST"},{"floor":10.0,"key":"REST"},{"floor":15,"key":"REST"},{"floor":23,"key":"REST"}],"circlet_count":0,"master_deck":["Strike_G","Strike_G","Strike_G","Strike_G","Strike_G","Defend_G","Defend_G","Defend_G","Defend_G","Defend_G","Survivor","Neutralize","PiercingWail","Eviscerate","Endless Agony","Underhanded Strike","PiercingWail","Dagger Throw","After Image","Dagger Spray","Acrobatics"],"relics":["Ring of the Snake","Art of War","Juzu Bracelet","Lantern","StoneCalendar","Blood Vial","Sozu","PreservedInsect","Anchor","MawBank"],"acts_visited":["TheCity"],"potions_floor_usage":[24],"damage_taken":[{"damage":0.0,"enemies":"2 Louse","floor":1.0,"turns":3.0},{"damage":4.0,"enemies":"Jaw Worm","floor":2.0,"turns":5.0},{"damage":0.0,"enemies":"Small Slimes","floor":3.0,"turns":3.0},{"damage":29.0,"enemies":"Gremlin Nob","floor":6.0,"turns":5.0},{"damage":55,"enemies":"Lagavulin","floor":11,"turns":7},{"damage":0,"enemies":"3 Louse","floor":13,"turns":4},{"damage":15,"enemies":"Slime Boss","floor":16,"turns":7},{"damage":12,"enemies":"Spheric Guardian","floor":18,"turns":4},{"damage":0,"enemies":"Chosen","floor":19,"turns":5},{"damage":41,"enemies":"Snake Plant","floor":21,"turns":7},{"damage":25,"enemies":"Snecko","floor":24,"turns":6},{"damage":3,"enemies":"Slavers","floor":27,"turns":5},{"damage":12,"enemies":"Centurion and Healer","floor":28,"turns":6},{"damage":12,"enemies":"Snake Plant","floor":29,"turns":4}],"seed_played":"-315837184821518947","potions_obtained":[{"floor":1.0,"key":"CunningPotion"},{"floor":2.0,"key":"EssenceOfSteel"},{"floor":3.0,"key":"PowerPotion"},{"floor":16,"key":"Energy Potion"}],"is_trial":false,"path_per_floor":["M","M","M","?","?","E","?","R","T","R","E","?","M","$","R","B",null,"M","M","$","M","?","R","M","?","T","E","M","M"],"character_chosen":"THE_SILENT","items_purchased":["Blood Vial","Dagger Throw","PreservedInsect"],"campfire_rested":4,"item_purchase_floors":[14,14,20],"current_hp_per_floor":[70,66,66,24,43,14,14,37,37,60,5,5,5,5,28,15,62,52,54,54,15,15,38,15,15,15,14,4,0,0],"gold":176,"neow_bonus":"TEN_PERCENT_HP_BONUS","is_daily":false,"chose_seed":false,"campfire_upgraded":0,"win_rate":0.0,"timestamp":1611510105,"path_taken":["M","M","M","?","?","E","?","R","T","R","E","?","M","$","R","BOSS","M","M","$","M","?","R","M","?","T","E","M","M"],"items_purchased_type":["Relic","Card","Relic"],"build_version":"2020-12-22","purchased_purges":1,"victory":false,"max_hp_per_floor":[77,77,77,77,77,77,77,77,77,77,77,77,77,77,77,77,77,77,77,77,77,77,77,77,77,77,77,77,77,77],"card_choices":[{"not_picked":["Deadly Poison","Catalyst"],"picked":"PiercingWail","floor":1.0},{"not_picked":["Infinite Blades","Dodge and Roll"],"picked":"Eviscerate","floor":2.0},{"not_picked":["Blur","Bane"],"picked":"Endless Agony","floor":3.0},{"not_picked":["Well Laid Plans","Dagger Throw"],"picked":"Underhanded Strike","floor":6.0},{"not_picked":["Doppelganger","Tactician"],"picked":"PiercingWail","floor":11},{"not_picked":["Poisoned Stab","Deadly Poison","Acrobatics"],"picked":"SKIP","floor":13},{"not_picked":["Grand Finale","Burst"],"picked":"After Image","floor":16},{"not_picked":["Deflect","Cloak And Dagger","Underhanded Strike"],"picked":"SKIP","floor":18},{"not_picked":["Prepared","Dodge and Roll"],"picked":"Dagger Spray","floor":19},{"not_picked":["PiercingWail","Flying Knee","Acrobatics"],"picked":"SKIP","floor":21},{"not_picked":["Dagger Throw","Riddle With Holes+1"],"picked":"Acrobatics","floor":24},{"not_picked":["Accuracy","Flechettes+1","Infinite Blades"],"picked":"SKIP","floor":27},{"not_picked":["Concentrate","Bane","Poisoned Stab"],"picked":"SKIP","floor":28}],"player_experience":266225,"relics_obtained":[{"floor":6.0,"key":"Juzu Bracelet"},{"floor":9.0,"key":"Lantern"},{"floor":11,"key":"StoneCalendar"},{"floor":26,"key":"Anchor"},{"floor":27,"key":"MawBank"}],"event_choices":[{"damage_healed":0.0,"max_hp_gain":0.0,"max_hp_loss":0.0,"gold_gain":0.0,"event_name":"Scrap Ooze","player_choice":"Success","floor":4.0,"gold_loss":0.0,"damage_taken":42.0,"relics_obtained":["Art of War"]},{"damage_healed":19.0,"max_hp_gain":0.0,"max_hp_loss":0.0,"gold_gain":0.0,"event_name":"The Cleric","player_choice":"Healed","floor":5.0,"gold_loss":35.0,"damage_taken":0.0},{"damage_healed":0.0,"max_hp_gain":0.0,"max_hp_loss":0.0,"gold_gain":175.0,"event_name":"Liars Game","player_choice":"AGREE","floor":7.0,"gold_loss":0.0,"damage_taken":0.0,"cards_obtained":["Doubt"]},{"damage_healed":0,"gold_gain":30,"player_choice":"Searched \u00271\u0027 times","damage_taken":0,"max_hp_gain":0,"max_hp_loss":0,"event_name":"Dead Adventurer","floor":12,"gold_loss":0},{"damage_healed":0,"gold_gain":0,"player_choice":"Smashed Altar","damage_taken":0,"max_hp_gain":0,"max_hp_loss":0,"event_name":"Forgotten Altar","floor":22,"gold_loss":0,"cards_obtained":["Decay"]},{"cards_removed":["Decay"],"damage_healed":0,"gold_gain":0,"player_choice":"Gave Gold","damage_taken":0,"max_hp_gain":0,"max_hp_loss":0,"event_name":"Beggar","floor":25,"gold_loss":75}],"is_beta":false,"boss_relics":[{"not_picked":["Philosopher\u0027s Stone","SacredBark"],"picked":"Sozu"}],"items_purged_floors":[14],"is_endless":false,"potions_floor_spawned":[1,2,3,16,27],"killed_by":"Snake Plant","ascension_level":6}}