{"host":"yqm","time":1611476573,"event":{"mods":["ATMod(°¢èªMod)","BaseMod","Challenge The Spire","Colored Map","Colored Powertips","DeckTracker","Good Game Mod","Minty Spire (QoL Compilation)","MostiFishMod","Quick Restart","Relic Filter","Relic Stats","Remove Card Discount Mod","StSLib","noobMod","óô»ðÖ¸ÄÏ"],"gold_per_floor":[119,119,139,139,154,188,7,36,62,88,101,135,185,198,198,274,274,293,307,222,235,70,70,103,103,128,158,158,184,184,184,184,262,262,278,117,127,0,0,27,27,59,59,84,98,98,115,115,115,115,115,115,115,37,63,63],"floor_reached":57,"language":"ZHS","playtime":4446,"items_purged":["Regret","Strike_R","Strike_R","Strike_R","Strike_R","Defend_R","Defend_R","Defend_R","Defend_R","Flex","Body Slam"],"score":3748,"play_id":"648b6478-d607-4e5e-9861-2aede8aa76b8","local_time":"20210124162253","is_ascension_mode":true,"campfire_choices":[{"data":"AT_ManFootWork","floor":15.0,"key":"SMITH"},{"data":"MostiFishMod:HellRitual","floor":23.0,"key":"SMITH"},{"data":"Entrench","floor":25.0,"key":"SMITH"},{"data":"AT_KingSlayer","floor":32,"key":"SMITH"},{"data":"Pommel Strike","floor":46,"key":"SMITH"},{"floor":49,"key":"RECALL"},{"data":"AT_BodySlamDance","floor":53,"key":"SMITH"}],"circlet_count":0,"master_deck":["AscendersBane","Bash","AT_KingSlayer+1","AT_ManFootWork+1","Shrug It Off+1","Pommel Strike+1","MostiFishMod:NewArrival+1","MostiFishMod:HellRitual+1","Entrench+1","AT_BodySlamDance+1","Impervious+1","AT_Dispersion+1","MostiFishMod:RacingGame+1","AT_ShrugMaster"],"relics":["Burning Blood","REME:ComplimentaryCards","ice","DaveBox","AT_ATBox","BionicSphere","NeowsBlessing","SynthV:TestCard","DianPoetry","Regal Pillow","Potion Belt","Mercury Hourglass","Calipers","Bottled Flame","JellyFishMachine","BrkXgEgg","Shuriken","Omamori","AT_BladeRuinedKing","MealTicket","Letter Opener","RhineCircuit","Dodecahedron","Red Mask","Bottled Tornado","AT_ChloranthyRing","PreservedInsect","Nunchaku","AT_ForceNature","War Paint"],"acts_visited":["Exordium","TheCity","TheBeyond","TheEnding"],"potions_floor_usage":[44],"damage_taken":[{"damage":0.0,"enemies":"Cultist","floor":1.0,"turns":1.0},{"damage":0.0,"enemies":"2 Louse","floor":3.0,"turns":2.0},{"damage":0.0,"enemies":"Jaw Worm","floor":5.0,"turns":1.0},{"damage":6.0,"enemies":"Lagavulin","floor":6.0,"turns":7.0},{"damage":0.0,"enemies":"3 Sentries","floor":8.0,"turns":8.0},{"damage":13.0,"enemies":"Gremlin Nob","floor":10.0,"turns":4.0},{"damage":0.0,"enemies":"2 Fungi Beasts","floor":11.0,"turns":3.0},{"damage":4.0,"enemies":"Lagavulin","floor":12.0,"turns":4.0},{"damage":0.0,"enemies":"3 Louse","floor":14.0,"turns":2.0},{"damage":33.0,"enemies":"Slime Boss","floor":16.0,"turns":8.0},{"damage":0.0,"enemies":"Chosen","floor":18.0,"turns":2.0},{"damage":0.0,"enemies":"Spheric Guardian","floor":19.0,"turns":2.0},{"damage":0.0,"enemies":"Centurion and Healer","floor":21.0,"turns":2.0},{"damage":0.0,"enemies":"Slavers","floor":24.0,"turns":2.0},{"damage":0.0,"enemies":"Gremlin Leader","floor":27.0,"turns":1.0},{"damage":2.0,"enemies":"Slavers","floor":29.0,"turns":3.0},{"damage":0,"enemies":"Champ","floor":33,"turns":2},{"damage":0,"enemies":"3 Shapes","floor":35,"turns":2},{"damage":0,"enemies":"3 Darklings","floor":37,"turns":2},{"damage":0,"enemies":"Nemesis","floor":40,"turns":3},{"damage":0,"enemies":"Giant Head","floor":42,"turns":1},{"damage":0,"enemies":"Reptomancer","floor":44,"turns":1},{"damage":0,"enemies":"Transient","floor":45,"turns":1},{"damage":0,"enemies":"Sphere and 2 Shapes","floor":47,"turns":1},{"damage":0,"enemies":"Time Eater","floor":50,"turns":1},{"damage":0,"enemies":"Awakened One","floor":51,"turns":3},{"damage":0,"enemies":"Shield and Spear","floor":55,"turns":3},{"damage":0,"enemies":"The Heart","floor":56,"turns":5}],"seed_played":"6780644272491524088","potions_obtained":[{"floor":5.0,"key":"ColorlessPotion"},{"floor":6.0,"key":"Weak Potion"},{"floor":8.0,"key":"SteroidPotion"},{"floor":12.0,"key":"DuplicationPotion"},{"floor":27.0,"key":"Explosive Potion"},{"floor":37,"key":"AttackPotion"},{"floor":44,"key":"Fruit Juice"},{"floor":47,"key":"EssenceOfSteel"}],"is_trial":false,"path_per_floor":["M","?","M","?","M","E","R","E","T","E","M","E","?","M","R","B",null,"M","M","$","M","$","R","E","R","T","E","?","E","?","?","R","B",null,"M","$","M","?","T","E","$","E","T","E","M","R","M","$","R","B","B",null,"R","$","E","B",null],"character_chosen":"IRONCLAD","items_purchased":["Potion Belt","Entrench","BrkXgEgg","Dodecahedron","AT_ShrugMaster"],"campfire_rested":0,"item_purchase_floors":[7,20,22,36,54],"current_hp_per_floor":[74,74,75,75,75,75,75,75,75,68,74,75,75,75,75,48,68,74,75,75,75,75,75,75,75,75,75,75,75,75,75,75,75,75,75,75,75,75,75,75,75,75,75,80,80,80,80,80,80,80,80,80,80,80,80,80],"gold":63,"neow_bonus":"THREE_ENEMY_KILL","is_daily":false,"chose_seed":false,"campfire_upgraded":6,"win_rate":0.0,"timestamp":1611476573,"path_taken":["M","?","?","?","M","E","R","E","T","E","M","E","?","M","R","BOSS","M","M","$","M","$","R","E","R","T","E","?","E","?","?","R","BOSS","M","$","M","?","?","E","$","E","T","E","M","R","M","?","R","BOSS","BOSS","R","$","E","BOSS"],"items_purchased_type":["Relic","Card","Relic","Relic","Card"],"build_version":"2020-12-18","purchased_purges":11,"victory":true,"max_hp_per_floor":[75,75,75,75,75,75,75,75,75,75,75,75,75,75,75,75,75,75,75,75,75,75,75,75,75,75,75,75,75,75,75,75,75,75,75,75,75,75,75,75,75,75,75,80,80,80,80,80,80,80,80,80,80,80,80,80],"relic_stats":{"Regal Pillow":0,"Nunchaku":[4],"counters":[28,77],"Shuriken":[17],"MealTicket":0,"PreservedInsect":138,"Letter Opener":[136],"War Paint":["Shrug It Off","MostiFishMod:NewArrival"],"obtain_stats":[{"Regal Pillow":6,"AT_ATBox":0,"Calipers":10,"DaveBox":0,"DianPoetry":4,"ice":0,"Bottled Tornado":39,"Burning Blood":0,"Nunchaku":43,"MealTicket":28,"Red Mask":38,"Potion Belt":7,"AT_ChloranthyRing":40,"AT_ForceNature":44,"NeowsBlessing":0,"Dodecahedron":36,"JellyFishMachine":17,"BrkXgEgg":22,"AT_BladeRuinedKing":27,"PreservedInsect":42,"Omamori":26,"Letter Opener":29,"War Paint":55,"Mercury Hourglass":8,"RhineCircuit":34,"REME:ComplimentaryCards":0,"Bottled Flame":12,"SynthV:TestCard":1,"Shuriken":24,"BionicSphere":0},{"Regal Pillow":4,"AT_ATBox":0,"Calipers":6,"DaveBox":0,"DianPoetry":2,"ice":0,"Bottled Tornado":19,"Burning Blood":0,"Nunchaku":21,"MealTicket":15,"Red Mask":19,"Potion Belt":4,"AT_ChloranthyRing":20,"AT_ForceNature":22,"NeowsBlessing":0,"Dodecahedron":18,"JellyFishMachine":10,"BrkXgEgg":13,"AT_BladeRuinedKing":15,"PreservedInsect":21,"Omamori":14,"Letter Opener":16,"War Paint":27,"Mercury Hourglass":5,"RhineCircuit":17,"REME:ComplimentaryCards":0,"Bottled Flame":8,"SynthV:TestCard":1,"Shuriken":14,"BionicSphere":0},{"Regal Pillow":11,"AT_ATBox":0,"Calipers":23,"DaveBox":0,"DianPoetry":3,"ice":0,"Bottled Tornado":58,"Burning Blood":0,"Nunchaku":62,"MealTicket":49,"Red Mask":58,"Potion Belt":11,"AT_ChloranthyRing":61,"AT_ForceNature":63,"NeowsBlessing":0,"Dodecahedron":56,"JellyFishMachine":40,"BrkXgEgg":46,"AT_BladeRuinedKing":49,"PreservedInsect":62,"Omamori":48,"Letter Opener":52,"War Paint":72,"Mercury Hourglass":19,"RhineCircuit":54,"REME:ComplimentaryCards":0,"Bottled Flame":30,"SynthV:TestCard":1,"Shuriken":48,"BionicSphere":0}],"Burning Blood":45,"Mercury Hourglass":[260]},"card_choices":[{"not_picked":["Clash","Headbutt"],"picked":"Flex","floor":1.0},{"not_picked":["Sentinel","Anger","Twin Strike","Dual Wield"],"picked":"Shrug It Off","floor":3.0},{"not_picked":["AT_IchimonjiDouble","Second Wind","Sword Boomerang","Headbutt"],"picked":"Pommel Strike","floor":5.0},{"not_picked":["Armaments","Headbutt","Thunderclap","Hemokinesis","Fiend Fire"],"picked":"SKIP","floor":6.0},{"not_picked":["Uppercut","Headbutt","Armaments","Infernal Blade","Clash"],"picked":"SKIP","floor":8.0},{"not_picked":["Burning Pact","Heavy Blade","MostiFishMod:BrandingRite","Battle Trance"],"picked":"MostiFishMod:NewArrival","floor":10.0},{"not_picked":["True Grit","Shockwave","Dark Embrace","Second Wind","Feel No Pain"],"picked":"SKIP","floor":11.0},{"not_picked":["Armaments","True Grit","Flex","MostiFishMod:BrandingRite","Heavy Blade"],"picked":"SKIP","floor":12.0},{"not_picked":["Combust","MostiFishMod:ChineseTea","Clothesline","AT_IchimonjiDouble","Pommel Strike"],"picked":"SKIP","floor":14.0},{"not_picked":["MostiFishMod:FireWorks","MostiFishMod:TemporaryOutbreak","Juggernaut","Immolate"],"picked":"MostiFishMod:HellRitual","floor":16.0},{"not_picked":["Seeing Red","Thunderclap","Clash","Dropkick+1"],"picked":"Body Slam","floor":18.0},{"not_picked":["Sword Boomerang","Warcry","Cleave","MostiFishMod:BrandingRite","Metallicize"],"picked":"SKIP","floor":19.0},{"not_picked":["Pommel Strike","AT_GerminateFire","Warcry","Sentinel"],"picked":"AT_BodySlamDance","floor":21.0},{"not_picked":["Thunderclap","Sentinel+1","Fire Breathing","Rage","Cleave"],"picked":"SKIP","floor":24.0},{"not_picked":["Thunderclap","Cleave","Warcry","Whirlwind+1"],"picked":"Impervious+1","floor":27.0},{"not_picked":["AT_GerminateFire","Shrug It Off","True Grit","Rampage+1","Inflame"],"picked":"SKIP","floor":29.0},{"not_picked":["AT_GerminateFire","Shrug It Off","True Grit","Rampage+1","Inflame"],"picked":"SKIP","floor":29.0},{"not_picked":["MostiFishMod:DarkDeal+1","Bludgeon+1","Immolate+1","MostiFishMod:FlyOverUtopia+1"],"picked":"AT_Dispersion+1","floor":33},{"not_picked":["Searing Blow+1","Thunderclap+1","True Grit+1","Sword Boomerang","Ghostly Armor"],"picked":"SKIP","floor":35},{"not_picked":["Clothesline","Warcry","Sever Soul","Hemokinesis","True Grit"],"picked":"SKIP","floor":37},{"not_picked":["Reckless Charge+1","Battle Trance+1","Dark Embrace","AT_IchimonjiDouble"],"picked":"MostiFishMod:RacingGame+1","floor":40},{"not_picked":["Armaments","Evolve","Pommel Strike+1","Twin Strike+1","Clothesline+1"],"picked":"SKIP","floor":42},{"not_picked":["Pummel","Warcry+1","Anger+1","Sword Boomerang","Feed+1"],"picked":"SKIP","floor":44},{"not_picked":["Headbutt","Wild Strike","Feel No Pain+1","Anger","Thunderclap"],"picked":"SKIP","floor":45},{"not_picked":["Iron Wave+1","Havoc","AT_IchimonjiDouble","Ghostly Armor","Clothesline+1"],"picked":"SKIP","floor":47},{"not_picked":["Anger","AT_IchimonjiDouble","Shrug It Off","Pommel Strike","Seeing Red"],"picked":"SKIP","floor":55}],"player_experience":842901,"relics_obtained":[{"floor":1.0,"key":"SynthV:TestCard"},{"floor":6.0,"key":"Regal Pillow"},{"floor":8.0,"key":"Mercury Hourglass"},{"floor":10.0,"key":"Calipers"},{"floor":12.0,"key":"Bottled Flame"},{"floor":24.0,"key":"Shuriken"},{"floor":26.0,"key":"Omamori"},{"floor":27.0,"key":"AT_BladeRuinedKing"},{"floor":29.0,"key":"Letter Opener"},{"floor":39,"key":"Bottled Tornado"},{"floor":40,"key":"AT_ChloranthyRing"},{"floor":42,"key":"PreservedInsect"},{"floor":43,"key":"Nunchaku"},{"floor":44,"key":"AT_ForceNature"},{"floor":55,"key":"War Paint"}],"event_choices":[{"damage_healed":0.0,"max_hp_gain":0.0,"max_hp_loss":0.0,"gold_gain":0.0,"cards_transformed":["Strike_R"],"event_name":"Transmorgrifier","player_choice":"Transformed","floor":2.0,"gold_loss":0.0,"damage_taken":0.0,"cards_obtained":["AT_ManFootWork"]},{"damage_healed":0.0,"max_hp_gain":0.0,"max_hp_loss":0.0,"gold_gain":0.0,"event_name":"Big Fish","player_choice":"Box","floor":4.0,"gold_loss":0.0,"damage_taken":0.0,"relics_obtained":["DianPoetry"],"cards_obtained":["Regret"]},{"damage_healed":0.0,"max_hp_gain":0.0,"max_hp_loss":0.0,"gold_gain":50.0,"event_name":"Golden Shrine","player_choice":"Pray","floor":13.0,"gold_loss":0.0,"damage_taken":0.0},{"damage_healed":0.0,"max_hp_gain":0.0,"max_hp_loss":0.0,"gold_gain":0.0,"event_name":"The Mausoleum","player_choice":"Opened","floor":28.0,"gold_loss":0.0,"damage_taken":0.0,"relics_obtained":["MealTicket"],"cards_obtained":["Writhe"]},{"damage_healed":15,"gold_gain":0,"player_choice":"Heal","damage_taken":0,"max_hp_gain":0,"max_hp_loss":0,"event_name":"The Library","floor":30,"gold_loss":0},{"damage_healed":0,"gold_gain":0,"player_choice":"Simplicity","damage_taken":0,"max_hp_gain":0,"max_hp_loss":0,"event_name":"Back to Basics","floor":31,"gold_loss":0,"cards_upgraded":[]},{"damage_healed":0,"gold_gain":0,"player_choice":"Paid","damage_taken":0,"relics_obtained":["Red Mask"],"max_hp_gain":0,"max_hp_loss":0,"event_name":"Tomb of Lord Red Mask","floor":38,"gold_loss":127}],"is_beta":true,"boss_relics":[{"not_picked":["EE1DDrone","MostiFishMod:Hod"],"picked":"JellyFishMachine"},{"not_picked":["Transparent","HereWithMe"],"picked":"RhineCircuit"}],"items_purged_floors":[7,7,7,7,7,7,7,7,7,20,22],"is_endless":false,"potions_floor_spawned":[5,6,8,12,14,19,24,27,37,44,47,55],"ascension_level":20}}