{"host":"2l3i55whvwk76mom","time":1611464182,"event":{"mods":["BaseMod","Googly Eyes","Hermit","Hubris","Minty Spire (QoL Compilation)","Replay The Spire","StSLib","The Cursed","The Disciple","The Hierophant","The Jungle","The Necromancer"],"gold_per_floor":[116,291,291,302,318,318,352,352,352,352,352,386,402,47,47,78,78,175,175,188,188,208,223,254,254,254],"floor_reached":25,"language":"ENG","playtime":1179,"items_purged":["Doubt"],"score":293,"play_id":"5884caf1-7a68-4f28-911c-94db6979560b","local_time":"20210123205622","is_ascension_mode":true,"campfire_choices":[{"data":"Crippling Poison","floor":6.0,"key":"SMITH"},{"data":"Deadly Poison","floor":8.0,"key":"SMITH"},{"floor":15.0,"key":"REST"},{"data":"Poisoned Strike","floor":17.0,"key":"SMITH"}],"circlet_count":0,"master_deck":["Strike_G","Strike_G","Strike_G","Strike_G","Strike_G","Defend_G","Defend_G","Defend_G","Defend_G","Defend_G","Survivor","Neutralize","Deadly Poison+1","Crippling Poison+1","Backflip","Bane","Predator","Tactician","Blade Dance","Noxious Fumes","Crippling Poison","Poisoned Strike+1","Bane","Burst","Dodge and Roll","Necronomicurse","Catalyst+1","Noxious Fumes","Envenom"],"relics":["Ring of the Snake","hubris:DeckOfHolding","Juzu Bracelet","FossilizedHelix","Blue Candle","Replay:Grab Bag","Cursed Key","Replay:Bronze Core","Snecko Eye","Necronomicon","Red Mask"],"acts_visited":["Exordium","TheCity"],"potions_floor_usage":[25,25],"damage_taken":[{"damage":0.0,"enemies":"2 Louse","floor":1.0,"turns":2.0},{"damage":9.0,"enemies":"Jaw Worm","floor":4.0,"turns":4.0},{"damage":1.0,"enemies":"Small Slimes","floor":5.0,"turns":3.0},{"damage":3.0,"enemies":"Replay:BlueRogue","floor":7.0,"turns":5.0},{"damage":10.0,"enemies":"Lagavulin","floor":12.0,"turns":5.0},{"damage":9.0,"enemies":"Red Slaver","floor":13.0,"turns":3.0},{"damage":0.0,"enemies":"Replay:BlueRogue","floor":16.0,"turns":4.0},{"damage":24.0,"enemies":"Slime Boss","floor":18.0,"turns":10.0},{"damage":9.0,"enemies":"Shell Parasite","floor":20.0,"turns":5.0},{"damage":9.0,"enemies":"2 Thieves","floor":22.0,"turns":3.0},{"damage":17.0,"enemies":"Snake Plant","floor":23.0,"turns":3.0},{"damage":6.0,"enemies":"Masked Bandits","floor":24.0,"turns":3.0},{"damage":19,"enemies":"Slavers","floor":25,"turns":2}],"seed_played":"-490731558489657887","potions_obtained":[{"floor":13.0,"key":"Explosive Potion"},{"floor":16.0,"key":"SneckoOil"},{"floor":18.0,"key":"Explosive Potion"},{"floor":23.0,"key":"Weak Potion"},{"floor":24.0,"key":"LiquidMemories"}],"is_trial":false,"path_per_floor":["M","?","T","M","M","R","E","R","PTL","PTL","T","E","M","$","R","E","R","B",null,"M","?","M","M","?","E"],"character_chosen":"THE_SILENT","items_purchased":["Noxious Fumes","Crippling Poison","Poisoned Strike"],"campfire_rested":1,"item_purchase_floors":[14,14,14],"current_hp_per_floor":[70,70,70,61,60,60,57,57,57,57,57,47,38,38,59,59,59,35,70,61,45,36,19,13,0,0],"gold":254,"neow_bonus":"RANDOM_EVENT","is_daily":false,"chose_seed":false,"campfire_upgraded":3,"win_rate":0.0,"timestamp":1611464182,"path_taken":["M","?","?","M","M","R","E","R","PTL","PTL","T","E","M","$","R","E","R","BOSS","M","?","M","M","?","E"],"items_purchased_type":["Card","Card","Card"],"build_version":"2020-12-22","purchased_purges":1,"victory":false,"max_hp_per_floor":[70,70,70,70,70,70,70,70,70,70,70,70,70,70,70,70,70,70,70,70,70,70,70,70,70,70],"card_choices":[{"not_picked":["Backflip","Riddle With Holes"],"picked":"Crippling Poison","floor":1.0},{"not_picked":["Concentrate","Dagger Spray"],"picked":"Backflip","floor":4.0},{"not_picked":["Dagger Throw","hubris:SlightOfHand"],"picked":"Bane","floor":5.0},{"not_picked":["Fluid Movement","Slice"],"picked":"Predator","floor":7.0},{"not_picked":["Flechettes","Backstab"],"picked":"Tactician","floor":12.0},{"not_picked":["Outmaneuver","Sneak Up"],"picked":"Blade Dance","floor":13.0},{"not_picked":["Concentrate","Endless Agony"],"picked":"Bane","floor":16.0},{"not_picked":["Tools of the Trade","Venomology"],"picked":"Burst","floor":18.0},{"not_picked":["Hidden Blade+1","Deflect+1"],"picked":"Dodge and Roll","floor":20.0},{"not_picked":["Terror","Bane"],"picked":"Catalyst+1","floor":22.0},{"not_picked":["Heel Hook","Underhanded Strike"],"picked":"Noxious Fumes","floor":23.0},{"not_picked":["Calculated Gamble","hubris:SlightOfHand+1"],"picked":"Envenom","floor":24.0}],"player_experience":316732,"relics_obtained":[{"floor":3.0,"key":"hubris:DeckOfHolding"},{"floor":7.0,"key":"Juzu Bracelet"},{"floor":12.0,"key":"FossilizedHelix"},{"floor":16.0,"key":"Blue Candle"},{"floor":21.0,"key":"Necronomicon"},{"floor":24.0,"key":"Red Mask"}],"event_choices":[{"damage_healed":0.0,"max_hp_gain":0.0,"max_hp_loss":0.0,"gold_gain":175.0,"event_name":"Liars Game","player_choice":"AGREE","floor":2.0,"gold_loss":0.0,"damage_taken":0.0,"cards_obtained":["Doubt"]},{"damage_healed":0.0,"max_hp_gain":0.0,"max_hp_loss":0.0,"gold_gain":0.0,"event_name":"Cursed Tome","player_choice":"Obtained Book","floor":21.0,"gold_loss":0.0,"damage_taken":16.0},{"damage_healed":0.0,"max_hp_gain":0.0,"max_hp_loss":0.0,"gold_gain":0.0,"event_name":"Masked Bandits","player_choice":"Fought Bandits","floor":24.0,"gold_loss":0.0,"damage_taken":0.0}],"is_beta":false,"boss_relics":[{"not_picked":["SlaversCollar","Philosopher\u0027s Stone"],"picked":"Replay:Grab Bag"},{"not_picked":["ReplayTheSpireMod:Onyx Gauntlets","Runic Dome"],"picked":"Cursed Key"},{"not_picked":["Busted Crown","Coffee Dripper"],"picked":"Replay:Bronze Core"},{"not_picked":["Snecko Scales","Astrolabe"],"picked":"Snecko Eye"}],"items_purged_floors":[14],"is_endless":false,"potions_floor_spawned":[13,16,18,23,24],"killed_by":"Slavers","ascension_level":4}}