{"host":"d9tpyi6mde8z2n96","time":1611531815,"event":{"mods":["100% Spire Juice","2.2 Compatiblity","A Penny For Your Troubles","AchievementEnabler","Act Like it!","AlwaysNeverKeys","Aspiration","BaseMod","Beaked The Cultist","Better Altar","Better Note","CapriCore","Challenge The Spire","Colored Map","Colored Powertips","Conspire","Dark Map","Defuse TimeMaze Blight","Dota2Spire","Elementarium","Energized Spire","Fox Events","Friendly Minions","Gensokyo","GifTheSpireLib","Gold Saver","Halation","Hermit","HololiveMod","Hubris","Hyrulean Relics","Infinite Spire","Jess\u0027s Bottle","Jorbs\u0027s Wanderer Trilogy","Marisa????????","Melee Mod","Minty Spire (QoL Compilation)","MostiFishMod","Pale of the Ancients","Permanent Neow","Potionbrewer","Quick Restart","Railgun Mod","Reliquary","Replay The Spire","Robot Space Explorer","RumiaBox-????????","Shop Mod","Spikes Relics","StS++","StSLib","SuperFastMode","TestMod","The Alterego","The Animator","The Blue Laboratory","The Death Knight","The Fake Hero","The Marked","The Servant 0.9.4","The Spell Scribe","Trackpad","Transform Curses","Uncapped","Virulent Crown","Waifu the Spire","Wandering Minibosses","WarShipGirlsR/????R mod","Wide Potions","Yakumo Yukari mod"],"gold_per_floor":[588,588,588,588,548,548,573,593,593,607,607,558,558,588,588,692,692,712,725,1355,831,856,856],"floor_reached":22,"language":"ENG","playtime":2110,"items_purged":[],"score":190,"play_id":"c2e7c1f6-6f64-43f0-93ed-cc7626603019","local_time":"20210124184335","daily_mods":["DeadlyEvents"],"is_ascension_mode":false,"campfire_choices":[{"data":"StSpp:Jab","floor":6,"key":"SMITH"},{"data":"Feel No Pain","floor":11,"key":"SMITH"},{"data":"conspire:Charge","floor":15,"key":"SMITH"}],"circlet_count":0,"master_deck":["Strike_R","Strike_R","Strike_R","Strike_R","Strike_R","Defend_R","Defend_R","Defend_R","Defend_R","Bash","True Grit+1","Self Repair+1","conspire:Charge+1","StSpp:Jab+1","Clash","Heavy Blade","ReplayTheSpireMod:Strike From Hell+1","MostiFishMod:UltimateDefense","Feel No Pain+1","True Grit+1","ReplayTheSpireMod:Strike From Hell","StSpp:Succumb","Corruption","MostiFishMod:#F4004+1","Pommel Strike+1","Self Repair+1","Metallicize","Exhume"],"relics":["testmod-TestBox","DaveBox","testmod-Brilliant","HereWithMe","SynthV:TestCard","Iron Core","Dota2Spire:ArcaneBoots","Dota2Spire:ArmletOfMordiggian","War Paint","StSpp:BrokenTotem","EasyGame_NEW","Replay:Bandana","DollysMirror"],"acts_visited":["Exordium","TheCity"],"potions_floor_usage":[7,16],"damage_taken":[{"damage":0,"enemies":"Small Slimes","floor":1,"turns":1},{"damage":13,"enemies":"Lagavulin","floor":7,"turns":4},{"damage":0,"enemies":"2 Louse","floor":8,"turns":1},{"damage":0,"enemies":"Cultist","floor":10,"turns":1},{"damage":14,"enemies":"Gremlin Nob","floor":14,"turns":3},{"damage":67,"enemies":"The Guardian","floor":16,"turns":10},{"damage":5,"enemies":"Chosen","floor":18,"turns":4},{"damage":0,"enemies":"2 Thieves","floor":19,"turns":1},{"damage":12,"enemies":"Book of Stabbing","floor":22,"turns":2}],"seed_played":"-826095871277513281","potions_obtained":[{"floor":5,"key":"blueLaboratory:ArtificerPotion"},{"floor":5,"key":"Weak Potion"},{"floor":5,"key":"conspire:TimeTravelPotion"},{"floor":8,"key":"potionbrewer:BoundlessPotion"},{"floor":16,"key":"PowerPotion"}],"is_trial":true,"path_per_floor":["M","?","?","?","?","R","E","M","T","M","R","$","T","E","R","B",null,"M","M","?","$","E"],"character_chosen":"IRONCLAD","items_purchased":["ReplayTheSpireMod:Strike From Hell","Replay:Bandana","DollysMirror","Metallicize","Exhume"],"campfire_rested":0,"item_purchase_floors":[12,21,21,21,21],"current_hp_per_floor":[80,80,80,80,80,80,77,77,77,77,77,77,77,73,73,15,80,80,80,11,11,0,0],"gold":856,"neow_bonus":"","is_daily":false,"chose_seed":false,"campfire_upgraded":3,"win_rate":0.0,"timestamp":1611531815,"path_taken":["M","?","?","?","?","R","?","M","T","M","R","$","?","E","R","BOSS","M","M","?","?","?"],"items_purchased_type":["Card","Relic","Relic","Card","Card"],"build_version":"2020-12-22","purchased_purges":0,"victory":false,"max_hp_per_floor":[80,80,80,80,80,80,80,80,80,80,80,80,80,80,80,80,80,80,80,80,80,80,80],"card_choices":[{"not_picked":["Thunderclap","Battle Trance"],"picked":"True Grit","floor":1},{"not_picked":["Exhume","Headbutt","Cold Snap","Replay:Undeath\u0027s Touch"],"picked":"MostiFishMod:UltimateDefense","floor":7},{"not_picked":["Rupture","Anger","hubris:SharpeningStone","Shockwave"],"picked":"Feel No Pain","floor":8},{"not_picked":["Flex","WeaponsOverheat","Entrench","Hologram"],"picked":"True Grit","floor":10},{"not_picked":["Reckless Charge","Dual Wield","Clash","ReplayTheSpireMod:Muscle Training"],"picked":"StSpp:Succumb","floor":14},{"not_picked":["MostiFishMod:404NotFound","Fiend Fire","MostiFishMod:ChineseTea","Firewall"],"picked":"Corruption","floor":16},{"not_picked":["Twin Strike","Carnage","Seeing Red+1","Whirlwind"],"picked":"MostiFishMod:#F4004+1","floor":18},{"not_picked":["Wild Strike","StSpp:CounterStrike","True Grit","Iron Wave+1"],"picked":"Pommel Strike+1","floor":19}],"player_experience":1117798,"relics_obtained":[{"floor":1,"key":"SynthV:TestCard"},{"floor":7,"key":"Dota2Spire:ArcaneBoots"},{"floor":9,"key":"Dota2Spire:ArmletOfMordiggian"},{"floor":13,"key":"War Paint"},{"floor":14,"key":"StSpp:BrokenTotem"}],"event_choices":[{"damage_healed":0,"gold_gain":0,"player_choice":"Grow","damage_taken":0,"max_hp_gain":0,"max_hp_loss":0,"event_name":"Living Wall","floor":4,"gold_loss":0,"cards_upgraded":["ReplayTheSpireMod:Strike From Hell"]},{"damage_healed":0,"gold_gain":0,"player_choice":"Bought 3 Potions","damage_taken":0,"max_hp_gain":0,"max_hp_loss":0,"event_name":"The Woman in Blue","floor":5,"gold_loss":0},{"damage_healed":0,"gold_gain":630,"player_choice":"GOLD GOLD GOLD GOLD GOLD GOLD GOLD ","damage_taken":69,"max_hp_gain":0,"max_hp_loss":0,"event_name":"Knowing Skull","floor":20,"potions_obtained":[],"gold_loss":0,"cards_obtained":[]}],"is_beta":false,"boss_relics":[{"not_picked":["ChewingGum","ExusiaiGun"],"picked":"EasyGame_NEW"}],"items_purged_floors":[],"is_endless":false,"potions_floor_spawned":[8,10,16,19],"killed_by":"Book of Stabbing","ascension_level":0}}