{"host":"70zhvo5nwrhp1mbg","time":1611520759,"event":{"mods":["BaseMod","Colored Map","Colored Powertips","Filter the Spire","Highlight Path","Minty Spire (QoL Compilation)","Rare Cards Sparkle","StSLib"],"gold_per_floor":[112,122,122,135,148,148,176,176,176,206,224,249,268,283,283,379,379,392,392,407,435,435,435,435],"floor_reached":23,"language":"ENG","playtime":1393,"items_purged":[],"score":288,"play_id":"f2bed7c3-ac6a-40b3-9c04-a8612892ce59","local_time":"20210124153919","is_ascension_mode":true,"campfire_choices":[{"data":"Demon Form","floor":6,"key":"SMITH"},{"floor":8,"key":"REST"},{"floor":15,"key":"REST"}],"circlet_count":0,"master_deck":["Strike_R","Strike_R","Strike_R","Strike_R","Strike_R","Defend_R","Defend_R","Defend_R","Defend_R","Bash","Demon Form+1","Uppercut","Cleave","Bash","Twin Strike","Ghostly Armor","Shrug It Off","Barricade","Perfected Strike","Heavy Blade","Searing Blow","Iron Wave","Clash","Limit Break","Heavy Blade","Headbutt","Corruption"],"relics":["Burning Blood","Potion Belt","Kunai","Du-Vu Doll","Shuriken","Snecko Eye","MutagenicStrength","Red Mask"],"acts_visited":["Exordium","TheCity"],"potions_floor_usage":[5,5,10,18,20],"damage_taken":[{"damage":0,"enemies":"Small Slimes","floor":1,"turns":3},{"damage":0,"enemies":"Cultist","floor":2,"turns":4},{"damage":2,"enemies":"2 Louse","floor":4,"turns":3},{"damage":4,"enemies":"Lots of Slimes","floor":5,"turns":5},{"damage":12,"enemies":"Lagavulin","floor":7,"turns":7},{"damage":24,"enemies":"Gremlin Nob","floor":10,"turns":5},{"damage":7,"enemies":"Large Slime","floor":11,"turns":5},{"damage":20,"enemies":"Lagavulin","floor":12,"turns":7},{"damage":10,"enemies":"3 Louse","floor":13,"turns":3},{"damage":10,"enemies":"2 Fungi Beasts","floor":14,"turns":3},{"damage":38,"enemies":"Hexaghost","floor":16,"turns":8},{"damage":30,"enemies":"3 Byrds","floor":18,"turns":6},{"damage":0,"enemies":"Spheric Guardian","floor":20,"turns":3},{"damage":0,"enemies":"Masked Bandits","floor":21,"turns":2},{"damage":55,"enemies":"Slavers","floor":23,"turns":4}],"seed_played":"-1163066011434849634","potions_obtained":[{"floor":1,"key":"Block Potion"},{"floor":2,"key":"Energy Potion"},{"floor":7,"key":"Block Potion"},{"floor":16,"key":"Block Potion"},{"floor":18,"key":"Strength Potion"}],"is_trial":false,"path_per_floor":["M","M","?","M","M","R","E","R","T","E","M","E","M","M","R","B",null,"M","?","M","?","?","E"],"character_chosen":"IRONCLAD","items_purchased":[],"campfire_rested":2,"item_purchase_floors":[],"current_hp_per_floor":[72,72,72,72,72,72,66,72,72,54,53,39,35,31,52,20,59,35,35,41,47,47,0,0],"gold":435,"neow_bonus":"THREE_RARE_CARDS","is_daily":false,"chose_seed":false,"campfire_upgraded":1,"win_rate":0.0,"timestamp":1611520759,"path_taken":["M","M","?","M","M","R","E","R","T","E","M","E","?","M","R","BOSS","M","?","M","?","?","E"],"items_purchased_type":[],"build_version":"2020-12-22","purchased_purges":0,"victory":false,"max_hp_per_floor":[72,72,72,72,72,72,72,72,72,72,72,72,72,72,72,72,72,72,72,72,72,72,72,72],"card_choices":[{"not_picked":["Corruption","Reaper"],"picked":"Demon Form","floor":0},{"not_picked":["Sentinel","Flex"],"picked":"Uppercut","floor":1},{"not_picked":["Burning Pact","Iron Wave"],"picked":"Cleave","floor":2},{"not_picked":["Uppercut","Iron Wave"],"picked":"Ghostly Armor","floor":4},{"not_picked":["True Grit","Body Slam"],"picked":"Shrug It Off","floor":5},{"not_picked":["Limit Break","Warcry"],"picked":"Barricade","floor":7},{"not_picked":["Intimidate","Second Wind"],"picked":"Perfected Strike","floor":10},{"not_picked":["Iron Wave","Sword Boomerang"],"picked":"Heavy Blade","floor":11},{"not_picked":["Dropkick","Disarm"],"picked":"Searing Blow","floor":12},{"not_picked":["Sentinel","True Grit"],"picked":"Iron Wave","floor":13},{"not_picked":["Body Slam","Sentinel"],"picked":"Clash","floor":14},{"not_picked":["Berserk","Double Tap"],"picked":"Limit Break","floor":16},{"not_picked":["Pommel Strike","Bloodletting+1"],"picked":"Heavy Blade","floor":18},{"not_picked":["Shrug It Off","Heavy Blade"],"picked":"Headbutt","floor":20},{"not_picked":["Wild Strike","Iron Wave"],"picked":"Corruption","floor":21}],"player_experience":465000,"relics_obtained":[{"floor":7,"key":"Potion Belt"},{"floor":9,"key":"Kunai"},{"floor":10,"key":"Du-Vu Doll"},{"floor":12,"key":"Shuriken"},{"floor":21,"key":"Red Mask"}],"event_choices":[{"damage_healed":0,"gold_gain":0,"player_choice":"2 cards matched","damage_taken":0,"max_hp_gain":0,"max_hp_loss":0,"event_name":"Match and Keep!","floor":3,"gold_loss":0,"cards_obtained":["Bash","Twin Strike"]},{"damage_healed":0,"gold_gain":0,"player_choice":"Inject Mutagens","damage_taken":0,"relics_obtained":["MutagenicStrength"],"max_hp_gain":0,"max_hp_loss":0,"event_name":"Drug Dealer","floor":19,"gold_loss":0},{"damage_healed":0,"gold_gain":0,"player_choice":"Fought Bandits","damage_taken":0,"max_hp_gain":0,"max_hp_loss":0,"event_name":"Masked Bandits","floor":21,"gold_loss":0},{"damage_healed":0,"gold_gain":0,"player_choice":"Leave","damage_taken":0,"max_hp_gain":0,"max_hp_loss":0,"event_name":"FaceTrader","floor":22,"gold_loss":0}],"is_beta":false,"boss_relics":[{"not_picked":["Runic Dome","Sozu"],"picked":"Snecko Eye"}],"items_purged_floors":[],"is_endless":false,"potions_floor_spawned":[1,2,7,16,18],"killed_by":"Slavers","ascension_level":7}}