{"host":"t9zjxed0utvsfjwc","time":1611494645,"event":{"mods":["2.2 Compatiblity","Aspiration","BaseMod","Better Altar","Better Match","Better Note","Better Sensory Stone","Better Skull","Better Third Choice","Block Reminder","Colored Map","Colored Powertips","Custom Start","Hermit","Highlight Path","Hubris","Infinite Spire","Minty Spire (QoL Compilation)","Quick Restart","Rare Cards Sparkle","Replay The Spire","Shade Mod","StSLib","The Cursed","The Disciple","The Marked","The Runesmith","Unceasing Turn Reminder","everything is the same but u backflip on backflip"],"gold_per_floor":[114,125,125,142,142,142,142],"floor_reached":6,"language":"ENG","playtime":137,"items_purged":[],"score":38,"play_id":"296cab2b-37c5-488b-b637-a78b830d8ea6","local_time":"20210124132405","is_ascension_mode":true,"campfire_choices":[],"circlet_count":0,"master_deck":["Strike_R","Strike_R","Strike_R","Strike_R","Strike_R","Defend_R","Defend_R","Defend_R","Defend_R","Bash","Pommel Strike","Iron Wave","Pain"],"relics":["Burning Blood","NeowsBlessing","Replay:Multitool","infinitespire:EmpoweringShard","Medical Kit","hubris:FruitBowl","WarpedTongs"],"acts_visited":["Exordium"],"potions_floor_usage":[],"damage_taken":[{"damage":0,"enemies":"Cultist","floor":1,"turns":1},{"damage":0,"enemies":"Jaw Worm","floor":2,"turns":1},{"damage":0,"enemies":"2 Louse","floor":4,"turns":1},{"damage":23,"enemies":"3 Sentries","floor":6,"turns":4}],"seed_played":"-1127315176576789071","potions_obtained":[{"floor":1,"key":"Venom Potion"}],"is_trial":false,"path_per_floor":["M","M","$","M","?","E"],"character_chosen":"IRONCLAD","items_purchased":["Replay:Multitool","infinitespire:EmpoweringShard","Medical Kit","hubris:FruitBowl"],"campfire_rested":0,"item_purchase_floors":[3,3,3,3],"current_hp_per_floor":[80,80,16,22,22,0,0],"gold":142,"neow_bonus":"THREE_ENEMY_KILL","is_daily":false,"chose_seed":false,"campfire_upgraded":0,"win_rate":0.0,"timestamp":1611494645,"path_taken":["M","M","?","?","?","E"],"items_purchased_type":["Relic","Relic","Relic","Relic"],"build_version":"2020-12-22","purchased_purges":0,"victory":false,"max_hp_per_floor":[80,80,80,80,80,80,80],"card_choices":[{"not_picked":["Blood for Blood","Burning Pact"],"picked":"Pommel Strike","floor":1},{"not_picked":["Spot Weakness","ReplayTheSpireMod:Strike From Hell","Sentinel"],"picked":"SKIP","floor":2},{"not_picked":["Run Through","Demonic Infusion"],"picked":"Iron Wave","floor":4}],"player_experience":401370,"relics_obtained":[],"event_choices":[{"damage_healed":0,"gold_gain":0,"player_choice":"Rummage","damage_taken":0,"relics_obtained":["WarpedTongs"],"max_hp_gain":0,"max_hp_loss":0,"event_name":"Accursed Blacksmith","floor":5,"gold_loss":0,"cards_obtained":["Pain"]}],"is_beta":false,"boss_relics":[],"items_purged_floors":[],"is_endless":false,"potions_floor_spawned":[1],"killed_by":"3 Sentries","ascension_level":1}}