{"host":"3jpcvpprzj9sjffh","time":1611471932,"event":{"mods":["AchievementEnabler","BaseMod","Colored Map","Minty Spire (QoL Compilation)","Rare Cards Sparkle","SuperFastMode","everything is the same but u backflip on backflip"],"gold_per_floor":[118,193,193,213,20,49,49,66,66,81,81,111,125,140,140,241,241,253,273,54,74,84,117,117,117,143,6,22,22,22,40,40,137,137,157,157,157,171,96,127,127,139,163,33,68,85,95,111,111,111,111],"floor_reached":50,"language":"KOR","playtime":2865,"items_purged":["Strike_R","True Grit","Strike_R","Bite"],"score":561,"play_id":"68fd1199-f67c-45c9-8ab8-53b04970f1f1","local_time":"20210124160532","is_ascension_mode":false,"campfire_choices":[{"data":"Berserk","floor":7.0,"key":"SMITH"},{"data":"Body Slam","floor":11.0,"key":"SMITH"},{"floor":15.0,"key":"REST"},{"floor":24.0,"key":"REST"},{"floor":32.0,"key":"RECALL"},{"floor":49.0,"key":"REST"}],"circlet_count":0,"master_deck":["Defend_R","Defend_R+1","Defend_R","Bash","Pommel Strike","Pommel Strike","Berserk+1","Body Slam+1","Ghostly Armor","Sword Boomerang","Shrug It Off","Juggernaut","Shockwave+1","True Grit+1","Fire Breathing+1","Entrench","Feel No Pain","Apotheosis+1","Infernal Blade+1","Flame Barrier+1","Intimidate","Seeing Red","Offering","Power Through","Bite","Bite","Bite","Impervious","Master of Strategy","Second Wind","Metallicize"],"relics":["Burning Blood","NeowsBlessing","Membership Card","Ginger","Du-Vu Doll","Mango","Astrolabe","Happy Flower","Bird Faced Urn","Anchor","Orrery","Black Star","InkBottle","Pen Nib","Pantograph","Champion Belt","Darkstone Periapt"],"acts_visited":["Exordium","TheCity","TheBeyond"],"potions_floor_usage":[],"damage_taken":[{"damage":0.0,"enemies":"2 Louse","floor":1.0,"turns":1.0},{"damage":0.0,"enemies":"Small Slimes","floor":4.0,"turns":1.0},{"damage":0.0,"enemies":"3 Sentries","floor":6.0,"turns":2.0},{"damage":0.0,"enemies":"Jaw Worm","floor":8.0,"turns":3.0},{"damage":20.0,"enemies":"Lots of Slimes","floor":10.0,"turns":5.0},{"damage":41.0,"enemies":"Lagavulin","floor":12.0,"turns":7.0},{"damage":5.0,"enemies":"Looter","floor":13.0,"turns":2.0},{"damage":13.0,"enemies":"Exordium Thugs","floor":14.0,"turns":6.0},{"damage":22.0,"enemies":"The Guardian","floor":16.0,"turns":14.0},{"damage":5.0,"enemies":"Chosen","floor":18.0,"turns":4.0},{"damage":7.0,"enemies":"Shell Parasite","floor":19.0,"turns":10.0},{"damage":6.0,"enemies":"Chosen and Byrds","floor":21.0,"turns":5.0},{"damage":18.0,"enemies":"3 Cultists","floor":22.0,"turns":6.0},{"damage":52.0,"enemies":"Slavers","floor":23.0,"turns":5.0},{"damage":6.0,"enemies":"Snecko","floor":28.0,"turns":6.0},{"damage":9.0,"enemies":"Snake Plant","floor":31.0,"turns":5.0},{"damage":66.0,"enemies":"Champ","floor":33.0,"turns":13.0},{"damage":3.0,"enemies":"Orb Walker","floor":35.0,"turns":4.0},{"damage":16.0,"enemies":"3 Shapes","floor":38.0,"turns":6.0},{"damage":37.0,"enemies":"Nemesis","floor":40.0,"turns":9.0},{"damage":17.0,"enemies":"Transient","floor":42.0,"turns":5.0},{"damage":51.0,"enemies":"Giant Head","floor":45.0,"turns":12.0},{"damage":0.0,"enemies":"Maw","floor":46.0,"turns":8.0},{"damage":33.0,"enemies":"Sphere and 2 Shapes","floor":47.0,"turns":6.0},{"damage":14.0,"enemies":"4 Shapes","floor":48.0,"turns":4.0},{"damage":76,"enemies":"Awakened One","floor":50,"turns":4}],"seed_played":"-8628638568953414906","potions_obtained":[{"floor":4.0,"key":"LiquidMemories"},{"floor":8.0,"key":"SpeedPotion"},{"floor":12.0,"key":"SpeedPotion"},{"floor":14.0,"key":"Fire Potion"},{"floor":18.0,"key":"Explosive Potion"},{"floor":19.0,"key":"Strength Potion"},{"floor":23.0,"key":"SneckoOil"},{"floor":31.0,"key":"ColorlessPotion"},{"floor":38.0,"key":"EssenceOfSteel"},{"floor":40.0,"key":"Regen Potion"},{"floor":42.0,"key":"ColorlessPotion"}],"is_trial":false,"path_per_floor":["M","?","?","M","$","E","R","M","T","M","R","E","M","M","R","B",null,"M","M","$","M","M","E","R","?","T","$","M","?","$","M","R","B",null,"M","?","?","M","$","E","?","M","T","$","E","M","M","M","R","B"],"character_chosen":"IRONCLAD","items_purchased":["Membership Card","Apotheosis","Happy Flower","Orrery","Pantograph"],"campfire_rested":3,"item_purchase_floors":[5,20,20,27,44],"current_hp_per_floor":[80,69,53,59,59,65,65,71,71,57,57,36,37,30,58,42,94,94,93,93,93,81,35,63,63,63,63,67,65,65,65,65,20,65,65,65,65,65,65,47,47,53,53,53,28,49,38,38,57,0,0],"gold":111,"neow_bonus":"THREE_ENEMY_KILL","is_daily":false,"chose_seed":false,"campfire_upgraded":2,"win_rate":0.0,"timestamp":1611471932,"path_taken":["M","?","?","M","?","E","R","M","T","M","R","E","?","M","R","BOSS","M","M","$","M","M","E","R","?","T","?","M","?","$","M","R","BOSS","M","?","?","M","$","E","?","M","T","$","E","M","M","M","R","BOSS"],"items_purchased_type":["Relic","Card","Relic","Relic","Relic"],"build_version":"2020-12-22","purchased_purges":4,"victory":false,"max_hp_per_floor":[80,80,80,80,80,80,80,80,80,80,80,94,94,94,94,94,94,94,94,94,94,94,94,94,94,94,94,94,65,65,65,65,65,65,65,65,65,65,65,65,65,65,65,65,65,65,65,65,65,65,65],"card_choices":[{"not_picked":["Flex","Twin Strike"],"picked":"Pommel Strike","floor":1.0},{"not_picked":["Whirlwind","Searing Blow"],"picked":"Pommel Strike","floor":4.0},{"not_picked":["Inflame","Sever Soul"],"picked":"Berserk","floor":6.0},{"not_picked":["Intimidate","Sword Boomerang"],"picked":"Body Slam","floor":8.0},{"not_picked":["Flame Barrier","Body Slam"],"picked":"Ghostly Armor","floor":10.0},{"not_picked":["Heavy Blade","Blood for Blood"],"picked":"Sword Boomerang","floor":12.0},{"not_picked":["Iron Wave","Body Slam"],"picked":"Shrug It Off","floor":13.0},{"not_picked":["Seeing Red","Headbutt"],"picked":"True Grit","floor":14.0},{"not_picked":["Demon Form","Limit Break"],"picked":"Juggernaut","floor":16.0},{"not_picked":["Thunderclap+1","Shrug It Off"],"picked":"Entrench","floor":18.0},{"not_picked":["Perfected Strike+1","Anger"],"picked":"Feel No Pain","floor":19.0},{"not_picked":["Pommel Strike+1","Clash"],"picked":"Infernal Blade+1","floor":21.0},{"not_picked":["Bloodletting","Warcry+1","Shrug It Off+1"],"picked":"SKIP","floor":22.0},{"not_picked":["Sword Boomerang+1","Limit Break","Pummel"],"picked":"SKIP","floor":23.0},{"not_picked":["Iron Wave","Twin Strike+1"],"picked":"Flame Barrier+1","floor":27.0},{"not_picked":["Cleave","Flex+1"],"picked":"Intimidate","floor":27.0},{"not_picked":["Clash","Clothesline"],"picked":"Seeing Red","floor":27.0},{"not_picked":["Thunderclap","Flex"],"picked":"Offering","floor":27.0},{"not_picked":["Clothesline+1","Armaments+1"],"picked":"Power Through","floor":28.0},{"not_picked":["Iron Wave","Combust","Flex"],"picked":"SKIP","floor":31.0},{"not_picked":["Reaper","Bludgeon"],"picked":"Impervious","floor":33.0},{"not_picked":["True Grit+1","Body Slam","Sword Boomerang+1"],"picked":"SKIP","floor":35.0},{"not_picked":["PanicButton","Thinking Ahead"],"picked":"Master of Strategy","floor":37.0},{"not_picked":["Pommel Strike","Anger"],"picked":"Second Wind","floor":38.0},{"not_picked":["Rampage","Wild Strike+1","Seeing Red+1"],"picked":"SKIP","floor":40.0},{"not_picked":["Perfected Strike","Heavy Blade+1","Twin Strike"],"picked":"SKIP","floor":42.0},{"not_picked":["Disarm","Warcry"],"picked":"Metallicize","floor":45.0},{"not_picked":["Demon Form","Headbutt+1","Clash+1"],"picked":"SKIP","floor":46.0},{"not_picked":["Havoc+1","Armaments+1","Searing Blow"],"picked":"SKIP","floor":47.0},{"not_picked":["Armaments","Spot Weakness+1","Searing Blow"],"picked":"SKIP","floor":48.0}],"player_experience":296323,"relics_obtained":[{"floor":6.0,"key":"Ginger"},{"floor":9.0,"key":"Du-Vu Doll"},{"floor":12.0,"key":"Mango"},{"floor":23.0,"key":"Bird Faced Urn"},{"floor":26.0,"key":"Anchor"},{"floor":40.0,"key":"InkBottle"},{"floor":40.0,"key":"Pen Nib"},{"floor":45.0,"key":"Champion Belt"},{"floor":45.0,"key":"Darkstone Periapt"}],"event_choices":[{"damage_healed":0.0,"max_hp_gain":0.0,"max_hp_loss":0.0,"gold_gain":75.0,"event_name":"World of Goop","player_choice":"Gather Gold","floor":2.0,"gold_loss":0.0,"damage_taken":11.0},{"damage_healed":0.0,"max_hp_gain":0.0,"max_hp_loss":0.0,"gold_gain":0.0,"event_name":"Shining Light","player_choice":"Entered Light","floor":3.0,"gold_loss":0.0,"damage_taken":16.0,"cards_upgraded":["Strike_R","Defend_R"]},{"damage_healed":0.0,"max_hp_gain":0.0,"max_hp_loss":0.0,"gold_gain":0.0,"event_name":"Upgrade Shrine","player_choice":"Upgraded","floor":25.0,"gold_loss":0.0,"damage_taken":0.0,"cards_upgraded":["Apotheosis"]},{"damage_healed":0.0,"max_hp_gain":0.0,"max_hp_loss":29.0,"gold_gain":0.0,"event_name":"Vampires","player_choice":"Became a vampire","floor":29.0,"gold_loss":0.0,"damage_taken":0.0,"cards_obtained":["Bite","Bite","Bite","Bite","Bite"]},{"damage_healed":0.0,"max_hp_gain":0.0,"max_hp_loss":0.0,"gold_gain":0.0,"event_name":"Tomb of Lord Red Mask","player_choice":"Ignored","floor":36.0,"gold_loss":0.0,"damage_taken":0.0},{"damage_healed":0.0,"max_hp_gain":0.0,"max_hp_loss":0.0,"gold_gain":0.0,"event_name":"SensoryStone","player_choice":"Memory 1","floor":37.0,"gold_loss":0.0,"damage_taken":0.0},{"cards_removed":["Bite"],"damage_healed":0.0,"max_hp_gain":0.0,"max_hp_loss":0.0,"gold_gain":0.0,"event_name":"Falling","player_choice":"Removed Attack","floor":41.0,"gold_loss":0.0,"damage_taken":0.0}],"is_beta":false,"boss_relics":[{"not_picked":["Busted Crown","Runic Dome"],"picked":"Astrolabe"},{"not_picked":["Mark of Pain","Snecko Eye"],"picked":"Black Star"}],"items_purged_floors":[5,20,27,39],"is_endless":false,"potions_floor_spawned":[4,8,12,13,14,18,19,23,31,38,40,42],"killed_by":"Awakened One","ascension_level":0}}