{"host":"x3qmax6e7jj3tga5","time":1611453651,"event":{"mods":["BaseMod","Custom Start","Minty Spire (QoL Compilation)","StSLib"],"gold_per_floor":[116,128,203,203,221,254,254,254,254,284,284,42,72,85,85,188,188,206,136,136,155,155,186,186,221,221,233,263,279,279,309,309,412,412,425,425,439,59,103,166,166,15,38,118,118,181,181,106,106,106,106,106,38,70,70],"floor_reached":56,"language":"ENG","playtime":3358,"items_purged":["Injury"],"score":1529,"play_id":"ea38ec02-e935-4e98-8e24-b0c328e2ffbc","local_time":"20210123200051","is_ascension_mode":true,"campfire_choices":[{"data":"Eruption","floor":7.0,"key":"SMITH"},{"data":"Vigilance","floor":15.0,"key":"SMITH"},{"floor":30.0,"key":"REST"},{"data":"TalkToTheHand","floor":32.0,"key":"SMITH"},{"data":"MentalFortress","floor":41.0,"key":"SMITH"},{"data":"Ragnarok","floor":45.0,"key":"SMITH"},{"floor":49,"key":"RECALL"},{"floor":52,"key":"REST"}],"circlet_count":0,"master_deck":["Strike_P+1","Strike_P+1","Strike_P+1","Strike_P+1","Defend_P+1","Defend_P+1","Defend_P+1","Eruption+1","Vigilance+1","Tantrum+1","FollowUp+1","Halt+1","Consecrate+1","DevaForm+1","SashWhip+1","BowlingBash+1","LessonLearned+1","ClearTheMind+1","LikeWater+1","TalkToTheHand+1","Vault+1","EmptyBody+1","Ragnarok+1","TalkToTheHand+1","Wish+1","Wallop+1","MentalFortress+1","Wallop+1","Adaptation+1"],"relics":["Runic Pyramid","Singing Bowl","Centennial Puzzle","Ancient Tea Set","Question Card","Gremlin Horn","SlaversCollar","Mercury Hourglass","Matryoshka","InkBottle","Pear","Orichalcum","Pantograph","Cursed Key","FossilizedHelix","Mummified Hand","War Paint","Art of War","Whetstone","Gambling Chip","Frozen Egg 2","Kunai"],"acts_visited":["Exordium","TheCity","TheBeyond","TheEnding"],"potions_floor_usage":[54],"damage_taken":[{"damage":0.0,"enemies":"2 Louse","floor":1.0,"turns":2.0},{"damage":3.0,"enemies":"Jaw Worm","floor":2.0,"turns":2.0},{"damage":6.0,"enemies":"Small Slimes","floor":5.0,"turns":2.0},{"damage":3.0,"enemies":"Lagavulin","floor":6.0,"turns":6.0},{"damage":0.0,"enemies":"Gremlin Nob","floor":10.0,"turns":3.0},{"damage":1.0,"enemies":"3 Sentries","floor":13.0,"turns":3.0},{"damage":2.0,"enemies":"Blue Slaver","floor":14.0,"turns":3.0},{"damage":11.0,"enemies":"Hexaghost","floor":16.0,"turns":7.0},{"damage":15.0,"enemies":"3 Byrds","floor":18.0,"turns":2.0},{"damage":5.0,"enemies":"2 Thieves","floor":21.0,"turns":3.0},{"damage":11.0,"enemies":"Book of Stabbing","floor":23.0,"turns":4.0},{"damage":9.0,"enemies":"Slavers","floor":25.0,"turns":4.0},{"damage":0.0,"enemies":"Snecko","floor":27.0,"turns":5.0},{"damage":4.0,"enemies":"Book of Stabbing","floor":28.0,"turns":4.0},{"damage":9.0,"enemies":"Centurion and Healer","floor":29.0,"turns":4.0},{"damage":0.0,"enemies":"Slavers","floor":31.0,"turns":2.0},{"damage":0.0,"enemies":"Automaton","floor":33.0,"turns":7.0},{"damage":0.0,"enemies":"3 Shapes","floor":35.0,"turns":2.0},{"damage":0.0,"enemies":"Orb Walker","floor":37.0,"turns":3.0},{"damage":5.0,"enemies":"Jaw Worm Horde","floor":39.0,"turns":5.0},{"damage":14.0,"enemies":"Nemesis","floor":40.0,"turns":8.0},{"damage":0.0,"enemies":"2 Orb Walkers","floor":44.0,"turns":5.0},{"damage":0.0,"enemies":"Reptomancer","floor":46.0,"turns":7.0},{"damage":0,"enemies":"Awakened One","floor":50,"turns":12},{"damage":13,"enemies":"Shield and Spear","floor":54,"turns":9},{"damage":15,"enemies":"The Heart","floor":55,"turns":11}],"seed_played":"-2335368302930017965","potions_obtained":[{"floor":1.0,"key":"SteroidPotion"},{"floor":5.0,"key":"Explosive Potion"},{"floor":13.0,"key":"Swift Potion"},{"floor":21.0,"key":"SkillPotion"},{"floor":23.0,"key":"Ambrosia"},{"floor":24.0,"key":"LiquidMemories"},{"floor":24.0,"key":"CultistPotion"}],"is_trial":false,"path_per_floor":["M","M","?","?","M","E","R","T","T","E","?","$","E","M","R","B",null,"M","$","?","M","?","E","?","E","T","M","E","M","R","E","R","B",null,"M","?","M","$","M","E","R","$","T","?","R","E","T","$","R","B",null,"R","$","E","B",null],"character_chosen":"WATCHER","items_purchased":["Question Card","LikeWater","FossilizedHelix","MentalFortress","War Paint","Adaptation+1"],"campfire_rested":2,"item_purchase_floors":[12,19,38,38,42,53],"current_hp_per_floor":[72,69,58,58,52,49,49,49,49,49,49,49,48,46,46,35,72,57,57,57,52,52,41,41,32,42,44,40,33,58,58,58,83,86,86,86,88,88,83,71,71,71,71,73,73,75,75,75,75,94,94,94,94,83,81],"gold":70,"neow_bonus":"BOSS_RELIC","is_daily":false,"chose_seed":false,"campfire_upgraded":5,"win_rate":0.0,"timestamp":1611453651,"path_taken":["M","M","?","?","M","E","R","?","T","E","?","$","E","?","R","BOSS","M","$","?","?","?","E","?","E","T","M","E","M","R","E","R","BOSS","M","?","M","$","M","E","R","$","T","?","R","E","?","?","R","BOSS","R","$","E","BOSS"],"items_purchased_type":["Relic","Card","Relic","Card","Relic","Card"],"build_version":"2020-12-22","purchased_purges":1,"victory":true,"max_hp_per_floor":[72,72,72,72,72,72,72,72,72,72,72,72,72,72,72,72,72,72,72,72,72,72,72,72,72,82,84,84,86,86,86,86,86,86,86,86,88,88,88,90,90,90,90,92,92,94,94,94,94,94,94,94,94,96,96],"card_choices":[{"not_picked":["FearNoEvil","Protect"],"picked":"Tantrum","floor":1.0},{"not_picked":["Evaluate","EmptyMind"],"picked":"FollowUp","floor":2.0},{"not_picked":["FlyingSleeves","CrushJoints"],"picked":"Halt","floor":5.0},{"not_picked":["Crescendo","CrushJoints"],"picked":"Consecrate","floor":6.0},{"not_picked":["DeceiveReality","FlurryOfBlows"],"picked":"DevaForm","floor":10.0},{"not_picked":["FollowUp","Protect","Halt"],"picked":"SashWhip","floor":13.0},{"not_picked":["FlurryOfBlows","Adaptation","CarveReality"],"picked":"BowlingBash","floor":14.0},{"not_picked":["Scrawl","SpiritShield","Establishment"],"picked":"LessonLearned","floor":16.0},{"not_picked":["Prostrate+1","Protect","CarveReality"],"picked":"ClearTheMind","floor":18.0},{"not_picked":["EmptyFist","Prostrate","FlyingSleeves"],"picked":"TalkToTheHand","floor":21.0},{"not_picked":["Tantrum+1","Consecrate","PathToVictory+1"],"picked":"Vault","floor":23.0},{"not_picked":["PathToVictory","Weave","EmptyFist"],"picked":"EmptyBody","floor":25.0},{"not_picked":["Nirvana","Weave","SashWhip","Worship"],"picked":"Singing Bowl","floor":27.0},{"not_picked":["WreathOfFlame","Protect","Worship"],"picked":"Ragnarok","floor":28.0},{"not_picked":["DeceiveReality","EmptyMind","FlurryOfBlows+1","WaveOfTheHand"],"picked":"Singing Bowl","floor":29.0},{"not_picked":["ClearTheMind","FlyingSleeves","EmptyFist"],"picked":"TalkToTheHand","floor":31.0},{"not_picked":["Ragnarok","Brilliance","LessonLearned"],"picked":"Wish","floor":33.0},{"not_picked":["Protect+1","PathToVictory+1","FollowUp"],"picked":"Wallop","floor":35.0},{"not_picked":["Weave","EmptyFist+1","Collect+1","WindmillStrike+1"],"picked":"Singing Bowl","floor":37.0},{"not_picked":["Halt+1","JustLucky+1","SashWhip"],"picked":"Wallop","floor":39.0},{"not_picked":["JustLucky+1","Prostrate+1","SashWhip+1","Halt+1"],"picked":"Singing Bowl","floor":40.0},{"not_picked":["Study","Pray+1","Nirvana+1","Consecrate+1"],"picked":"Singing Bowl","floor":44.0},{"not_picked":["FollowUp","SashWhip+1","CrushJoints","SandsOfTime+1"],"picked":"Singing Bowl","floor":46.0},{"not_picked":["Evaluate","Halt+1","Nirvana+1","SandsOfTime+1"],"picked":"Singing Bowl","floor":54}],"player_experience":341892,"relics_obtained":[{"floor":6.0,"key":"Singing Bowl"},{"floor":9.0,"key":"Centennial Puzzle"},{"floor":10.0,"key":"Ancient Tea Set"},{"floor":13.0,"key":"Gremlin Horn"},{"floor":23.0,"key":"Mercury Hourglass"},{"floor":25.0,"key":"Matryoshka"},{"floor":26.0,"key":"InkBottle"},{"floor":26.0,"key":"Pear"},{"floor":28.0,"key":"Orichalcum"},{"floor":31.0,"key":"Pantograph"},{"floor":40.0,"key":"Mummified Hand"},{"floor":43.0,"key":"Art of War"},{"floor":43.0,"key":"Whetstone"},{"floor":44.0,"key":"Gambling Chip"},{"floor":46.0,"key":"Frozen Egg 2"},{"floor":54,"key":"Kunai"}],"event_choices":[{"damage_healed":0.0,"max_hp_gain":0.0,"max_hp_loss":0.0,"gold_gain":75.0,"event_name":"World of Goop","player_choice":"Gather Gold","floor":3.0,"gold_loss":0.0,"damage_taken":11.0},{"damage_healed":0.0,"max_hp_gain":0.0,"max_hp_loss":0.0,"gold_gain":0.0,"event_name":"Liars Game","player_choice":"Ignored","floor":4.0,"gold_loss":0.0,"damage_taken":0.0},{"damage_healed":0.0,"max_hp_gain":0.0,"max_hp_loss":0.0,"gold_gain":0.0,"event_name":"Living Wall","player_choice":"Grow","floor":11.0,"gold_loss":0.0,"damage_taken":0.0,"cards_upgraded":["DevaForm"]},{"damage_healed":0.0,"max_hp_gain":0.0,"max_hp_loss":0.0,"gold_gain":0.0,"event_name":"Upgrade Shrine","player_choice":"Upgraded","floor":20.0,"gold_loss":0.0,"damage_taken":0.0,"cards_upgraded":["LikeWater"]},{"damage_healed":0.0,"max_hp_gain":0.0,"max_hp_loss":0.0,"gold_gain":0.0,"event_name":"Back to Basics","player_choice":"Simplicity","floor":22.0,"gold_loss":0.0,"damage_taken":0.0,"cards_upgraded":["Strike_P","Strike_P","Strike_P","Strike_P","Defend_P","Defend_P","Defend_P","Defend_P"]},{"damage_healed":0.0,"max_hp_gain":0.0,"max_hp_loss":0.0,"gold_gain":0.0,"event_name":"Lab","player_choice":"Got Potions","floor":24.0,"gold_loss":0.0,"damage_taken":0.0},{"cards_removed":["Defend_P"],"damage_healed":0.0,"max_hp_gain":0.0,"max_hp_loss":0.0,"gold_gain":0.0,"event_name":"Falling","player_choice":"Removed Skill","floor":36.0,"gold_loss":0.0,"damage_taken":0.0},{"damage_healed":0.0,"max_hp_gain":0.0,"max_hp_loss":0.0,"gold_gain":0.0,"event_name":"Mysterious Sphere","player_choice":"Fight","floor":44.0,"gold_loss":0.0,"damage_taken":0.0}],"is_beta":false,"boss_relics":[{"not_picked":["SacredBark","Velvet Choker"],"picked":"SlaversCollar"},{"not_picked":["Tiny House","Black Star"],"picked":"Cursed Key"}],"items_purged_floors":[48],"is_endless":false,"potions_floor_spawned":[1,5,13,16,21,23,25,28,31,35,37],"ascension_level":1}}