{"host":"rmsq46plbpwfbxcc","time":1611470420,"event":{"mods":["AchievementEnabler","BaseMod","Colored Map","Colored Powertips","DeckTracker","KOR Keyword Fix","Minty Spire (QoL Compilation)","Permanent Neow","Quick Restart","SuperFastMode"],"gold_per_floor":[114,114,29,47,47,47,73,107,107,107,107,122,147,72,72,167,167,179,179,197,217,40,40,40],"floor_reached":23,"language":"KOR","playtime":645,"items_purged":["Strike_G","Strike_G"],"score":276,"play_id":"8f54910a-4676-4213-a0ce-836d7e85875b","local_time":"20210124154020","is_ascension_mode":true,"campfire_choices":[{"data":"Cloak And Dagger","floor":6.0,"key":"SMITH"},{"data":"Terror","floor":10.0,"key":"SMITH"},{"data":"Neutralize","floor":15.0,"key":"SMITH"}],"circlet_count":0,"master_deck":["Strike_G","Strike_G","Strike_G","Defend_G","Defend_G","Defend_G","Defend_G","Survivor","Neutralize+1","PiercingWail","Cloak And Dagger+1","Accuracy","Burst","Terror+1","Backstab","Envenom","Adrenaline"],"relics":["WristBlade","Odd Mushroom","Regal Pillow","Akabeko","Nunchaku","Sozu","Oddly Smooth Stone"],"acts_visited":["Exordium","TheCity"],"potions_floor_usage":[18,23],"damage_taken":[{"damage":4.0,"enemies":"Small Slimes","floor":1.0,"turns":5.0},{"damage":0.0,"enemies":"Cultist","floor":4.0,"turns":5.0},{"damage":11.0,"enemies":"The Mushroom Lair","floor":7.0,"turns":6.0},{"damage":18.0,"enemies":"Lagavulin","floor":8.0,"turns":7.0},{"damage":0.0,"enemies":"Jaw Worm","floor":12.0,"turns":3.0},{"damage":5.0,"enemies":"Gremlin Nob","floor":13.0,"turns":3.0},{"damage":19.0,"enemies":"Slime Boss","floor":16.0,"turns":11.0},{"damage":19,"enemies":"Spheric Guardian","floor":18,"turns":5},{"damage":0,"enemies":"Shell Parasite","floor":20,"turns":4},{"damage":17,"enemies":"Sentry and Sphere","floor":21,"turns":6},{"damage":17,"enemies":"Gremlin Leader","floor":23,"turns":7}],"seed_played":"4480078483167848220","potions_obtained":[{"floor":2.0,"key":"Regen Potion"},{"floor":2.0,"key":"Swift Potion"},{"floor":2.0,"key":"DistilledChaos"},{"floor":13.0,"key":"Weak Potion"},{"floor":16.0,"key":"BlessingOfTheForge"}],"is_trial":false,"path_per_floor":["M","?","$","M","$","R","?","E","T","R","?","M","E","$","R","B",null,"M","?","M","M","$","E"],"character_chosen":"THE_SILENT","items_purchased":["Cloak And Dagger","Accuracy","Adrenaline"],"campfire_rested":0,"item_purchase_floors":[3,3,22],"current_hp_per_floor":[59,59,59,59,59,59,63,45,45,45,45,45,40,40,40,21,58,39,39,39,22,22,5,5],"gold":40,"neow_bonus":"BOSS_RELIC","is_daily":false,"chose_seed":false,"campfire_upgraded":3,"win_rate":0.0,"timestamp":1611470420,"path_taken":["M","?","$","M","?","R","?","E","T","R","?","M","E","$","R","BOSS","M","?","M","?","$","E"],"items_purchased_type":["Card","Card","Card"],"build_version":"2020-12-22","purchased_purges":2,"victory":false,"max_hp_per_floor":[70,70,70,70,70,70,70,70,70,70,70,70,70,70,70,70,70,70,70,70,70,70,70,70],"card_choices":[{"not_picked":["Sucker Punch","Deadly Poison"],"picked":"PiercingWail","floor":1.0},{"not_picked":["Backflip","Prepared","Cloak And Dagger"],"picked":"SKIP","floor":4.0},{"not_picked":["Accuracy","Noxious Fumes"],"picked":"Burst","floor":7.0},{"not_picked":["Prepared","Accuracy"],"picked":"Terror","floor":8.0},{"not_picked":["Sucker Punch","Poisoned Stab"],"picked":"Backstab","floor":12.0},{"not_picked":["Prepared","Dagger Throw","Dagger Spray"],"picked":"SKIP","floor":13.0},{"not_picked":["Doppelganger","Phantasmal Killer"],"picked":"Envenom","floor":16.0},{"not_picked":["PiercingWail","Poisoned Stab+1","Distraction"],"picked":"SKIP","floor":18},{"not_picked":["Backflip","Leg Sweep","Outmaneuver+1"],"picked":"SKIP","floor":20},{"not_picked":["Predator","Slice","Calculated Gamble"],"picked":"SKIP","floor":21}],"player_experience":649091,"relics_obtained":[{"floor":7.0,"key":"Odd Mushroom"},{"floor":8.0,"key":"Regal Pillow"},{"floor":9.0,"key":"Akabeko"},{"floor":13.0,"key":"Nunchaku"}],"event_choices":[{"damage_healed":0.0,"max_hp_gain":0.0,"max_hp_loss":0.0,"gold_gain":0.0,"event_name":"Lab","player_choice":"Got Potions","floor":2.0,"gold_loss":0.0,"damage_taken":0.0},{"damage_healed":0.0,"max_hp_gain":0.0,"max_hp_loss":0.0,"gold_gain":0.0,"event_name":"Mushrooms","player_choice":"Fought Mushrooms","floor":7.0,"gold_loss":0.0,"damage_taken":0.0},{"cards_removed":["Defend_G"],"damage_healed":0.0,"max_hp_gain":0.0,"max_hp_loss":0.0,"gold_gain":0.0,"event_name":"Wheel of Change","player_choice":"Card Removal","floor":11.0,"gold_loss":0.0,"damage_taken":0.0},{"damage_healed":0,"gold_gain":0,"player_choice":"Gave Potion","damage_taken":0,"relics_obtained":["Oddly Smooth Stone"],"max_hp_gain":0,"max_hp_loss":0,"event_name":"WeMeetAgain","floor":19,"gold_loss":0}],"is_beta":false,"boss_relics":[{"not_picked":["HoveringKite","Busted Crown"],"picked":"Sozu"}],"items_purged_floors":[14,22],"is_endless":false,"potions_floor_spawned":[4,13,16,18,20],"killed_by":"Gremlin Leader","ascension_level":8}}