{"host":"jt62yzdgnrkmwwqv","time":1611512203,"event":{"mods":["AchievementEnabler","Arknights The Spire","BaseMod","CapriCore","Colored Map","Colored Powertips","GungeonMod","Lobotomy","LobotomyExtend","Minty Spire (QoL Compilation)","Replay The Spire","StSLib","SuperFastMode","The Dragon Tamer"],"gold_per_floor":[117,149,149,159,175,202,202,220,220,220,280,280,280,100,100,195,195,195,213,226,4582,4582,4582,4599,4100,4100,4100,4120,4139,4139,4164,4164,4263,4263,4274,4274,3960,3960,3406,3438,3438,2950,3039,3083,3083,3116,3144,3144,3144,3144,3144],"floor_reached":52,"language":"KOR","playtime":1715,"items_purged":["ats:Strike S","Replay:Hysterical Blindness","Parasite","ats:Defend","ats:Defend","ats:Assault Order"],"score":724,"play_id":"2b5c3107-9376-4b17-a3fd-74a7aa941eba","local_time":"20210125031643","is_ascension_mode":false,"campfire_choices":[{"data":"ats:Apocalypse","floor":7,"key":"SMITH"},{"data":"ats:Strike V","floor":10,"key":"PURGE"},{"data":"ats:Armor Crushing Shot","floor":13,"key":"PURGE"},{"floor":15,"key":"REST"},{"data":"Delirium","floor":23,"key":"PURGE"},{"data":"ats:Consecutive Shot Auto","floor":27,"key":"PURGE"},{"data":"ats:Durian","floor":30,"key":"PURGE"},{"floor":32,"key":"DIG"},{"data":"ats:Defend","floor":41,"key":"PURGE"},{"floor":45,"key":"DIG"},{"floor":49,"key":"DIG"}],"circlet_count":0,"master_deck":["ats:Strike C","ats:Emotion Absorption","ats:Apocalypse+1","ats:Hammer On","ats:Shell Defense","ats:Hook Shot","ats:Mental Burst","ats:Apocalypse","ats:Healing Strengthening","ats:Healing Strengthening","ats:Calcification","ats:Charging Defense+1","ats:Flame Of Heaven","ats:Flame Of Heaven","ats:Burning Ground","ats:Sunburst","ats:Sunburst","ats:Sunburst","ats:Soul Absorption","ats:Ignite+1","ats:Mental Burst","AbeCurse","ats:Volcano","ats:Very Hot Blade+1","Madness","Madness","Master of Strategy","ats:Composite Medical Shells","ats:Apocalypse+1","ReplayTheSpireMod:Private Reserves"],"relics":["ats:Sanity","NeowsBlessing","LetterFromLob","DemoMod:VorpalBullet","ats:Originium","DemoMod:Orange","Peace Pipe","DemoMod:MemoryAlloy","Replay:Ancient Bell","Orichalcum","White Beast Statue","Lizard Tail","Replay:Accelerometer","Medical Kit","Enchiridion","Iron Hammer","DemoMod:GundromedaStrain","Shovel","DemoMod:Antibody","Fusion Hammer","Replay:Baseball","Replay:Mystery Machine","Replay:Arrowhead","ats:Gyao","Gambling Chip","DemoMod:AgedBell","Replay:Towering Pillar of Hats"],"acts_visited":["Exordium","TheCity","TheBeyond"],"potions_floor_usage":[11],"damage_taken":[{"damage":0,"enemies":"Jaw Worm","floor":1,"turns":1},{"damage":0,"enemies":"2 Louse","floor":4,"turns":1},{"damage":0,"enemies":"Cultist","floor":5,"turns":1},{"damage":39,"enemies":"3 Sentries","floor":6,"turns":9},{"damage":0,"enemies":"Large Slime","floor":8,"turns":2},{"damage":33,"enemies":"Lagavulin Event","floor":11,"turns":3},{"damage":82,"enemies":"Fading Forest","floor":16,"turns":11},{"damage":58,"enemies":"Shell Parasite","floor":19,"turns":19},{"damage":12,"enemies":"Spheric Guardian","floor":20,"turns":6},{"damage":39,"enemies":"Centurion and Healer","floor":24,"turns":12},{"damage":43,"enemies":"Shelled Parasite and Fungi","floor":28,"turns":6},{"damage":0,"enemies":"Cultist and Chosen","floor":29,"turns":3},{"damage":10,"enemies":"Replay:Snechameleon","floor":31,"turns":6},{"damage":64,"enemies":"Pondfish","floor":33,"turns":12},{"damage":18,"enemies":"3 Shapes","floor":35,"turns":3},{"damage":12,"enemies":"Nemesis","floor":40,"turns":4},{"damage":23,"enemies":"R_Hoarder","floor":44,"turns":6},{"damage":3,"enemies":"Orb Walker","floor":46,"turns":2},{"damage":38,"enemies":"Writhing Mass","floor":47,"turns":4},{"damage":184,"enemies":"Awakened One","floor":50,"turns":13}],"seed_played":"-8904645872160137682","potions_obtained":[{"floor":3,"key":"SteroidPotion"},{"floor":3,"key":"Swift Potion"},{"floor":3,"key":"Toxic Potion"},{"floor":6,"key":"Reflective Coating"},{"floor":16,"key":"ats:Emergency Sanity Potion"},{"floor":20,"key":"SkillPotion"}],"is_trial":false,"path_per_floor":["M","?","?","M","M","E","R","M","T","R","?","?","R","$","R","B",null,"M","M","M","$","?","R","M","$","T","R","M","M","R","E","R","B",null,"M","?","$","?","$","E","R","$","T","E","R","M","M","?","R","B",null,null],"character_chosen":"DOCTOR_CLASS","items_purchased":["ats:Apocalypse","ats:Healing Strengthening","ats:Flame Of Heaven","ats:Burning Ground","Replay:Accelerometer","Medical Kit","ats:Sunburst","Iron Hammer","ats:Soul Absorption","Master of Strategy","ats:Composite Medical Shells","Replay:Baseball","Replay:Mystery Machine","ats:Gyao"],"campfire_rested":1,"item_purchase_floors":[14,14,21,21,21,21,25,25,25,37,39,39,39,42],"current_hp_per_floor":[72,72,72,72,72,56,56,56,56,56,30,30,30,30,55,58,84,84,76,72,72,56,56,73,73,73,73,52,53,53,63,63,79,81,63,53,53,53,53,67,67,67,67,72,72,81,78,78,78,13,13],"gold":3144,"neow_bonus":"THREE_ENEMY_KILL","is_daily":false,"chose_seed":false,"campfire_upgraded":1,"win_rate":0.0,"timestamp":1611512203,"path_taken":["M","?","?","M","?","E","R","M","T","R","?","?","R","$","R","BOSS","M","M","M","$","?","R","M","$","T","R","M","M","R","E","R","BOSS","M","?","?","?","$","E","R","$","T","E","R","?","M","?","R","BOSS"],"items_purchased_type":["Card","Card","Card","Card","Relic","Relic","Card","Relic","Card","Card","Card","Relic","Relic","Relic"],"build_version":"2020-12-22","purchased_purges":6,"victory":true,"max_hp_per_floor":[72,72,72,72,72,84,84,84,84,84,84,84,84,84,84,84,84,84,84,84,84,84,84,84,81,81,81,81,81,81,81,81,81,81,81,81,81,81,81,81,81,81,81,81,81,81,81,81,81,81,81],"card_choices":[{"not_picked":["ats:Revitalization","ats:Flexible Camouflage"],"picked":"ats:Apocalypse","floor":1},{"not_picked":["ats:Apocalypse","ats:Very Hot Blade"],"picked":"ats:Hammer On","floor":2},{"not_picked":["ats:Healing Drone","ats:Leaping Hammer"],"picked":"ats:Consecutive Shot Auto","floor":4},{"not_picked":["ats:Guard Mode","ats:Consecutive Shot Auto"],"picked":"ats:Shell Defense","floor":5},{"not_picked":["ats:Apocalypse","ats:Beaten Up"],"picked":"ats:Hook Shot","floor":6},{"not_picked":["ats:Steam Pump","ats:Absolute Focus"],"picked":"ats:Durian","floor":8},{"not_picked":["ats:Hammer On","ats:Encircling Forest"],"picked":"ats:Mental Burst","floor":11},{"not_picked":["ats:Echo Reverb","ats:Ambush"],"picked":"ats:Calcification","floor":16},{"not_picked":["ReplayTheSpireMod:Restless Dread","Pain"],"picked":"Parasite","floor":17},{"not_picked":["ReplayTheSpireMod:Restless Dread","ReplayTheSpireMod:Splinters"],"picked":"Replay:Hysterical Blindness","floor":17},{"not_picked":["Looming Evil","Voices"],"picked":"Delirium","floor":17},{"not_picked":["ats:Guard Mode","ats:Very Hot Blade"],"picked":"ats:Charging Defense+1","floor":19},{"not_picked":["ats:Consecutive Shot Auto","ats:Powerful Strike","ats:Flexible Camouflage+1"],"picked":"SKIP","floor":20},{"not_picked":["ats:Apocalypse","ats:Revitalization"],"picked":"ats:Sunburst","floor":24},{"not_picked":["ats:Powerful Strike","ats:Spore Proliferation+1"],"picked":"ats:Ignite+1","floor":28},{"not_picked":["ats:Consecutive Shot Auto","ats:Revitalization","ats:Steam Pump"],"picked":"SKIP","floor":29},{"not_picked":["ats:Steam Pump","ats:Chain Hook"],"picked":"ats:Mental Burst","floor":31},{"not_picked":["ats:Dogmatic Field","ats:Calcification"],"picked":"ats:Volcano","floor":33},{"not_picked":["ats:Closed Bolt Burst Fire","ats:Explosion Area Strengthen+1"],"picked":"ats:Very Hot Blade+1","floor":35},{"not_picked":["ats:Guard Mode","ats:Curse Doll"],"picked":"ats:Apocalypse+1","floor":40},{"not_picked":["ats:Durian","ats:Overload+1","ats:Shadow Assault"],"picked":"SKIP","floor":44},{"not_picked":["ats:Poison Spread","ats:Apocalypse","ats:Explosion Area Strengthen"],"picked":"SKIP","floor":46},{"not_picked":["ats:Phantom","ats:Assault Order+1","ats:Flexible Camouflage"],"picked":"SKIP","floor":47},{"not_picked":["Replay:Sssssssssshield","Jack Of All Trades"],"picked":"ReplayTheSpireMod:Private Reserves","floor":48}],"player_experience":181268,"relics_obtained":[{"floor":1,"key":"LetterFromLob"},{"floor":2,"key":"DemoMod:VorpalBullet"},{"floor":6,"key":"ats:Originium"},{"floor":6,"key":"DemoMod:Orange"},{"floor":9,"key":"Peace Pipe"},{"floor":11,"key":"DemoMod:MemoryAlloy"},{"floor":22,"key":"Enchiridion"},{"floor":26,"key":"DemoMod:GundromedaStrain"},{"floor":31,"key":"ats:Originium"},{"floor":31,"key":"Shovel"},{"floor":32,"key":"DemoMod:Antibody"},{"floor":40,"key":"ats:Originium"},{"floor":40,"key":"Replay:Arrowhead"},{"floor":44,"key":"ats:Originium"},{"floor":44,"key":"Gambling Chip"},{"floor":45,"key":"DemoMod:AgedBell"},{"floor":49,"key":"Replay:Towering Pillar of Hats"}],"event_choices":[{"damage_healed":0,"gold_gain":0,"player_choice":"Got Potions","damage_taken":0,"max_hp_gain":0,"max_hp_loss":0,"event_name":"Lab","floor":3,"gold_loss":0},{"damage_healed":0,"gold_gain":0,"player_choice":"Searched \u00271\u0027 times","damage_taken":0,"max_hp_gain":0,"max_hp_loss":0,"event_name":"Dead Adventurer","floor":11,"gold_loss":0},{"damage_healed":0,"gold_gain":0,"cards_transformed":["ats:Strike G"],"player_choice":"Transformed","damage_taken":0,"max_hp_gain":0,"max_hp_loss":0,"event_name":"Transmorgrifier","floor":12,"gold_loss":0,"cards_obtained":["ats:Assault Order"]},{"damage_healed":0,"gold_gain":0,"player_choice":"Obtained Book","damage_taken":16,"max_hp_gain":0,"max_hp_loss":0,"event_name":"Cursed Tome","floor":22,"gold_loss":0},{"damage_healed":0,"gold_gain":0,"player_choice":"Embrace Madness","damage_taken":10,"max_hp_gain":0,"max_hp_loss":0,"event_name":"Winding Halls","floor":36,"gold_loss":0,"cards_obtained":["Madness","Madness"]},{"cards_removed":["ats:Defend"],"damage_healed":0,"gold_gain":0,"player_choice":"Purged","damage_taken":0,"max_hp_gain":0,"max_hp_loss":0,"event_name":"Purifier","floor":38,"gold_loss":0},{"damage_healed":0,"gold_gain":0,"player_choice":"Memory 1","damage_taken":0,"max_hp_gain":0,"max_hp_loss":0,"event_name":"SensoryStone","floor":48,"gold_loss":0}],"is_beta":false,"boss_relics":[{"not_picked":["Snecko Eye","SlaversCollar"],"picked":"Replay:Ancient Bell"},{"not_picked":["Art of War","Dream Catcher"],"picked":"Orichalcum"},{"not_picked":["Replay:Bottled Eggs","Eternal Feather"],"picked":"White Beast Statue"},{"not_picked":["Counterbalance","Dead Branch"],"picked":"Lizard Tail"},{"not_picked":["Honey Jar","Velvet Choker"],"picked":"Fusion Hammer"}],"items_purged_floors":[14,21,25,37,39,42],"is_endless":false,"potions_floor_spawned":[6,16,19,20,24,28,29,31,33,35,40,44,46,47],"ascension_level":0}}