{"host":"1sffrtwlowhx7ota","time":1611520913,"event":{"mods":["2.2 Compatiblity","Abigail Mod","AchievementEnabler","Aspiration","BaseMod","Better Altar","Better Match","Better Note","Better Sensory Stone","Better Skull","Better Synergies","Better Third Choice","BetterRewards","Colored Map","Colored Powertips","Defuse TimeMaze Blight","Displayed Cursed Tome","Downfall","Downfall-Rebalance","Gold Saver","Hubris","Infinite Spire","Minty Spire (QoL Compilation)","Permanent Neow","Poor People Problems","Quick Restart","Rare Cards Sparkle","Relic Sorter","Remove Card Discount Mod","Spicy Shops","StSLib","The Blue Laboratory","The Exalted","The Marked","The Vixen","Uncapped","vexMod"],"gold_per_floor":[2607,2352,2362,1968,1968,2001,2001,2014,2014,2014,1622,1622,1641,1641,1641,1746,1746,1759,1778,1778,1778,1791,1791,1822,1834,1834,1866,1879,1895,1921,1932,1932,1932,1932],"floor_reached":33,"language":"ENG","playtime":1312,"items_purged":["Strike_B","Strike_B","Defend_B","Defend_B","Strike_B","Writhe","downfall:Haunted","downfall:Haunted"],"score":631,"play_id":"4ab511d7-0193-4f1e-8557-ccef751fa3df","local_time":"20210124154153","is_ascension_mode":true,"campfire_choices":[{"data":"Defragment","floor":7,"key":"SMITH"},{"data":"Ball Lightning","floor":10,"key":"SMITH"},{"data":"Zap","floor":15,"key":"SMITH"},{"floor":23,"key":"REST"},{"floor":32,"key":"REST"}],"circlet_count":0,"master_deck":["Strike_B","Defend_B","Defend_B","Dualcast","Defragment+1","Cold Snap","Ball Lightning+1","Capacitor+1","Ball Lightning+1","Ball Lightning","Cold Snap+1","Ball Lightning","Cold Snap","Thunder Strike","Pain","hubris:DuctTapeCard","Creative AI"],"relics":["Cracked Core","vexMod:MegatonBomb","Potion Belt","Toxic Egg 2","Membership Card","Singing Bowl","vexMod:InvisibilityCloak","aspiration:EnhancedActuators","ClockworkSouvenir","Pear","Matryoshka","infinitespire:EmpoweringShard","Ice Cream","Anchor","hubris:EmptyBottle","infinitespire:Freezer","Du-Vu Doll","Ornamental Fan","Whetstone","Bottled Tornado","Oddly Smooth Stone","Darkstone Periapt","hubris:SlimyHat","hubris:TenFootPole","WarpedTongs","Bag of Marbles","hubris:DuctTape","hubris:MysteriousPyramids","aspiration:StickyExplosives","Centennial Puzzle"],"acts_visited":["Exordium","TheCity"],"potions_floor_usage":[24,24,27,30,33],"damage_taken":[{"damage":0,"enemies":"Cultist","floor":1,"turns":3},{"damage":5,"enemies":"Jaw Worm","floor":3,"turns":2},{"damage":13,"enemies":"Lagavulin","floor":6,"turns":4},{"damage":0,"enemies":"Small Slimes","floor":8,"turns":2},{"damage":0,"enemies":"Looter","floor":13,"turns":1},{"damage":0,"enemies":"The Guardian","floor":16,"turns":7},{"damage":1,"enemies":"Chosen","floor":18,"turns":2},{"damage":2,"enemies":"Spheric Guardian","floor":19,"turns":3},{"damage":6,"enemies":"Centurion and Healer","floor":22,"turns":4},{"damage":33,"enemies":"Slavers","floor":24,"turns":4},{"damage":4,"enemies":"Cultist and Chosen","floor":25,"turns":3},{"damage":35,"enemies":"Nightmare","floor":27,"turns":6},{"damage":8,"enemies":"Snecko","floor":28,"turns":4},{"damage":7,"enemies":"Centurion and Healer","floor":29,"turns":4},{"damage":3,"enemies":"Slavers","floor":30,"turns":2},{"damage":7,"enemies":"Cultist and Chosen","floor":31,"turns":5},{"damage":53,"enemies":"Automaton","floor":33,"turns":6}],"seed_played":"7253492811947768570","potions_obtained":[{"floor":1,"key":"blueLaboratory:LouseDecoction"},{"floor":3,"key":"blueLaboratory:ArtificerPotion"},{"floor":22,"key":"SteroidPotion"},{"floor":27,"key":"Energy Potion"},{"floor":29,"key":"blueLaboratory:BiasPotion"},{"floor":30,"key":"Block Potion"},{"floor":31,"key":"blueLaboratory:HummingbirdPotion"}],"is_trial":false,"path_per_floor":["M","$","M","$","?","E","R","M","T","R","$","?","M","?","R","B",null,"M","M","?","?","M","R","E","M","T","NM","M","M","E","M","R","B"],"character_chosen":"DEFECT","items_purchased":["Defragment","Cold Snap","Potion Belt","Toxic Egg 2","Membership Card","White Noise+1","Ball Lightning","Singing Bowl","Capacitor","vexMod:InvisibilityCloak","Ball Lightning","aspiration:EnhancedActuators","ClockworkSouvenir","Pear","Matryoshka","infinitespire:EmpoweringShard","Ice Cream","Cold Snap","Anchor","hubris:EmptyBottle","infinitespire:Freezer","Oddly Smooth Stone","Darkstone Periapt","hubris:SlimyHat","hubris:TenFootPole","Thunder Strike"],"campfire_rested":2,"item_purchase_floors":[0,0,0,0,0,0,0,0,0,0,0,0,0,2,2,4,4,4,4,4,4,11,11,11,11,11],"current_hp_per_floor":[77,87,82,82,82,69,69,69,69,69,69,69,71,71,71,73,91,92,92,98,101,97,103,72,70,70,35,29,24,23,18,52,0,0],"gold":1932,"neow_bonus":"","is_daily":false,"chose_seed":false,"campfire_upgraded":3,"win_rate":0.0,"timestamp":1611520913,"path_taken":["M","$","M","?","?","E","R","M","T","R","$","?","?","?","R","BOSS","M","M","?","?","M","R","E","?","T","NM","M","M","E","M","R","BOSS"],"items_purchased_type":["Card","Card","Relic","Relic","Relic","Card","Card","Relic","Card","Relic","Card","Relic","Relic","Relic","Relic","Relic","Relic","Card","Relic","Relic","Relic","Relic","Relic","Relic","Relic","Card"],"build_version":"2020-12-22","purchased_purges":8,"victory":false,"max_hp_per_floor":[77,87,87,87,87,87,87,87,87,87,87,87,89,89,89,91,91,93,95,101,101,103,103,105,107,107,107,109,111,113,115,115,115,115],"card_choices":[{"not_picked":["Capacitor","Redo+1","Sweeping Beam"],"picked":"Singing Bowl","floor":1},{"not_picked":["Compile Driver","Gash"],"picked":"Ball Lightning","floor":3},{"not_picked":["Gash","Fusion+1"],"picked":"Ball Lightning","floor":6},{"not_picked":["Genetic Algorithm+1","FTL"],"picked":"Cold Snap","floor":8},{"not_picked":["FTL","Redo+1","Streamline"],"picked":"Singing Bowl","floor":13},{"not_picked":["Reboot+1","Electrodynamics","hubris:Prefetch+1"],"picked":"Singing Bowl","floor":16},{"not_picked":["Leap+1","Cold Snap","Hello World"],"picked":"Singing Bowl","floor":18},{"not_picked":["Skim+1","Ball Lightning","Conserve Battery+1"],"picked":"Singing Bowl","floor":19},{"not_picked":["Compile Driver+1","Hologram+1","Cold Snap+1"],"picked":"Singing Bowl","floor":22},{"not_picked":["Rip and Tear","Leap+1","Genetic Algorithm+1"],"picked":"Singing Bowl","floor":24},{"not_picked":["Doom and Gloom","Storm","Beam Cell"],"picked":"Singing Bowl","floor":25},{"not_picked":["Multi-Cast+1","Barrage+1"],"picked":"Creative AI","floor":27},{"not_picked":["Ball Lightning","Stack+1","Tempest+1"],"picked":"Singing Bowl","floor":28},{"not_picked":["Hello World","Gash+1","Chill+1"],"picked":"Singing Bowl","floor":29},{"not_picked":["Barrage","Steam+1","Redo+1"],"picked":"Singing Bowl","floor":30},{"not_picked":["Skim+1","Turbo+1","Rebound"],"picked":"Singing Bowl","floor":31}],"player_experience":939893,"relics_obtained":[{"floor":6,"key":"Ornamental Fan"},{"floor":9,"key":"Whetstone"},{"floor":9,"key":"Bottled Tornado"},{"floor":24,"key":"Bag of Marbles"},{"floor":26,"key":"hubris:DuctTape"},{"floor":26,"key":"hubris:MysteriousPyramids"},{"floor":27,"key":"aspiration:StickyExplosives"},{"floor":30,"key":"Centennial Puzzle"}],"event_choices":[{"damage_healed":0,"gold_gain":0,"player_choice":"Rummage","damage_taken":0,"relics_obtained":["WarpedTongs"],"max_hp_gain":0,"max_hp_loss":0,"event_name":"Accursed Blacksmith","floor":20,"gold_loss":0,"cards_obtained":["Pain"]}],"is_beta":false,"boss_relics":[{"not_picked":["vexMod:EndlessSickness","Runic Pyramid"],"picked":"vexMod:MegatonBomb"}],"items_purged_floors":[0,0,0,0,0,4,11,11],"is_endless":true,"potions_floor_spawned":[1,3,6,22,27,29,30,31],"killed_by":"Automaton","ascension_level":1}}