{"host":"r7z4an43h95gvocz","time":1611508075,"event":{"mods":["AchievementEnabler","BaseMod","Colored Map","Colored Powertips","Downfall","Minty Spire (QoL Compilation)","StSLib"],"gold_per_floor":[0,14,31,31,50,150,197,197,197,226,136,136,136,168,178,276,276,176,186,200,217,234,234,234,81,166,185,211,211,211,224,235,337,337,237,250,268,285,285,296,348,348,248,264,264,276,85,115,128,128,128,163,23,23,23,23,23,23],"floor_reached":56,"language":"ENG","playtime":3862,"items_purged":["Guardian:Defend_Guardian","Guardian:Defend_Guardian","Guardian:Defend_Guardian"],"score":786,"play_id":"868749f4-7436-4d38-ac7c-91c07c2bdbbb","local_time":"20210124090755","is_ascension_mode":false,"campfire_choices":[{"data":"Guardian:SentryBeam","floor":1.0,"key":"SMITH"},{"data":"Guardian:TwinSlam","floor":8.0,"key":"SMITH"},{"data":"Guardian:PiercingHide","floor":13.0,"key":"SMITH"},{"data":"Guardian:StasisField","floor":18.0,"key":"SMITH"},{"floor":30.0,"key":"RECALL"},{"floor":35,"key":"REST"},{"floor":43,"key":"REST"},{"floor":54,"key":"REST"}],"circlet_count":0,"master_deck":["Guardian:Strike_Guardian","Guardian:CurlUp","Guardian:TwinSlam+1","Guardian:SentryBeam+1","Guardian:BronzeOrb","Guardian:Planning","Guardian:PiercingHide+1","Guardian:TemporalStrike","Guardian:Incinerate","Bandage Up","Guardian:ChargeCore","Guardian:StasisField+1","Guardian:EvasiveProtocol+1","Guardian:CrystalBeam+1","Guardian:VentSteam","Guardian:SpikerProtocol","Guardian:BodySlam+1","Guardian:TimeSifter","Guardian:PiercingHide+1","Guardian:RollAttack+1","Guardian:TimeCapacitor","Guardian:BronzeArmor+1","Guardian:BodySlam+1","Guardian:TimeBomb+1","Guardian:ShieldSpikes+1","Guardian:TemporalShield+1"],"relics":["Guardian:ModeShifter","Guardian:PickAxe","Anchor","Omamori","Gremlin Horn","bronze:MakeshiftBattery","downfall:HeartBlessingGreen","Shuriken","Bag of Preparation","Fusion Hammer","downfall:HeartBlessingRed","downfall:HeartBlessingBlue","Dream Catcher","StrikeDummy"],"acts_visited":["Exordium","TheCity","TheBeyond","TheEnding"],"potions_floor_usage":[44,50,50],"damage_taken":[{"damage":0.0,"enemies":"Cultist","floor":2.0,"turns":3.0},{"damage":5.0,"enemies":"Small Slimes","floor":3.0,"turns":3.0},{"damage":0.0,"enemies":"Small Slimes","floor":4.0,"turns":6.0},{"damage":2.0,"enemies":"2 Louse","floor":5.0,"turns":3.0},{"damage":9.0,"enemies":"Gremlin Nob","floor":10.0,"turns":4.0},{"damage":0.0,"enemies":"downfall:FleeingMerchant","floor":11.0,"turns":4.0},{"damage":7.0,"enemies":"3 Sentries","floor":14.0,"turns":6.0},{"damage":0.0,"enemies":"2 Fungi Beasts","floor":15.0,"turns":2.0},{"damage":18.0,"enemies":"DF_ARCHETYPE_STREAMLINE","floor":16.0,"turns":10.0},{"damage":5.0,"enemies":"Spheric Guardian","floor":19.0,"turns":4.0},{"damage":0.0,"enemies":"Shell Parasite","floor":20.0,"turns":5.0},{"damage":0.0,"enemies":"3 Cultists","floor":21.0,"turns":5.0},{"damage":6.0,"enemies":"Sentry and Sphere","floor":22.0,"turns":5.0},{"damage":0.0,"enemies":"downfall:FleeingMerchant","floor":25.0,"turns":4.0},{"damage":4.0,"enemies":"Centurion and Healer","floor":27.0,"turns":4.0},{"damage":21.0,"enemies":"Slavers","floor":28.0,"turns":7.0},{"damage":0.0,"enemies":"3 Cultists","floor":31.0,"turns":4.0},{"damage":0.0,"enemies":"Shelled Parasite and Fungi","floor":32.0,"turns":2.0},{"damage":3.0,"enemies":"WA_ARCHETYPE_CALM","floor":33.0,"turns":7.0},{"damage":0,"enemies":"Orb Walker","floor":36,"turns":2},{"damage":0,"enemies":"3 Shapes","floor":37,"turns":3},{"damage":0,"enemies":"Sphere and 2 Shapes","floor":38,"turns":3},{"damage":0,"enemies":"Jaw Worm Horde","floor":40,"turns":3},{"damage":8,"enemies":"Maw","floor":44,"turns":6},{"damage":0,"enemies":"4 Shapes","floor":46,"turns":4},{"damage":0,"enemies":"downfall:FleeingMerchant","floor":47,"turns":4},{"damage":0,"enemies":"Giant Head","floor":48,"turns":4},{"damage":0,"enemies":"Spire Growth","floor":49,"turns":2},{"damage":55,"enemies":"SI_POISON_ARCHETYPE","floor":50,"turns":6},{"damage":27,"enemies":"downfall:CharBossMerchant","floor":52,"turns":9},{"damage":15,"enemies":"downfall:NeowBoss","floor":55,"turns":6},{"damage":97,"enemies":"downfall:NeowBossFinal","floor":56,"turns":6}],"seed_played":"-499689092282386616","potions_obtained":[{"floor":10.0,"key":"SpeedPotion"},{"floor":14.0,"key":"Energy Potion"},{"floor":16.0,"key":"PowerPotion"},{"floor":37,"key":"Block Potion"}],"is_trial":false,"path_per_floor":["R","M","M","?","M","?","T","R","?","E","$","?","R","E","M","B",null,"R","M","M","M","M","?","T","$","?","M","E","?","R","M","M","B",null,"R","M","M","M","?","M","T","?","R","M","?","M","$","E","M","B",null,"E","$","R","B","B"],"character_chosen":"GUARDIAN","items_purchased":["Guardian:SpikerProtocol","Block Potion","Guardian:Gem_Synthetic"],"campfire_rested":3,"item_purchase_floors":[25,47,53],"current_hp_per_floor":[80,80,75,69,67,67,67,67,67,58,58,58,58,55,59,45,80,80,75,79,80,74,74,74,78,62,62,45,45,45,49,53,54,80,80,80,80,80,80,80,80,80,90,82,82,86,90,90,90,35,90,63,63,90,75,0,0,0],"gold":23,"neow_bonus":"TRANSFORM_TWO_CARDS","is_daily":false,"chose_seed":false,"campfire_upgraded":4,"win_rate":0.0,"timestamp":1611508075,"path_taken":["R","?","M","?","M","?","T","R","?","E","$","?","R","E","M","BOSS","R","M","M","M","M","?","T","$","?","M","E","?","R","M","M","BOSS","R","M","M","M","?","M","T","?","R","M","?","?","$","E","M","BOSS","E","$","R","BOSS","BOSS"],"items_purchased_type":["Card","Potion","Card"],"build_version":"2020-12-22","purchased_purges":3,"victory":false,"max_hp_per_floor":[80,80,80,80,80,80,80,80,80,80,80,80,80,80,80,80,80,80,80,80,80,80,80,80,80,80,80,80,80,80,80,80,80,80,80,80,80,80,80,80,80,80,90,90,90,90,90,90,90,90,90,90,90,90,90,90,90,90],"card_choices":[{"not_picked":["Guardian:Suspension","Guardian:WalkerClaw"],"picked":"Guardian:Planning","floor":2.0},{"not_picked":["Guardian:BronzeArmor","Guardian:Gem_Green"],"picked":"Guardian:PiercingHide","floor":3.0},{"not_picked":["Guardian:Gem_Red","Guardian:RollAttack"],"picked":"Guardian:TemporalStrike","floor":5.0},{"not_picked":["Guardian:Gem_Red","Guardian:BodySlam"],"picked":"Guardian:Gem_Synthetic","floor":10.0},{"not_picked":["Guardian:Recover","Guardian:BronzeArmor"],"picked":"Guardian:Incinerate","floor":11.0},{"not_picked":["Guardian:DonusPower","Guardian:CrystalBeam"],"picked":"Guardian:ChargeCore","floor":14.0},{"not_picked":["Guardian:Gem_Green","Guardian:CrystalBeam","Guardian:DonusPower"],"picked":"SKIP","floor":15.0},{"not_picked":["Guardian:GatlingBeam","Guardian:StasisStrike"],"picked":"Guardian:StasisField","floor":16.0},{"not_picked":["Guardian:PiercingHide+1","Guardian:Emergency"],"picked":"Guardian:EvasiveProtocol+1","floor":19.0},{"not_picked":["Guardian:Emergency","Guardian:PrismaticBarrier+1"],"picked":"Guardian:CrystalBeam+1","floor":20.0},{"not_picked":["Guardian:ChargeCore","Guardian:DonusPower","Guardian:DecasProtection"],"picked":"SKIP","floor":21.0},{"not_picked":["Guardian:TemporalShield","Guardian:RollAttack"],"picked":"Guardian:Gem_Cyan","floor":22.0},{"not_picked":["Guardian:Reroute","Guardian:EvasiveProtocol"],"picked":"Guardian:VentSteam","floor":25.0},{"not_picked":["Guardian:VentSteam","Guardian:TemporalStrike","Guardian:PiercingHide"],"picked":"SKIP","floor":27.0},{"not_picked":["Guardian:MultiBeam","Guardian:SpikerProtocol"],"picked":"Guardian:Gem_Red","floor":28.0},{"not_picked":["Guardian:HyperBeam_Guardian","Guardian:RollAttack+1"],"picked":"Guardian:BodySlam+1","floor":31.0},{"not_picked":["Guardian:PiercingHide","Guardian:Clone"],"picked":"Guardian:Gem_Yellow","floor":32.0},{"not_picked":["Guardian:StasisField","Guardian:ConstructionForm"],"picked":"Guardian:TimeSifter","floor":33.0},{"not_picked":["Guardian:Gem_Crimson","Guardian:Reroute+1","Guardian:VentSteam"],"picked":"SKIP","floor":36},{"not_picked":["Guardian:MultiBeam","Guardian:Emergency"],"picked":"Guardian:PiercingHide+1","floor":37},{"not_picked":["Guardian:Gem_White","Guardian:Gem_Blue"],"picked":"Guardian:RollAttack+1","floor":38},{"not_picked":["Guardian:ShieldCharger","Guardian:StasisStrike"],"picked":"Guardian:TimeCapacitor","floor":40},{"not_picked":["Guardian:Gem_Cyan","Guardian:Suspension"],"picked":"Guardian:BronzeArmor+1","floor":44},{"not_picked":["Guardian:ShieldCharger","Guardian:Gem_Red"],"picked":"Guardian:TimeBomb+1","floor":46},{"not_picked":["Guardian:CrystalBeam+1","Guardian:FierceBash","Guardian:Planning+1"],"picked":"SKIP","floor":47},{"not_picked":["Guardian:Gem_White","Guardian:PrismaticBarrier+1"],"picked":"Guardian:ShieldSpikes+1","floor":48},{"not_picked":["Guardian:Gem_Crimson","Guardian:Gem_Cyan","Guardian:TimeBomb"],"picked":"SKIP","floor":49},{"not_picked":["Guardian:PrimingBeam+1","Guardian:TemporalStrike+1"],"picked":"Guardian:TemporalShield+1","floor":52}],"player_experience":431857,"relics_obtained":[{"floor":7.0,"key":"Anchor"},{"floor":10.0,"key":"Omamori"},{"floor":14.0,"key":"Gremlin Horn"},{"floor":24.0,"key":"Shuriken"},{"floor":28.0,"key":"Bag of Preparation"},{"floor":48,"key":"Dream Catcher"},{"floor":52,"key":"StrikeDummy"}],"event_choices":[{"damage_healed":0.0,"max_hp_gain":0.0,"max_hp_loss":0.0,"gold_gain":0.0,"event_name":"Ghosts","player_choice":"Ignored","floor":23.0,"gold_loss":0.0,"damage_taken":0.0}],"is_beta":false,"boss_relics":[{"not_picked":["Empty Cage","Runic Pyramid"],"picked":"bronze:MakeshiftBattery"},{"not_picked":["SacredBark","Black Star"],"picked":"Fusion Hammer"}],"items_purged_floors":[11,25,47],"is_endless":false,"potions_floor_spawned":[4,10,14,16,20,22,27,28,31,37,38,46],"killed_by":"downfall:NeowBossFinal","ascension_level":0}}