{"host":"ees9py5fbpv5lclk","time":1611479007,"event":{"mods":["AchievementEnabler","BaseMod","Challenge The Spire","Colored Map","Colored Powertips","Conspire","Downfall","Hermit","Infinite Spire","Minty Spire (QoL Compilation)","Replay The Spire","Shop Mod","StSLib","SuperFastMode","The Bug Knight","The Cursed","The Servant 0.9.4"],"gold_per_floor":[118,118,118,118,137,137,137,61,132,132,160,173,193,209,209,309,309,328,342,131,131,50,50,50,50,128,128,157,187,187,201,201,296,296,316,316,591,620,620,620],"floor_reached":39,"language":"ENG","playtime":3691,"items_purged":["Defend_S"],"score":543,"play_id":"349d58e2-e0f0-4d0f-9558-c7a835a1af4c","local_time":"20210124040327","daily_mods":["Heirloom","Flight","DeadlyEvents","Elite Swarm"],"is_ascension_mode":false,"campfire_choices":[{"data":"RealityMarble","floor":6,"key":"SMITH"},{"data":"Exchange","floor":7,"key":"SMITH"},{"data":"Potential","floor":10,"key":"SMITH"},{"floor":15,"key":"REST"},{"data":"Strike_S","floor":23,"key":"PURGE"},{"data":"Defend_S","floor":24,"key":"PURGE"},{"data":"Strike_S","floor":25,"key":"PURGE"},{"data":"Defend_S","floor":27,"key":"PURGE"},{"floor":30,"key":"REST"},{"floor":32,"key":"REST"}],"circlet_count":0,"master_deck":["Strike_S","Defend_S","KidneyShot","Exchange+1","Sabotage","RealityMarble+1","Rewind","Potential+1","FlawlessForm","ShatteredReality","TimeWarp","TimeWarp","FloweringNight","SpecialFormula","Revamp","Unruled+1","SpecialFormula","MurderousAura","Deny","Initiator+1","Barrier","Deny","BottledTime+1","Regret","PendulumOfEternity+1"],"relics":["Uniform","Peace Pipe","Centennial Puzzle","infinitespire:ShieldingShard","MerchantsRug","Molten Egg 2","Quantum Egg","Gambling Chip","BranchBurnRelic","conspire:SeveredTorchhead","sneckomod:BlankCard"],"acts_visited":["Exordium","TheCity","TheBeyond"],"potions_floor_usage":[14],"damage_taken":[{"damage":0,"enemies":"2 Louse","floor":1,"turns":4},{"damage":14,"enemies":"conspire:RoseBush","floor":5,"turns":2},{"damage":31,"enemies":"Gremlin Nob","floor":11,"turns":5},{"damage":2,"enemies":"Small Slimes","floor":12,"turns":4},{"damage":0,"enemies":"Exordium Wildlife","floor":13,"turns":3},{"damage":2,"enemies":"Exordium Thugs","floor":14,"turns":3},{"damage":3,"enemies":"The Guardian","floor":16,"turns":18},{"damage":4,"enemies":"Shell Parasite","floor":18,"turns":5},{"damage":14,"enemies":"2 Thieves","floor":19,"turns":3},{"damage":0,"enemies":"HollowMod:Nosk","floor":28,"turns":5},{"damage":56,"enemies":"Slavers","floor":29,"turns":5},{"damage":9,"enemies":"Chosen and Byrds","floor":31,"turns":3},{"damage":0,"enemies":"Champ","floor":33,"turns":6},{"damage":7,"enemies":"Orb Walker","floor":35,"turns":4},{"damage":64,"enemies":"Nemesis","floor":38,"turns":5},{"damage":27,"enemies":"3 Darklings","floor":39,"turns":2}],"seed_played":"-7061028104697774095","potions_obtained":[{"floor":1,"key":"Block Potion"},{"floor":11,"key":"SpeedPotion"},{"floor":16,"key":"champ:CounterPotion"},{"floor":18,"key":"Explosive Potion"},{"floor":29,"key":"PowerPotion"},{"floor":35,"key":"bronze:BurnAndBuffPotion"}],"is_trial":true,"path_per_floor":["M","$","?","?","M","R","R","$","T","R","E","M","M","M","R","B",null,"M","M","$","?","$","R","R","R","T","R","E","E","R","M","R","B",null,"M","$","?","E","M"],"character_chosen":"THE_SERVANT","items_purchased":["Rewind","Potential","MerchantsRug","Unruled+1","MurderousAura"],"campfire_rested":3,"item_purchase_floors":[8,8,20,20,22],"current_hp_per_floor":[65,65,58,55,41,41,41,41,41,41,10,8,8,6,25,22,65,61,52,52,52,52,52,52,52,52,52,62,16,35,36,55,65,65,58,58,58,4,0,0],"gold":620,"neow_bonus":"","is_daily":false,"chose_seed":false,"campfire_upgraded":3,"win_rate":0.0,"timestamp":1611479007,"path_taken":["M","$","?","?","M","R","R","?","T","R","?","M","?","M","R","BOSS","M","?","$","?","$","R","R","R","T","R","E","?","R","M","R","BOSS","M","$","?","?","?"],"items_purchased_type":["Card","Card","Relic","Card","Card"],"build_version":"2020-12-22","purchased_purges":1,"victory":false,"max_hp_per_floor":[65,65,65,65,65,65,65,65,65,65,65,65,65,65,65,65,65,65,65,65,65,65,65,65,65,65,65,65,65,65,65,65,65,65,65,65,65,65,65,65],"card_choices":[{"not_picked":["Alleviate","Ricochet"],"picked":"Sabotage","floor":1},{"not_picked":["Starlight","Potential"],"picked":"RealityMarble","floor":5},{"not_picked":["Duplication","ForgedInTime"],"picked":"FlawlessForm","floor":11},{"not_picked":["Alleviate","Replace"],"picked":"ShatteredReality","floor":12},{"not_picked":["Revamp","Starlight"],"picked":"TimeWarp","floor":13},{"not_picked":["Replace","Ricochet"],"picked":"TimeWarp","floor":14},{"not_picked":["SoulSculpture","FlawlessForm"],"picked":"FloweringNight","floor":16},{"not_picked":["Comet+1","Revamp+1"],"picked":"SpecialFormula","floor":18},{"not_picked":["Ricochet","FastForward"],"picked":"Revamp","floor":19},{"not_picked":["Duplication","KillingDoll+1"],"picked":"Deny","floor":28},{"not_picked":["KillingDoll+1","FloweringNight"],"picked":"Initiator+1","floor":29},{"not_picked":["BestPractice+1","Desolation+1"],"picked":"Barrier","floor":31},{"not_picked":["ForgedInTime","Embodiment"],"picked":"Deny","floor":33},{"not_picked":["FastForward","Replace"],"picked":"BottledTime+1","floor":35},{"not_picked":["TheWorld","Dilation"],"picked":"PendulumOfEternity+1","floor":38}],"player_experience":119968,"relics_obtained":[{"floor":9,"key":"infinitespire:ShieldingShard"},{"floor":11,"key":"Dead Branch"},{"floor":26,"key":"Molten Egg 2"},{"floor":28,"key":"Quantum Egg"},{"floor":29,"key":"Gambling Chip"},{"floor":38,"key":"sneckomod:BlankCard"}],"event_choices":[{"cards_removed":["Strike_S"],"damage_healed":0,"gold_gain":0,"player_choice":"Card Removal","damage_taken":7,"max_hp_gain":0,"max_hp_loss":0,"event_name":"Golden Wing","floor":3,"gold_loss":0},{"damage_healed":0,"gold_gain":0,"player_choice":"Success","damage_taken":3,"relics_obtained":["Centennial Puzzle"],"max_hp_gain":0,"max_hp_loss":0,"event_name":"Scrap Ooze","floor":4,"gold_loss":0},{"damage_healed":0,"gold_gain":0,"player_choice":"Copied","damage_taken":0,"max_hp_gain":0,"max_hp_loss":0,"event_name":"Duplicator","floor":21,"gold_loss":0,"cards_obtained":["SpecialFormula"]},{"damage_healed":0,"gold_gain":275,"player_choice":"Desecrate","damage_taken":0,"max_hp_gain":0,"max_hp_loss":0,"event_name":"Golden Shrine","floor":37,"gold_loss":0,"cards_obtained":["Regret"]}],"is_beta":false,"boss_relics":[{"not_picked":["Snecko Heart","ReplayTheSpireMod:DimensionalGlitch","Astrolabe"]},{"not_picked":["ReplayTheSpireMod:SealedPack","Ring of Chaos"],"picked":"conspire:SeveredTorchhead"}],"items_purged_floors":[20],"is_endless":false,"potions_floor_spawned":[1,11,16,18,19,29,35],"killed_by":"3 Darklings","ascension_level":0}}