{"host":"nbyw9l72shd4wdzc","time":1611473062,"event":{"mods":["AchievementEnabler","Act Like it!","BaseMod","Better Note","BetterRewards","Dio Mod","Downfall","Gold Saver","Hermit","Hero for Fun","Minty Spire (QoL Compilation)","Rare Cards Sparkle","Robot Space Explorer","StSLib","The Alterego","The Cursed","TheHero"],"gold_per_floor":[949,969,717,733,749,775,775,794,794,794,317,343,192,223,223,320,320,333,350,350,362,274,300,311,311,337,337,337,337,371,141,141,246,246,259,271,158,208,224,258,268,623,649,649,373,373,235,235,235,235,235,235,13,45,45],"floor_reached":56,"language":"ENG","playtime":914,"items_purged":["Strike_Y","Side_Hop","Defend_Y","Defend_Y","Defend_Y","Defend_Y","Do_Nothing","Strike_Y","Wear_Disguise+1","Strike_Y+1"],"score":1831,"play_id":"3d008a77-002d-40e3-9aa4-f13dd2d83211","local_time":"20210123232422","is_ascension_mode":false,"campfire_choices":[{"floor":7,"key":"RECALL"},{"data":"Wear_Disguise","floor":10,"key":"SMITH"},{"data":"Get_Hopes_Up","floor":15,"key":"SMITH"},{"data":"Consecutive_Normal_Punch","floor":25,"key":"SMITH"},{"floor":28,"key":"REST"},{"floor":32,"key":"REST"},{"data":"Serious_Punch","floor":49,"key":"SMITH"},{"floor":52,"key":"REST"}],"circlet_count":0,"master_deck":["Strike_Y+1","Strike_Y+1","Consecutive_Normal_Punch+1","Get_Hopes_Up+1","Serious_Punch+1"],"relics":["Cape","StoneCalendar","Nunchaku","Blood Vial","Whetstone","Toy Ornithopter","Membership Card","Matryoshka","Juzu Bracelet","Ornamental Fan","Omamori","Singing Bowl","Runic Dome","PreservedInsect","Kunai","Vajra","Turnip","InkBottle","Busted Crown","Incense Burner","Bag of Marbles","Old Coin","Akabeko","Art of War","Thread and Needle","Bag of Preparation","Pen Nib"],"acts_visited":["Exordium","TheCity","TheBeyond","TheEnding"],"potions_floor_usage":[],"damage_taken":[{"damage":0,"enemies":"Cultist","floor":1,"turns":1},{"damage":0,"enemies":"2 Louse","floor":2,"turns":2},{"damage":0,"enemies":"Jaw Worm","floor":4,"turns":1},{"damage":0,"enemies":"Lots of Slimes","floor":5,"turns":3},{"damage":0,"enemies":"3 Sentries","floor":6,"turns":2},{"damage":0,"enemies":"Gremlin Gang","floor":8,"turns":2},{"damage":0,"enemies":"Gremlin Nob","floor":12,"turns":1},{"damage":0,"enemies":"3 Sentries","floor":14,"turns":2},{"damage":0,"enemies":"Slime Boss","floor":16,"turns":1},{"damage":0,"enemies":"Spheric Guardian","floor":18,"turns":1},{"damage":0,"enemies":"Shell Parasite","floor":19,"turns":1},{"damage":0,"enemies":"Snecko","floor":21,"turns":1},{"damage":0,"enemies":"Slavers","floor":23,"turns":2},{"damage":0,"enemies":"Chosen and Byrds","floor":24,"turns":1},{"damage":0,"enemies":"Gremlin Leader","floor":30,"turns":1},{"damage":0,"enemies":"Automaton","floor":33,"turns":1},{"damage":0,"enemies":"3 Shapes","floor":35,"turns":2},{"damage":0,"enemies":"Orb Walker","floor":36,"turns":1},{"damage":0,"enemies":"Mind Bloom Boss Battle","floor":38,"turns":1},{"damage":0,"enemies":"4 Shapes","floor":39,"turns":2},{"damage":0,"enemies":"Nemesis","floor":40,"turns":1},{"damage":0,"enemies":"Jaw Worm Horde","floor":41,"turns":1},{"damage":0,"enemies":"2 Orb Walkers","floor":42,"turns":1},{"damage":0,"enemies":"Time Eater","floor":50,"turns":1},{"damage":0,"enemies":"Shield and Spear","floor":54,"turns":1},{"damage":0,"enemies":"The Heart","floor":55,"turns":1}],"seed_played":"-8086891642300802029","potions_obtained":[{"floor":2,"key":"Block Potion"},{"floor":4,"key":"SpeedPotion"},{"floor":6,"key":"SteroidPotion"},{"floor":12,"key":"Guardian:BlockOnCardUsePotion"},{"floor":23,"key":"Fire Potion"},{"floor":35,"key":"ColorlessPotion"}],"is_trial":false,"path_per_floor":["M","M","$","M","M","E","R","M","T","R","$","E","$","E","R","B",null,"M","M","?","M","$","E","M","R","T","?","R","?","E","$","R","B",null,"M","M","$","?","M","E","M","?","T","?","$","?","$","?","R","B",null,"R","$","E","B",null],"character_chosen":"OPM","items_purchased":["Wear_Disguise","Nunchaku","Whetstone","Membership Card","Matryoshka","Juzu Bracelet","Get_Hopes_Up","Omamori","InkBottle","Thread and Needle","Bag of Preparation"],"campfire_rested":3,"item_purchase_floors":[0,0,3,11,11,11,11,13,31,45,53],"current_hp_per_floor":[999,999,999,999,999,999,999,999,999,999,999,999,999,1001,1001,1003,1003,1005,1007,1007,1009,1009,1011,1013,1013,1013,1013,1013,1013,1015,1015,1015,1015,1015,1017,1019,1019,1021,1023,1025,1027,1029,1029,1029,1029,1031,1031,1031,1031,1031,1031,1031,1031,1033,1033],"gold":45,"neow_bonus":"","is_daily":false,"chose_seed":false,"campfire_upgraded":4,"win_rate":0.0,"timestamp":1611473062,"path_taken":["M","M","$","M","M","E","R","M","T","R","$","E","$","E","R","BOSS","M","M","?","M","$","E","M","R","T","?","R","?","E","$","R","BOSS","M","M","$","?","M","E","M","?","T","?","$","?","$","?","R","BOSS","R","$","E","BOSS"],"items_purchased_type":["Card","Relic","Relic","Relic","Relic","Relic","Card","Relic","Relic","Relic","Relic"],"build_version":"2020-12-22","purchased_purges":10,"victory":true,"max_hp_per_floor":[999,999,999,999,999,999,999,999,999,999,999,999,999,1001,1001,1003,1003,1005,1007,1007,1009,1009,1011,1013,1013,1013,1013,1013,1013,1015,1015,1015,1015,1015,1017,1019,1019,1021,1023,1025,1027,1029,1029,1029,1029,1031,1031,1031,1031,1031,1031,1031,1031,1033,1033],"card_choices":[{"not_picked":["Wear_Disguise","Normal_Punch"],"picked":"Side_Hop","floor":1},{"not_picked":["Side_Hop","Wear_Disguise"],"picked":"Consecutive_Normal_Punch","floor":2},{"not_picked":["Hop","Ignore"],"picked":"Do_Nothing","floor":4},{"not_picked":["Ignore","Slap","Yawn"],"picked":"SKIP","floor":5},{"not_picked":["Slap","Wear_Disguise","Side_Hop"],"picked":"SKIP","floor":6},{"not_picked":["Wear_Disguise","Yawn","Ignore"],"picked":"SKIP","floor":8},{"not_picked":["Hop","Toss_Stone","Consecutive_Normal_Punch"],"picked":"SKIP","floor":12},{"not_picked":["Side_Hop","Ignore","Hop"],"picked":"Singing Bowl","floor":14},{"not_picked":["Terrifying_Presence","Get_Hopes_Up","Hip_Strike"],"picked":"Singing Bowl","floor":16},{"not_picked":["Ignore","Yawn","Slap"],"picked":"Singing Bowl","floor":18},{"not_picked":["Slap","Normal_Punch","Ignore"],"picked":"Singing Bowl","floor":19},{"not_picked":["Toss_Stone","Ignore","Yawn"],"picked":"Singing Bowl","floor":21},{"not_picked":["Normal_Punch","Yawn+1","Slap+1"],"picked":"Singing Bowl","floor":23},{"not_picked":["Normal_Punch","Consecutive_Normal_Punch","Hop"],"picked":"Singing Bowl","floor":24},{"not_picked":["Do_Nothing","Normal_Punch","Slap"],"picked":"Singing Bowl","floor":30},{"not_picked":["Get_Hopes_Up","Oh"],"picked":"Serious_Punch","floor":33},{"not_picked":["Hop+1"],"picked":"Singing Bowl","floor":35},{"not_picked":["Wear_Disguise+1"],"picked":"Singing Bowl","floor":36},{"not_picked":["Toss_Stone+1"],"picked":"Singing Bowl","floor":38},{"not_picked":["Normal_Punch"],"picked":"Singing Bowl","floor":39},{"not_picked":["Toss_Stone+1"],"picked":"Singing Bowl","floor":40},{"not_picked":["Hop+1"],"picked":"Singing Bowl","floor":41},{"not_picked":["Side_Hop+1"],"picked":"Singing Bowl","floor":42},{"not_picked":["Apotheosis"],"picked":"Singing Bowl","floor":46},{"not_picked":["Consecutive_Normal_Punch"],"picked":"Singing Bowl","floor":54}],"player_experience":323464,"relics_obtained":[{"floor":6,"key":"Toy Ornithopter"},{"floor":12,"key":"Ornamental Fan"},{"floor":14,"key":"Singing Bowl"},{"floor":23,"key":"PreservedInsect"},{"floor":26,"key":"Kunai"},{"floor":26,"key":"Vajra"},{"floor":30,"key":"Turnip"},{"floor":38,"key":"Incense Burner"},{"floor":40,"key":"Bag of Marbles"},{"floor":42,"key":"Old Coin"},{"floor":43,"key":"Akabeko"},{"floor":43,"key":"Art of War"},{"floor":54,"key":"Pen Nib"}],"event_choices":[{"damage_healed":0,"gold_gain":0,"player_choice":"Ignored","damage_taken":0,"max_hp_gain":0,"max_hp_loss":0,"event_name":"Duplicator","floor":20,"gold_loss":0},{"damage_healed":0,"gold_gain":0,"player_choice":"Upgraded","damage_taken":0,"max_hp_gain":0,"max_hp_loss":0,"event_name":"Upgrade Shrine","floor":27,"gold_loss":0,"cards_upgraded":["Strike_Y"]},{"damage_healed":0,"gold_gain":0,"player_choice":"Ignored","damage_taken":0,"max_hp_gain":0,"max_hp_loss":0,"event_name":"betterNote:BetterNote","floor":29,"gold_loss":0,"cards_obtained":["hermit:Determination"]},{"damage_healed":0,"gold_gain":0,"player_choice":"Fight","damage_taken":0,"max_hp_gain":0,"max_hp_loss":0,"event_name":"MindBloom","floor":38,"gold_loss":0},{"damage_healed":0,"gold_gain":0,"player_choice":"Fight","damage_taken":0,"max_hp_gain":0,"max_hp_loss":0,"event_name":"Mysterious Sphere","floor":42,"gold_loss":0},{"damage_healed":0,"gold_gain":0,"player_choice":"Ignored","damage_taken":0,"max_hp_gain":0,"max_hp_loss":0,"event_name":"Tomb of Lord Red Mask","floor":44,"gold_loss":0},{"damage_healed":0,"gold_gain":0,"player_choice":"Memory 1","damage_taken":0,"max_hp_gain":0,"max_hp_loss":0,"event_name":"SensoryStone","floor":46,"gold_loss":0},{"cards_removed":["Defend_Y"],"damage_healed":0,"gold_gain":0,"player_choice":"Removed Skill","damage_taken":0,"max_hp_gain":0,"max_hp_loss":0,"event_name":"Falling","floor":48,"gold_loss":0}],"is_beta":false,"boss_relics":[{"not_picked":["Calling Bell","Velvet Choker"],"picked":"Runic Dome"},{"not_picked":["Runic Pyramid","Philosopher\u0027s Stone"],"picked":"Busted Crown"}],"items_purged_floors":[0,3,11,13,22,31,37,45,47,53],"is_endless":false,"potions_floor_spawned":[2,4,6,8,12,23,24,30,35,38,42],"ascension_level":0}}