{"host":"jpzdg3po3tjxdjri","time":1611499353,"event":{"mods":["BaseMod","Better Third Choice","Colored Map","Colored Powertips","Minty Spire (QoL Compilation)","StSLib"],"gold_per_floor":[113,125,23,43,118,118,137,168,168,343,357,383,383,333,333,434,434,445,445,459,172,271,271,302,19,65,65,65],"floor_reached":27,"language":"ENG","playtime":1004,"items_purged":["Strike_P"],"score":419,"play_id":"9a72f04b-46ae-4dbe-8752-5e8631cd0cbd","local_time":"20210124144233","is_ascension_mode":true,"campfire_choices":[{"data":"ReachHeaven","floor":6,"key":"SMITH"},{"data":"1","floor":13,"key":"LIFT"},{"floor":15,"key":"REST"},{"data":"2","floor":23,"key":"LIFT"}],"circlet_count":0,"master_deck":["Strike_P","Strike_P","Strike_P","Defend_P","Defend_P","Defend_P","Defend_P","Eruption","Vigilance","Consecrate","ReachHeaven+1","CutThroughFate","EmptyFist","EmptyBody","FearNoEvil","BattleHymn","Consecrate","Wireheading","Ragnarok","CrushJoints","WindmillStrike","Evaluate+1","CutThroughFate","Ragnarok+1","SashWhip+1","CutThroughFate+1","Scrawl","SandsOfTime+1","Halt","Regret"],"relics":["Snecko Eye","Ancient Tea Set","Bottled Flame","Girya","Cursed Key","Sundial","Molten Egg 2","Orrery","Omamori"],"acts_visited":["Exordium","TheCity"],"potions_floor_usage":[8,24,24,27],"damage_taken":[{"damage":1,"enemies":"2 Louse","floor":1,"turns":4},{"damage":0,"enemies":"Jaw Worm","floor":2,"turns":5},{"damage":0,"enemies":"Small Slimes","floor":4,"turns":1},{"damage":14,"enemies":"Exordium Wildlife","floor":7,"turns":4},{"damage":12,"enemies":"Lagavulin","floor":8,"turns":5},{"damage":0,"enemies":"Large Slime","floor":11,"turns":2},{"damage":17,"enemies":"3 Sentries","floor":12,"turns":6},{"damage":0,"enemies":"Slime Boss","floor":16,"turns":4},{"damage":12,"enemies":"2 Thieves","floor":18,"turns":2},{"damage":0,"enemies":"3 Byrds","floor":20,"turns":2},{"damage":30,"enemies":"Slavers","floor":24,"turns":3},{"damage":8,"enemies":"Colosseum Slavers","floor":27,"turns":2},{"damage":13,"enemies":"Colosseum Nobs","floor":27,"turns":2}],"seed_played":"-7704417642548883595","potions_obtained":[{"floor":1,"key":"Weak Potion"},{"floor":8,"key":"Explosive Potion"},{"floor":11,"key":"FearPotion"},{"floor":12,"key":"Energy Potion"},{"floor":24,"key":"BlessingOfTheForge"}],"is_trial":false,"path_per_floor":["M","M","$","M","?","R","M","E","T","?","M","E","R","?","R","B",null,"M","?","M","$","?","R","E","$","T","?"],"character_chosen":"WATCHER","items_purchased":["CutThroughFate","EmptyFist","CutThroughFate","Sundial","Orrery","Halt"],"campfire_rested":1,"item_purchase_floors":[3,3,21,21,25,25],"current_hp_per_floor":[64,64,64,64,53,53,39,27,27,27,27,10,10,10,31,31,62,50,50,50,50,50,50,20,20,20,0,0],"gold":65,"neow_bonus":"BOSS_RELIC","is_daily":false,"chose_seed":false,"campfire_upgraded":1,"win_rate":0.0,"timestamp":1611499353,"path_taken":["M","M","$","M","?","R","M","E","T","?","M","E","R","?","R","BOSS","M","?","M","$","?","R","E","$","T","?"],"items_purchased_type":["Card","Card","Card","Relic","Relic","Card"],"build_version":"2020-12-22","purchased_purges":1,"victory":false,"max_hp_per_floor":[72,72,72,72,72,72,72,72,72,72,72,72,72,72,72,72,72,72,72,72,72,72,72,72,72,72,72,72],"card_choices":[{"not_picked":["SignatureMove","Fasting2"],"picked":"Consecrate","floor":1},{"not_picked":["Collect","Consecrate"],"picked":"ReachHeaven","floor":2},{"not_picked":["EmptyMind","ClearTheMind"],"picked":"EmptyBody","floor":4},{"not_picked":["InnerPeace","BowlingBash"],"picked":"FearNoEvil","floor":7},{"not_picked":["Adaptation","DeceiveReality"],"picked":"BattleHymn","floor":8},{"not_picked":["Crescendo","Prostrate"],"picked":"Consecrate","floor":11},{"not_picked":["DeceiveReality","Halt"],"picked":"Wireheading","floor":12},{"not_picked":["Vault","Alpha"],"picked":"Ragnarok","floor":16},{"not_picked":["Crescendo","Perseverance"],"picked":"CrushJoints","floor":18},{"not_picked":["CarveReality","Nirvana+1"],"picked":"Evaluate+1","floor":20},{"not_picked":["JustLucky+1","Wish"],"picked":"Ragnarok+1","floor":24},{"not_picked":["Crescendo+1","Protect"],"picked":"SashWhip+1","floor":25},{"not_picked":["CrushJoints+1","FlurryOfBlows+1"],"picked":"CutThroughFate+1","floor":25},{"not_picked":["FlurryOfBlows+1","Consecrate+1"],"picked":"Scrawl","floor":25},{"not_picked":["Adaptation+1","ForeignInfluence+1"],"picked":"SandsOfTime+1","floor":25}],"player_experience":858505,"relics_obtained":[{"floor":8,"key":"Ancient Tea Set"},{"floor":9,"key":"Bottled Flame"},{"floor":12,"key":"Girya"},{"floor":24,"key":"Molten Egg 2"},{"floor":26,"key":"Omamori"}],"event_choices":[{"damage_healed":0,"gold_gain":75,"player_choice":"Gold","damage_taken":11,"max_hp_gain":0,"max_hp_loss":0,"event_name":"betterThird:BetterGoop","floor":5,"gold_loss":0},{"damage_healed":0,"gold_gain":175,"player_choice":"AGREE","damage_taken":168,"max_hp_gain":0,"max_hp_loss":0,"event_name":"betterThird:BetterSerpent","floor":10,"gold_loss":0},{"cards_removed":["Doubt"],"damage_healed":0,"gold_gain":0,"player_choice":"Card Removal","damage_taken":0,"max_hp_gain":0,"max_hp_loss":0,"event_name":"The Cleric","floor":14,"gold_loss":50},{"damage_healed":0,"gold_gain":0,"player_choice":"Read","damage_taken":0,"max_hp_gain":0,"max_hp_loss":0,"event_name":"The Library","floor":19,"gold_loss":0,"cards_obtained":["WindmillStrike"]},{"damage_healed":0,"gold_gain":99,"player_choice":"Steal","damage_taken":0,"max_hp_gain":0,"max_hp_loss":0,"event_name":"betterThird:BetterNest","floor":22,"gold_loss":0},{"damage_healed":0,"gold_gain":0,"player_choice":"Fight","damage_taken":0,"max_hp_gain":0,"max_hp_loss":0,"event_name":"Colosseum","floor":27,"gold_loss":0},{"damage_healed":0,"gold_gain":0,"player_choice":"Fought Nobs","damage_taken":0,"max_hp_gain":0,"max_hp_loss":0,"event_name":"Colosseum","floor":27,"gold_loss":0}],"is_beta":false,"boss_relics":[{"not_picked":["Runic Dome","Philosopher\u0027s Stone"],"picked":"Cursed Key"}],"items_purged_floors":[25],"is_endless":false,"potions_floor_spawned":[1,8,11,12,16,18,20,24],"killed_by":"Colosseum Nobs","ascension_level":9}}