{"host":"cvgulky4xr711dtb","time":1611462541,"event":{"mods":["AchievementEnabler","BaseMod","BetterRewards","Highlight Path","Minty Spire (QoL Compilation)"],"gold_per_floor":[111,125,141,141,141,169,169,44,344,375,229,229,242,259,259,259,259],"floor_reached":16,"language":"ENG","playtime":840,"items_purged":[],"score":135,"play_id":"55a36725-4d98-4330-bcbb-d6387b70259c","local_time":"20210124042901","is_ascension_mode":false,"campfire_choices":[{"floor":7,"key":"REST"},{"data":"CutThroughFate","floor":12,"key":"SMITH"},{"floor":15,"key":"REST"}],"circlet_count":0,"master_deck":["Strike_P","Strike_P","Strike_P","Strike_P","Defend_P","Defend_P","Defend_P","Defend_P","Eruption","Vigilance","Adaptation","Consecrate","Weave","CutThroughFate+1","Tantrum","Weave","LikeWater","BowlingBash","BattleHymn"],"relics":["PureWater","Bird Faced Urn","Happy Flower","Gremlin Horn","Old Coin","Toxic Egg 2","Pen Nib"],"acts_visited":["Exordium"],"potions_floor_usage":[6,10,10,10,10,16,16],"damage_taken":[{"damage":4,"enemies":"Jaw Worm","floor":1,"turns":4},{"damage":0,"enemies":"2 Louse","floor":2,"turns":2},{"damage":0,"enemies":"Cultist","floor":3,"turns":3},{"damage":9,"enemies":"3 Sentries","floor":6,"turns":4},{"damage":0,"enemies":"Gremlin Nob","floor":10,"turns":2},{"damage":14,"enemies":"3 Louse","floor":13,"turns":2},{"damage":0,"enemies":"2 Fungi Beasts","floor":14,"turns":2},{"damage":72,"enemies":"The Guardian","floor":16,"turns":4}],"seed_played":"8369981459283447897","potions_obtained":[{"floor":1,"key":"Regen Potion"},{"floor":6,"key":"SpeedPotion"}],"is_trial":false,"path_per_floor":["M","M","M","?","T","E","R","$","T","E","$","R","M","M","R","B"],"character_chosen":"WATCHER","items_purchased":["Adaptation","Happy Flower","Consecrate","EntropicBrew","LikeWater","AttackPotion","Pen Nib"],"campfire_rested":2,"item_purchase_floors":[0,0,0,0,8,8,11],"current_hp_per_floor":[63,63,65,47,47,52,72,72,72,72,72,72,58,58,72,0,0],"gold":259,"neow_bonus":"","is_daily":false,"chose_seed":false,"campfire_upgraded":1,"win_rate":0.0,"timestamp":1611462541,"path_taken":["M","M","M","?","?","E","R","?","T","E","$","R","M","M","R","BOSS"],"items_purchased_type":["Card","Relic","Card","Potion","Card","Potion","Relic"],"build_version":"2020-12-22","purchased_purges":0,"victory":false,"max_hp_per_floor":[72,72,72,72,72,72,72,72,72,72,72,72,72,72,72,72,72],"card_choices":[{"not_picked":["EmptyBody","Consecrate"],"picked":"Weave","floor":1},{"not_picked":["SashWhip","Pray"],"picked":"CutThroughFate","floor":2},{"not_picked":["Consecrate","CrushJoints"],"picked":"Tantrum","floor":3},{"not_picked":["CutThroughFate","EmptyFist"],"picked":"Weave","floor":6},{"not_picked":["WindmillStrike","EmptyBody+1"],"picked":"BowlingBash","floor":10},{"not_picked":["JustLucky","FlyingSleeves","CarveReality"],"picked":"SKIP","floor":13},{"not_picked":["PathToVictory+1","FearNoEvil"],"picked":"BattleHymn","floor":14}],"player_experience":210366,"relics_obtained":[{"floor":6,"key":"Gremlin Horn"},{"floor":9,"key":"Old Coin"},{"floor":10,"key":"Toxic Egg 2"}],"event_choices":[{"damage_healed":0,"gold_gain":0,"player_choice":"Fled","damage_taken":18,"max_hp_gain":0,"max_hp_loss":0,"event_name":"Scrap Ooze","floor":4,"gold_loss":0}],"is_beta":false,"boss_relics":[],"items_purged_floors":[],"is_endless":false,"potions_floor_spawned":[1,6],"killed_by":"The Guardian","ascension_level":0}}