{"host":"0dsi8ju7ih3zb7n8","time":1611514613,"event":{"mods":["2.2 Compatiblity","Act Like it!","BaseMod","Downfall","Hermit","Minty Spire (QoL Compilation)","Robot Space Explorer","Spicy Shops","StSLib","The Cursed","The Marked"],"gold_per_floor":[110,124,124,141,141,466,491,518,518,518,593,593,593,43,43,145,145,161,161,11,11,27,27,56,56,56,56,56,90,90,90,90],"floor_reached":31,"language":"ENG","playtime":1588,"items_purged":[],"score":335,"play_id":"769bd844-bd8a-4a1f-af84-6109c067ddf2","local_time":"20210124195653","daily_mods":["SealedDeck","Heirloom","Flight"],"is_ascension_mode":false,"campfire_choices":[{"floor":12,"key":"REST"},{"data":"theMarked:ComboAttacks","floor":13,"key":"SMITH"},{"data":"theMarked:Indomitable","floor":15,"key":"SMITH"},{"floor":23,"key":"REST"},{"data":"theMarked:BindingBlade","floor":25,"key":"SMITH"},{"data":"theMarked:StartUp","floor":28,"key":"SMITH"},{"data":"theMarked:KeepCalmAndFight","floor":30,"key":"SMITH"}],"circlet_count":0,"master_deck":["theMarked:ElectricStrings","theMarked:Parkour","theMarked:TwofoldDefense","theMarked:MysticalArsenal","theMarked:Electrify","theMarked:PowerFlow+1","theMarked:Indomitable+1","theMarked:Panic","theMarked:Generate","theMarked:EnhanceMovement+1","theMarked:OneWithTheBlade","theMarked:ComboAttacks+1","theMarked:StartUp+1","theMarked:KeepCalmAndFight+1","theMarked:Opportunist","theMarked:Overthink","theMarked:Aftermath","Parasite","theMarked:BindingBlade+1","theMarked:OneWithTheBlade+1","theMarked:SwordAndMagic+1"],"relics":["theMarked:ArtifactOfAir","Prayer Wheel","Old Coin","HornCleat","hexamod:CandleOfCauterizing","Mercury Hourglass","Omamori","InkBottle","Centennial Puzzle","SacredBark","MutagenicStrength","Nunchaku","Nilry\u0027s Codex","Ancient Tea Set","Molten Egg 2","Gremlin Horn"],"acts_visited":["Exordium","TheCity"],"potions_floor_usage":[16,24],"damage_taken":[{"damage":0.0,"enemies":"Jaw Worm","floor":1.0,"turns":3.0},{"damage":0.0,"enemies":"Cultist","floor":2.0,"turns":2.0},{"damage":6.0,"enemies":"2 Louse","floor":4.0,"turns":3.0},{"damage":0.0,"enemies":"Lagavulin","floor":6.0,"turns":5.0},{"damage":24.0,"enemies":"Gremlin Nob","floor":7.0,"turns":5.0},{"damage":22,"enemies":"3 Sentries","floor":8,"turns":6},{"damage":11,"enemies":"Slime Boss","floor":16,"turns":6},{"damage":12,"enemies":"Shell Parasite","floor":18,"turns":3},{"damage":10,"enemies":"Chosen","floor":22,"turns":3},{"damage":0,"enemies":"Gremlin Leader","floor":24,"turns":4},{"damage":24,"enemies":"Slavers","floor":29,"turns":4},{"damage":26,"enemies":"Centurion and Healer","floor":31,"turns":4}],"seed_played":"6175305034803031367","potions_obtained":[{"floor":3.0,"key":"Swift Potion"},{"floor":3.0,"key":"SneckoOil"},{"floor":3.0,"key":"Energy Potion"},{"floor":6.0,"key":"theMarked:ChargePotion"},{"floor":7,"key":"SmokeBomb"},{"floor":8,"key":"sneckomod:MuddlingPotion"},{"floor":22,"key":"hexamod:SoulburnPotion"}],"is_trial":true,"path_per_floor":["M","M","?","M","?","E","E","E","T","?","?","R","R","$","R","B",null,"M","?","$","?","M","R","E","R","T","$","R","E","R","M"],"character_chosen":"THE_DEFAULT","items_purchased":["Omamori","InkBottle","Centennial Puzzle","Nunchaku"],"campfire_rested":2,"item_purchase_floors":[14,14,14,20],"current_hp_per_floor":[70,70,70,64,50,50,26,4,4,21,10,31,31,31,31,20,70,58,58,58,42,32,53,53,53,53,53,53,29,29,3,3],"gold":90,"neow_bonus":"","is_daily":false,"chose_seed":false,"campfire_upgraded":5,"win_rate":0.0,"timestamp":1611514613,"path_taken":["M","M","?","?","?","E","E","E","T","?","?","R","R","$","R","BOSS","M","?","$","?","M","R","E","R","T","?","R","E","R","?"],"items_purchased_type":["Relic","Relic","Relic","Relic"],"build_version":"2020-12-22","purchased_purges":0,"victory":false,"max_hp_per_floor":[70,70,70,70,70,70,70,70,70,70,70,70,70,70,70,70,70,70,70,70,70,70,70,70,70,70,70,70,70,70,70,70],"card_choices":[{"not_picked":["theMarked:LightningStrikesTwice","theMarked:Parkour"],"picked":"theMarked:OneWithTheBlade","floor":1.0},{"not_picked":["theMarked:SwordAndMagic","theMarked:Memento","theMarked:Generate"],"picked":"SKIP","floor":1.0},{"not_picked":["theMarked:Improvise","theMarked:ParalyzingBlade"],"picked":"theMarked:ComboAttacks","floor":2.0},{"not_picked":["theMarked:ContemptForTheProud","theMarked:PowerFlow"],"picked":"theMarked:StartUp","floor":2.0},{"not_picked":["theMarked:SwordAndMagic","theMarked:Convert"],"picked":"theMarked:KeepCalmAndFight","floor":4.0},{"not_picked":["theMarked:CreepingChasm","theMarked:Frustration","theMarked:Static"],"picked":"SKIP","floor":4.0},{"not_picked":["theMarked:HeightenedSenses","theMarked:BanishingStrike"],"picked":"theMarked:Opportunist","floor":6.0},{"not_picked":["theMarked:ContemptForTheProud","theMarked:BanishingWave"],"picked":"theMarked:Overthink","floor":7},{"not_picked":["theMarked:OneWithTheBlade","theMarked:RepellingDischarge"],"picked":"theMarked:Aftermath","floor":8},{"not_picked":["theMarked:Challenge","theMarked:TurnInvisible"],"picked":"theMarked:BindingBlade","floor":16},{"not_picked":["theMarked:WardOff","theMarked:SwordAndMagic","theMarked:StartUp"],"picked":"SKIP","floor":18},{"not_picked":["theMarked:Improvise","theMarked:SwordAndMagic","theMarked:Maelstrom"],"picked":"SKIP","floor":18},{"not_picked":["theMarked:Standoff+1","theMarked:ContemptForTheProud"],"picked":"theMarked:OneWithTheBlade+1","floor":22},{"not_picked":["theMarked:RogueSparks","theMarked:KeepCalmAndFight","theMarked:BanishingStrike"],"picked":"SKIP","floor":22},{"not_picked":["theMarked:RogueSparks","theMarked:Panic","theMarked:Frustration"],"picked":"SKIP","floor":24},{"not_picked":["theMarked:BanishingStrike+1","theMarked:TakeCover"],"picked":"theMarked:SwordAndMagic+1","floor":29}],"player_experience":875162,"relics_obtained":[{"floor":6.0,"key":"Old Coin"},{"floor":7,"key":"HornCleat"},{"floor":8,"key":"hexamod:CandleOfCauterizing"},{"floor":9,"key":"Mercury Hourglass"},{"floor":21,"key":"Nilry\u0027s Codex"},{"floor":24,"key":"Ancient Tea Set"},{"floor":26,"key":"Molten Egg 2"},{"floor":29,"key":"Gremlin Horn"}],"event_choices":[{"damage_healed":0.0,"max_hp_gain":0.0,"max_hp_loss":0.0,"gold_gain":0.0,"event_name":"Lab","player_choice":"Got Potions","floor":3.0,"gold_loss":0.0,"damage_taken":0.0},{"damage_healed":0.0,"max_hp_gain":0.0,"max_hp_loss":0.0,"gold_gain":0.0,"event_name":"Shining Light","player_choice":"Entered Light","floor":5.0,"gold_loss":0.0,"damage_taken":14.0,"cards_upgraded":["theMarked:EnhanceMovement","theMarked:PowerFlow"]},{"damage_healed":17,"gold_gain":0,"player_choice":"Healed and dodged fight","damage_taken":0,"max_hp_gain":0,"max_hp_loss":0,"event_name":"Mushrooms","floor":10,"gold_loss":0,"cards_obtained":["Parasite"]},{"damage_healed":0,"gold_gain":75,"player_choice":"Gather Gold","damage_taken":11,"max_hp_gain":0,"max_hp_loss":0,"event_name":"World of Goop","floor":11,"gold_loss":0},{"damage_healed":0,"gold_gain":0,"player_choice":"Inject Mutagens","damage_taken":0,"relics_obtained":["MutagenicStrength"],"max_hp_gain":0,"max_hp_loss":0,"event_name":"Drug Dealer","floor":19,"gold_loss":0},{"damage_healed":0,"gold_gain":0,"player_choice":"Obtained Book","damage_taken":16,"max_hp_gain":0,"max_hp_loss":0,"event_name":"Cursed Tome","floor":21,"gold_loss":0}],"is_beta":false,"boss_relics":[{"not_picked":["Runic Dome","Tiny House"],"picked":"SacredBark"}],"items_purged_floors":[],"is_endless":false,"potions_floor_spawned":[6,7,8,22],"killed_by":"Centurion and Healer","ascension_level":0}}