{"host":"j07c9owmfahsj8nv","time":1611462158,"event":{"mods":["AchievementEnabler","BaseMod","Custom Start","Minty Spire (QoL Compilation)","Relic Filter","Remove Card Discount Mod","Replay The Spire","StSLib"],"gold_per_floor":[119,130,150,150,225,225,225,225,225,257,257,289,316,131,131,233,233,245,185,200,233,35,67,98,129,154,169,169,195,221,246,246,342,342,362,385,106,0,20,53,87,119,191,191,28,57,74,106,106,106],"floor_reached":51,"language":"ZHS","playtime":2879,"items_purged":[],"score":1323,"play_id":"9d4f35ba-ed9a-4556-8758-12dcadbf9dbf","local_time":"20210124122238","daily_mods":["Flight","DeadlyEvents","Elite Swarm"],"is_ascension_mode":false,"campfire_choices":[{"data":"RitualDagger","floor":6,"key":"SMITH"},{"data":"FollowUp","floor":7,"key":"SMITH"},{"data":"Adaptation","floor":8,"key":"SMITH"},{"floor":11,"key":"REST"},{"floor":15,"key":"REST"},{"floor":28,"key":"REST"},{"floor":49,"key":"DIG"}],"circlet_count":0,"master_deck":["RitualDagger+1","Adaptation+1","Devotion+1","ClearTheMind+1","Crescendo+1","Prostrate+1","JustLucky+1","CutThroughFate+1","Weave+1","FollowUp+1","FlurryOfBlows+1","Halt+1","Vault+1","Panache+1","Scrawl+1","Brilliance+1","Replay:ManipulateFuture+1","ForeignInfluence+1","DeusExMachina+1","TalkToTheHand+1","CrushJoints+1","Replay:LoomingThreat+1","Blasphemy+1","FollowUp+1"],"relics":["HolyWater","Membership Card","Frozen Egg 2","Toxic Egg 2","Molten Egg 2","Quantum Egg","War Paint","Whetstone","Replay:Wax Seal","StoneCalendar","Gremlin Food","Prayer Wheel","ReplayTheSpireMod:TigerMarble","ReplayTheSpireMod:Lightbulb","VioletLotus","Replay:PocketPolymizer","Strawberry","Replay:Bottled Flurry","MealTicket","Blue Doll","Tiny Chest","ReplayFunnel","Replay:Rubber Ducky","Bag of Marbles","Potion Belt","Vajra","Replay:Baseball","Guide Book","White Beast Statue","Omamori","Red Mask","Replay:Purple Gloves","Mummified Hand","Lantern","The Courier","Blood Vial","Snack Pack","HandDrill","StrikeDummy","Orichalcum","Pen Nib"],"acts_visited":["Exordium","TheCity","TheBeyond"],"potions_floor_usage":[16,20,31,42,50],"damage_taken":[{"damage":0,"enemies":"Jaw Worm","floor":1,"turns":1},{"damage":0,"enemies":"Small Slimes","floor":2,"turns":2},{"damage":0,"enemies":"Cultist","floor":3,"turns":1},{"damage":12,"enemies":"3 Sentries","floor":10,"turns":3},{"damage":0,"enemies":"Lagavulin","floor":12,"turns":2},{"damage":0,"enemies":"Replay:BlueRogue","floor":13,"turns":2},{"damage":3,"enemies":"Fading Forest","floor":16,"turns":9},{"damage":0,"enemies":"Spheric Guardian","floor":18,"turns":2},{"damage":1,"enemies":"3 Byrds","floor":20,"turns":2},{"damage":22,"enemies":"Gremlin Leader","floor":21,"turns":3},{"damage":0,"enemies":"Slavers","floor":23,"turns":2},{"damage":0,"enemies":"Replay:Snechameleon","floor":24,"turns":1},{"damage":0,"enemies":"Book of Stabbing","floor":25,"turns":2},{"damage":0,"enemies":"Snake Plant","floor":27,"turns":1},{"damage":3,"enemies":"Replay:Snechameleon","floor":30,"turns":2},{"damage":4,"enemies":"Slavers","floor":31,"turns":2},{"damage":0,"enemies":"Automaton","floor":33,"turns":2},{"damage":0,"enemies":"Orb Walker","floor":35,"turns":1},{"damage":0,"enemies":"3 Darklings","floor":39,"turns":2},{"damage":0,"enemies":"Nemesis","floor":40,"turns":2},{"damage":0,"enemies":"Giant Head","floor":41,"turns":1},{"damage":4,"enemies":"R_Hoarder","floor":42,"turns":3},{"damage":0,"enemies":"Giant Head","floor":46,"turns":4},{"damage":0,"enemies":"Transient","floor":47,"turns":4},{"damage":0,"enemies":"R_Hoarder","floor":48,"turns":1},{"damage":0,"enemies":"Donu and Deca","floor":50,"turns":3}],"seed_played":"-3371119679625212276","potions_obtained":[{"floor":3,"key":"StancePotion"},{"floor":10,"key":"FearPotion"},{"floor":13,"key":"LiquidMemories"},{"floor":16,"key":"Flashbang"},{"floor":18,"key":"Explosive Potion"},{"floor":24,"key":"EssenceOfSteel"},{"floor":31,"key":"FairyPotion"},{"floor":39,"key":"Adrenaline Potion"},{"floor":40,"key":"ColorlessPotion"},{"floor":41,"key":"Fire Potion"},{"floor":42,"key":"SkillPotion"},{"floor":46,"key":"Milkshake"}],"is_trial":true,"path_per_floor":["M","M","M","?","?","R","R","R","T","E","R","E","E","$","R","B",null,"M","?","M","E","$","E","E","E","T","M","R","T","E","E","R","B",null,"M","T","$","?","M","E","E","E","T","T","$","E","M","E","R","B",null],"character_chosen":"WATCHER","items_purchased":["Panache+1","ReplayTheSpireMod:Lightbulb","Strawberry","Replay:Bottled Flurry","Guide Book","White Beast Statue","Omamori","Snack Pack","HandDrill"],"campfire_rested":3,"item_purchase_floors":[14,14,22,22,37,37,37,45,45],"current_hp_per_floor":[72,72,72,58,47,47,47,47,47,35,56,56,56,56,72,69,72,72,72,71,49,56,56,56,56,56,56,79,79,76,72,72,72,79,79,79,79,79,79,79,79,75,75,75,79,79,79,79,79,79],"gold":106,"neow_bonus":"","is_daily":false,"chose_seed":false,"campfire_upgraded":3,"win_rate":0.0,"timestamp":1611462158,"path_taken":["M","M","M","?","?","R","R","R","T","E","R","E","?","$","R","BOSS","M","?","?","?","?","E","E","E","T","?","R","?","E","?","R","BOSS","M","?","$","?","?","E","?","E","T","?","?","E","?","E","R","BOSS"],"items_purchased_type":["Card","Relic","Relic","Relic","Relic","Relic","Relic","Relic","Relic"],"build_version":"2020-12-22","purchased_purges":0,"victory":true,"max_hp_per_floor":[72,72,72,72,72,72,72,72,72,72,72,72,72,72,72,72,72,72,72,72,72,79,79,79,79,79,79,79,79,79,79,79,79,79,79,79,79,79,79,79,79,79,79,79,79,79,79,79,79,79],"card_choices":[{"not_picked":["Protect+1","Evaluate+1"],"picked":"Halt+1","floor":1},{"not_picked":["Study+1","Replay:AtTheReady+1","ClearTheMind+1"],"picked":"SKIP","floor":2},{"not_picked":["MentalFortress+1","FlyingSleeves+1","WaveOfTheHand+1"],"picked":"SKIP","floor":3},{"not_picked":["Alpha+1","Wish+1"],"picked":"Vault+1","floor":10},{"not_picked":["Replay:AllIn+1","DevaForm+1","SpiritShield+1"],"picked":"SKIP","floor":12},{"not_picked":["SpiritShield+1","Wish+1","Establishment+1"],"picked":"SKIP","floor":13},{"not_picked":["EmptyBody+1","CutThroughFate+1"],"picked":"InnerPeace+1","floor":18},{"not_picked":["DeceiveReality+1","Conclude+1","Replay:AtTheReady+1"],"picked":"SKIP","floor":18},{"not_picked":["Indignation+1","PathToVictory+1","LikeWater+1"],"picked":"SKIP","floor":20},{"not_picked":["Replay:BluntJabs+1","CutThroughFate+1","Crescendo+1"],"picked":"SKIP","floor":20},{"not_picked":["SpiritShield+1","Blasphemy+1"],"picked":"Scrawl+1","floor":21},{"not_picked":["MasterReality+1","LessonLearned+1","Vault+1"],"picked":"SKIP","floor":23},{"not_picked":["Blasphemy+1","LessonLearned+1"],"picked":"Brilliance+1","floor":24},{"not_picked":["Ragnarok+1","Wish+1","Establishment+1"],"picked":"SKIP","floor":25},{"not_picked":["Replay:Vibes+1","CutThroughFate+1"],"picked":"Replay:ManipulateFuture+1","floor":27},{"not_picked":["MentalFortress+1","Replay:Vibes+1","Evaluate+1"],"picked":"SKIP","floor":27},{"not_picked":["ConjureBlade+1","Alpha+1","MasterReality+1"],"picked":"SKIP","floor":30},{"not_picked":["LessonLearned+1","Replay:LoomingThreat+1"],"picked":"DeusExMachina+1","floor":31},{"not_picked":["SandsOfTime+1","MentalFortress+1"],"picked":"TalkToTheHand+1","floor":35},{"not_picked":["FlyingSleeves+1","Meditate+1"],"picked":"CrushJoints+1","floor":35},{"not_picked":["EmptyBody+1","Replay:Vibes+1","Protect+1"],"picked":"SKIP","floor":39},{"not_picked":["BowlingBash+1","Nirvana+1","Collect+1"],"picked":"SKIP","floor":39},{"not_picked":["Devotion+1","Scrawl+1"],"picked":"Replay:LoomingThreat+1","floor":40},{"not_picked":["Ragnarok+1","Brilliance+1","Replay:AllIn+1"],"picked":"SKIP","floor":41},{"not_picked":["LessonLearned+1","Scrawl+1"],"picked":"Blasphemy+1","floor":42},{"not_picked":["Blasphemy+1","Replay:AllIn+1","MasterReality+1"],"picked":"SKIP","floor":46},{"not_picked":["ThirdEye+1","EmptyFist+1"],"picked":"FollowUp+1","floor":47},{"not_picked":["Halt+1","BowlingBash+1","LikeWater+1"],"picked":"SKIP","floor":47},{"not_picked":["Establishment+1","Brilliance+1","MasterReality+1"],"picked":"SKIP","floor":48}],"player_experience":33954,"relics_obtained":[{"floor":9,"key":"StoneCalendar"},{"floor":10,"key":"Gremlin Food"},{"floor":12,"key":"Prayer Wheel"},{"floor":13,"key":"ReplayTheSpireMod:TigerMarble"},{"floor":21,"key":"Replay:PocketPolymizer"},{"floor":23,"key":"MealTicket"},{"floor":24,"key":"Blue Doll"},{"floor":25,"key":"Tiny Chest"},{"floor":26,"key":"ReplayFunnel"},{"floor":29,"key":"Replay:Rubber Ducky"},{"floor":30,"key":"Bag of Marbles"},{"floor":31,"key":"Potion Belt"},{"floor":36,"key":"Replay:Baseball"},{"floor":40,"key":"Replay:Purple Gloves"},{"floor":41,"key":"Mummified Hand"},{"floor":42,"key":"Lantern"},{"floor":43,"key":"The Courier"},{"floor":44,"key":"Blood Vial"},{"floor":46,"key":"StrikeDummy"},{"floor":48,"key":"Orichalcum"},{"floor":49,"key":"Pen Nib"}],"event_choices":[{"damage_healed":0,"gold_gain":0,"player_choice":"Entered Light","damage_taken":14,"max_hp_gain":0,"max_hp_loss":0,"event_name":"Shining Light","floor":4,"gold_loss":0,"cards_upgraded":["FlurryOfBlows","Crescendo"]},{"damage_healed":0,"gold_gain":75,"player_choice":"Gather Gold","damage_taken":11,"max_hp_gain":0,"max_hp_loss":0,"event_name":"World of Goop","floor":5,"gold_loss":0},{"damage_healed":0,"gold_gain":0,"player_choice":"Gave Potion","damage_taken":0,"relics_obtained":["Vajra"],"max_hp_gain":0,"max_hp_loss":0,"event_name":"WeMeetAgain","floor":32,"gold_loss":0},{"damage_healed":0,"gold_gain":0,"player_choice":"Paid","damage_taken":0,"relics_obtained":["Red Mask"],"max_hp_gain":0,"max_hp_loss":0,"event_name":"Tomb of Lord Red Mask","floor":38,"gold_loss":106}],"is_beta":false,"boss_relics":[{"not_picked":["Replay:Bronze Core","Runic Pyramid"],"picked":"VioletLotus"},{"not_picked":["Sozu","Painkiller Herb"],"picked":"HolyWater"}],"items_purged_floors":[],"is_endless":false,"potions_floor_spawned":[3,10,13,16,18,24,27,31,39,40,41,42,46,47,48],"ascension_level":0}}