{"host":"9xv6exvwmlpefxuw","time":1611477693,"event":{"mods":["ATMod(阿瑾Mod)","AchievementEnabler","Act Like it!","Aspiration","BaseMod","Chen","Colored Powertips","Conspire","Downfall","Friendly Minions","Gensokyo","GifTheSpireLib","KinomotoSakuraMod(木之本樱)","Koishi","KomeijiMod","Lobotomy","LobotomyExtend","Marisa（F雨　魔理沙）","Minty Spire (QoL Compilation)","Pale of the Ancients","Rare Cards Sparkle","Reimu（博丽灵梦）","Remilia_Scarlet Moed（蕾米莉亚・斯卡雷特）3.3.5","Remilia（蕾米莉亚）","RumiaBox-露米娅的神秘盒子","StSLib","The Administrix","The Mystic","The Servant 0.9.4","WarShipGirlsR/战舰少女R mod","Yakumo Yukari mod","Youmu（魂魄妖梦）","Yuyuko","[IsaacMod]以撒尖塔","[功能]功能增强和修复MOD","【功能Mod】混沌之环修复补丁","【功能Mod】聪明的最终Boss","【遗物卡牌】REMEMod"],"gold_per_floor":[119,138,138,138,148,183,199,199,199],"floor_reached":8,"language":"ZHS","playtime":455,"items_purged":[],"score":61,"play_id":"512316c4-098f-4b94-b70a-37ab05959153","local_time":"20210124164133","is_ascension_mode":true,"campfire_choices":[],"circlet_count":0,"master_deck":["Strike_R","Strike_R","Strike_R","Defend_R","Defend_R","Defend_R","Defend_R","Bash","AT_ChampionKick","Bomb","Heavy Blade","Iron Wave","Rupture","Dual Wield"],"relics":["AT_ATBox","HushsDoor","REME_ComplimentaryCards","DeadEye","Empty Cage","aspiration:BabyByrd","aspiration:FetidBarrel"],"acts_visited":["Exordium"],"potions_floor_usage":[6,6],"damage_taken":[{"damage":2,"enemies":"2 Louse","floor":1,"turns":5},{"damage":3,"enemies":"Jaw Worm","floor":2,"turns":4},{"damage":4,"enemies":"Cultist","floor":5,"turns":4},{"damage":36,"enemies":"Lagavulin","floor":6,"turns":7},{"damage":13,"enemies":"3 Louse","floor":7,"turns":3},{"damage":33,"enemies":"3 Sentries","floor":8,"turns":6}],"seed_played":"-1622200868948217962","potions_obtained":[{"floor":1,"key":"Energy Potion"},{"floor":2,"key":"SteroidPotion"},{"floor":5,"key":"Energy Potion"},{"floor":6,"key":"BlessingOfTheForge"},{"floor":6,"key":"GrandPatriotsElixir:ReiMu"}],"is_trial":false,"path_per_floor":["M","M","?","?","M","E","M","E"],"character_chosen":"IRONCLAD","items_purchased":[],"campfire_rested":0,"item_purchase_floors":[],"current_hp_per_floor":[78,75,80,80,76,40,27,0,0],"gold":199,"neow_bonus":"BOSS_RELIC","is_daily":false,"chose_seed":false,"campfire_upgraded":0,"win_rate":0.0,"timestamp":1611477693,"path_taken":["M","M","?","?","M","E","M","E"],"items_purchased_type":[],"build_version":"2020-12-22","purchased_purges":0,"victory":false,"max_hp_per_floor":[80,80,80,80,80,80,80,80,80],"card_choices":[{"not_picked":["AT_IchimonjiDouble","Havoc"],"picked":"Bomb","floor":1},{"not_picked":["Warcry","AT_BodySlamDance"],"picked":"Heavy Blade","floor":2},{"not_picked":["Havoc","Clothesline"],"picked":"Iron Wave","floor":5},{"not_picked":["Shrug It Off","Fiend Fire"],"picked":"Rupture","floor":6},{"not_picked":["Armaments","Clash"],"picked":"Dual Wield","floor":7}],"player_experience":134675,"relics_obtained":[{"floor":6,"key":"aspiration:FetidBarrel"}],"event_choices":[],"is_beta":false,"boss_relics":[],"items_purged_floors":[],"is_endless":false,"potions_floor_spawned":[1,2,5,6,6],"killed_by":"3 Sentries","ascension_level":1}}