{"host":"uv5ws9rdk87e8i5k","time":1611467870,"event":{"mods":["AchievementEnabler","BaseMod","Colored Map","Minty Spire (QoL Compilation)","StSLib","SuperFastMode"],"gold_per_floor":[111,111,128,145,157,175,175,205,255,273,294,319,329,344,344,344,344],"floor_reached":16,"language":"ENG","playtime":285,"items_purged":[],"score":151,"play_id":"34423f63-f445-4bb7-ba85-3cd49946554a","local_time":"20210123235750","is_ascension_mode":true,"campfire_choices":[{"data":"Seeing Red","floor":7,"key":"SMITH"},{"data":"Perfected Strike","floor":15,"key":"SMITH"}],"circlet_count":0,"master_deck":["Strike_R","Strike_R","Strike_R","Strike_R","Defend_R","Defend_R","Defend_R","Defend_R","Bash","Pommel Strike","Seeing Red+1","Whirlwind","Twin Strike","Cleave","Perfected Strike+1","Double Tap","Headbutt"],"relics":["Burning Blood","Torii","PreservedInsect","Odd Mushroom","Mummified Hand"],"acts_visited":["Exordium"],"potions_floor_usage":[11,12,16],"damage_taken":[{"damage":12,"enemies":"2 Louse","floor":1,"turns":3},{"damage":1,"enemies":"Cultist","floor":3,"turns":3},{"damage":0,"enemies":"Small Slimes","floor":4,"turns":2},{"damage":11,"enemies":"Looter","floor":5,"turns":2},{"damage":1,"enemies":"2 Fungi Beasts","floor":6,"turns":2},{"damage":10,"enemies":"Gremlin Nob","floor":8,"turns":3},{"damage":9,"enemies":"Exordium Thugs","floor":10,"turns":2},{"damage":1,"enemies":"The Mushroom Lair","floor":11,"turns":2},{"damage":9,"enemies":"Lagavulin","floor":12,"turns":4},{"damage":0,"enemies":"3 Louse","floor":13,"turns":1},{"damage":12,"enemies":"Looter","floor":14,"turns":3},{"damage":19,"enemies":"Slime Boss","floor":16,"turns":6}],"seed_played":"-371718124776406289","potions_obtained":[{"floor":4,"key":"Strength Potion"},{"floor":6,"key":"Block Potion"},{"floor":11,"key":"SneckoOil"},{"floor":14,"key":"LiquidBronze"}],"is_trial":false,"path_per_floor":["M","?","M","M","M","M","R","E","T","M","?","E","M","M","R","B"],"character_chosen":"IRONCLAD","items_purchased":[],"campfire_rested":0,"item_purchase_floors":[],"current_hp_per_floor":[74,74,79,85,80,85,85,81,81,78,83,80,86,80,80,61,61],"gold":344,"neow_bonus":"TEN_PERCENT_HP_BONUS","is_daily":false,"chose_seed":false,"campfire_upgraded":2,"win_rate":0.0,"timestamp":1611467870,"path_taken":["M","?","M","M","M","?","R","E","T","M","?","E","M","M","R","BOSS"],"items_purchased_type":[],"build_version":"2020-12-22","purchased_purges":0,"victory":false,"max_hp_per_floor":[88,88,88,88,88,88,88,88,88,88,88,88,88,88,88,88,88],"card_choices":[{"not_picked":["Sword Boomerang","Twin Strike"],"picked":"Pommel Strike","floor":1},{"not_picked":["Iron Wave","Clothesline"],"picked":"Seeing Red","floor":3},{"not_picked":["Sword Boomerang","Heavy Blade"],"picked":"Whirlwind","floor":4},{"not_picked":["Iron Wave","Sword Boomerang"],"picked":"Twin Strike","floor":5},{"not_picked":["Blood for Blood","Seeing Red"],"picked":"Cleave","floor":6},{"not_picked":["Flex","Berserk"],"picked":"Perfected Strike","floor":8},{"not_picked":["Flex","Anger","Shrug It Off"],"picked":"SKIP","floor":10},{"not_picked":["Combust","Wild Strike"],"picked":"Double Tap","floor":12},{"not_picked":["Flex","Carnage"],"picked":"Headbutt","floor":13},{"not_picked":["Reckless Charge","Dark Embrace","Body Slam"],"picked":"SKIP","floor":14}],"player_experience":222600,"relics_obtained":[{"floor":8,"key":"Torii"},{"floor":9,"key":"PreservedInsect"},{"floor":11,"key":"Odd Mushroom"},{"floor":12,"key":"Mummified Hand"}],"event_choices":[{"cards_removed":["Strike_R"],"damage_healed":0,"gold_gain":0,"player_choice":"Offered Basic","damage_taken":0,"max_hp_gain":0,"max_hp_loss":0,"event_name":"Bonfire Elementals","floor":2,"gold_loss":0},{"damage_healed":0,"gold_gain":0,"player_choice":"Fought Mushrooms","damage_taken":0,"max_hp_gain":0,"max_hp_loss":0,"event_name":"Mushrooms","floor":11,"gold_loss":0}],"is_beta":false,"boss_relics":[],"items_purged_floors":[],"is_endless":false,"potions_floor_spawned":[4,6,11,14],"killed_by":"Slime Boss","ascension_level":6}}