{"host":"egwexuw5uvnxf11j","time":1611466551,"event":{"mods":["2.2 Compatiblity","Aspiration","BaseMod","Better Altar","Better Note","Better Sensory Stone","Better Third Choice","Displayed Cursed Tome","Downfall","Hermit","Key Reminder","Koishi","Marisa????????","Minty Spire (QoL Compilation)","Quick Restart","Shade Mod","Spicy Shops","StSLib","The Construct","The Cursed","The Hierophant","The Runesmith","The Senshi","The Servant 0.9.4","Transform Curses"],"gold_per_floor":[114,189,25,87,130,130,168,214,267,303,337,39,80,7,7,104,104,154,124,120,140,197,197,253,253,253,271,87,122,2,42,42,2,2],"floor_reached":33,"language":"ENG","playtime":2390,"items_purged":[],"score":405,"play_id":"16abd320-f92a-4f14-bd49-237a5f285f1d","local_time":"20210124003551","is_ascension_mode":true,"campfire_choices":[{"floor":6,"key":"REST"},{"floor":15,"key":"REST"},{"floor":23,"key":"REST"},{"floor":25,"key":"REST"},{"floor":32,"key":"REST"}],"circlet_count":0,"master_deck":["hierophant:Strike_Hierophant+1","hierophant:Strike_Hierophant","hierophant:Strike_Hierophant","hierophant:Strike_Hierophant","hierophant:Punish","hierophant:Defend_Hierophant","hierophant:Defend_Hierophant","hierophant:Defend_Hierophant","hierophant:Defend_Hierophant","hierophant:ChurchCoffers","hierophant:RustyCrate","hierophant:Doubloon","hierophant:Doubloon","HandOfGreed","hierophant:Zeal+1","hierophant:HolyVerse","hierophant:ThreeLashes","hierophant:Encroach","hierophant:Martyrdom","hierophant:Mercenaries","hierophant:Kindle","hierophant:Endure","hierophant:DeathKnell","hierophant:OrnateBuckler","hierophant:RepressedViolence","hierophant:FieryStrike","hierophant:Encroach","hierophant:PassingBell","hierophant:HammerAndAnvil","Apotheosis","hierophant:Glossolalia","hierophant:HolyVerse","hierophant:Purify","hierophant:Batter","hierophant:Sermon"],"relics":["hierophant:PropheticMaskRelic","Boot","keyreminder:keyreminder","Art of War","Whetstone","Membership Card","Happy Flower","SacredBark","Nunchaku","The Courier","Vajra","Akabeko"],"acts_visited":["Exordium","TheCity"],"potions_floor_usage":[7,16,16,21,21,31,31,31,33,33],"damage_taken":[{"damage":15,"enemies":"Small Slimes","floor":1,"turns":3},{"damage":7,"enemies":"Jaw Worm","floor":4,"turns":3},{"damage":0,"enemies":"Cultist","floor":5,"turns":3},{"damage":45,"enemies":"Lagavulin","floor":7,"turns":5},{"damage":4,"enemies":"Red Slaver","floor":10,"turns":3},{"damage":0,"enemies":"3 Louse","floor":11,"turns":1},{"damage":12,"enemies":"Lots of Slimes","floor":13,"turns":3},{"damage":33,"enemies":"Slime Boss","floor":16,"turns":12},{"damage":2,"enemies":"Chosen","floor":18,"turns":3},{"damage":0,"enemies":"3 Byrds","floor":20,"turns":2},{"damage":27,"enemies":"Snecko","floor":21,"turns":5},{"damage":50,"enemies":"Centurion and Healer","floor":22,"turns":8},{"damage":38,"enemies":"Book of Stabbing","floor":24,"turns":4},{"damage":7,"enemies":"Snake Plant","floor":27,"turns":3},{"damage":10,"enemies":"3 Cultists","floor":29,"turns":4},{"damage":43,"enemies":"Snecko","floor":31,"turns":6},{"damage":65,"enemies":"Automaton","floor":33,"turns":6}],"seed_played":"2621008043892322992","potions_obtained":[{"floor":4,"key":"AttackPotion"},{"floor":5,"key":"Block Potion"},{"floor":11,"key":"sneckomod:MuddlingPotion"},{"floor":13,"key":"EssenceOfSteel"},{"floor":19,"key":"SpeedPotion"},{"floor":19,"key":"Regen Potion"},{"floor":20,"key":"AttackPotion"},{"floor":21,"key":"EntropicBrew"},{"floor":22,"key":"FairyPotion"},{"floor":29,"key":"Strength Potion"}],"is_trial":false,"path_per_floor":["M","?","$","M","M","R","E","T","T","M","M","$","M","$","R","B",null,"M","?","M","M","M","R","E","R","T","M","$","M","$","M","R","B"],"character_chosen":"HIEROPHANT","items_purchased":["HandOfGreed","hierophant:Mercenaries","Membership Card","hierophant:Kindle","Happy Flower","Apotheosis","hierophant:Glossolalia","hierophant:HolyVerse","Vajra","Akabeko","hierophant:Batter"],"campfire_rested":5,"item_purchase_floors":[3,12,12,12,14,28,28,28,28,30,30],"current_hp_per_floor":[67,56,56,49,49,73,28,28,28,24,24,24,12,12,36,3,82,80,80,80,76,26,50,12,36,36,29,29,19,19,30,54,0,0],"gold":2,"neow_bonus":"TEN_PERCENT_HP_BONUS","is_daily":false,"chose_seed":false,"campfire_upgraded":0,"win_rate":0.0,"timestamp":1611466551,"path_taken":["M","?","$","M","M","R","E","?","T","M","?","?","M","$","R","BOSS","M","?","?","M","M","R","E","R","T","M","$","?","?","M","R","BOSS"],"items_purchased_type":["Card","Card","Relic","Card","Relic","Card","Card","Card","Relic","Relic","Card"],"build_version":"2020-12-22","purchased_purges":0,"victory":false,"max_hp_per_floor":[82,82,82,82,82,82,82,82,82,82,82,82,82,82,82,82,82,82,82,82,82,82,82,82,82,82,82,82,82,82,82,82,82,82],"card_choices":[{"not_picked":["hierophant:AuricBeam","hierophant:Zeal"],"picked":"hierophant:RustyCrate","floor":1},{"not_picked":["hierophant:RecallFunds","hierophant:SealAway"],"picked":"hierophant:Zeal","floor":4},{"not_picked":["hierophant:Alms","hierophant:Encroach"],"picked":"hierophant:HolyVerse","floor":5},{"not_picked":["hierophant:FieryStrike","hierophant:Purify"],"picked":"hierophant:ThreeLashes","floor":7},{"not_picked":["hierophant:Embezzle","hierophant:RepressedViolence"],"picked":"hierophant:Encroach","floor":10},{"not_picked":["hierophant:Repentance","hierophant:Encroach"],"picked":"hierophant:Martyrdom","floor":11},{"not_picked":["hierophant:OrnateBuckler","hierophant:ThreeLashes"],"picked":"hierophant:Endure","floor":13},{"not_picked":["hierophant:WrathOfGod","hierophant:Levitation"],"picked":"hierophant:DeathKnell","floor":16},{"not_picked":["hierophant:Purify","hierophant:Doubloon"],"picked":"hierophant:OrnateBuckler","floor":18},{"not_picked":["hierophant:EyeForCoin","hierophant:Racketeering"],"picked":"hierophant:RepressedViolence","floor":20},{"not_picked":["hierophant:SealAway","hierophant:Mercenaries"],"picked":"hierophant:FieryStrike","floor":21},{"not_picked":["hierophant:Prophecy","hierophant:Anathema"],"picked":"hierophant:Encroach","floor":22},{"not_picked":["hierophant:Martyrdom","hierophant:RustyCrate"],"picked":"hierophant:PassingBell","floor":24},{"not_picked":["hierophant:Sermon","hierophant:FaithHealing"],"picked":"hierophant:HammerAndAnvil","floor":27},{"not_picked":["hierophant:Patience","hierophant:OrnateBuckler"],"picked":"hierophant:Purify","floor":29},{"not_picked":["hierophant:Doubloon","hierophant:ThreeLashes+1"],"picked":"hierophant:Sermon","floor":31}],"player_experience":2309028,"relics_obtained":[{"floor":7,"key":"Boot"},{"floor":8,"key":"Art of War"},{"floor":9,"key":"Whetstone"},{"floor":24,"key":"Nunchaku"},{"floor":26,"key":"The Courier"}],"event_choices":[{"damage_healed":0,"gold_gain":75,"player_choice":"Gold","damage_taken":11,"max_hp_gain":0,"max_hp_loss":0,"event_name":"betterThird:BetterGoop","floor":2,"gold_loss":0},{"damage_healed":0,"gold_gain":0,"player_choice":"Bought 2 Potions","damage_taken":0,"max_hp_gain":0,"max_hp_loss":0,"event_name":"The Woman in Blue","floor":19,"gold_loss":0}],"is_beta":false,"boss_relics":[{"not_picked":["aspiration:RunicSpoon","Fusion Hammer"],"picked":"SacredBark"}],"items_purged_floors":[],"is_endless":false,"potions_floor_spawned":[4,5,11,13,20,21,22,29],"killed_by":"Automaton","ascension_level":4}}