{"host":"bpkhhmvsfrvlto2l","time":1611509830,"event":{"mods":["2.2 Compatiblity","AchievementEnabler","Act Like it!","AlwaysNeverKeys","Aspiration","BaseMod","Better Silent Start","Challenge The Spire","Colored Map","Colored Powertips","Custom Start","Energized Spire","Friendly Minions","GifTheSpireLib","Halation","Hubris","Infinite Spire","Ironclad Rager","Mimic Mod","Minty Spire (QoL Compilation)","Permanent Neow","Quick Restart","Random Character Button","Relic Sorter","Replay The Spire","Spikes Relics","StSLib","Stuff the Spire","Swap Starting Deck Mod","Trackpad"],"gold_per_floor":[112,112,127,52,52,52,81,81,108,125,125,151,171,190,190,287,287,299,299,1,12,26,26,26,60,60,60,75,90,115,128,128,226,226,244,244,50,50,62,97,111,111,111,111,129,129,144,159,159,159],"floor_reached":51,"language":"ENG","playtime":2614,"items_purged":["Slice"],"score":830,"play_id":"3bdbf05f-04e1-4e45-bec3-9addf4ed53de","local_time":"20210124123710","is_ascension_mode":true,"campfire_choices":[{"data":"Finisher","floor":6,"key":"SMITH"},{"data":"Blade Dance","floor":11,"key":"SMITH"},{"data":"Cloak And Dagger","floor":15,"key":"SMITH"},{"data":"Infinite Blades","floor":23,"key":"SMITH"},{"data":"Infinite Blades","floor":27,"key":"SMITH"},{"data":"Cloak And Dagger","floor":32,"key":"SMITH"},{"data":"Accuracy","floor":42,"key":"SMITH"},{"data":"Adrenaline","floor":46,"key":"SMITH"},{"floor":49,"key":"REST"}],"circlet_count":0,"master_deck":["Slice","Slice","Slice","Cloak And Dagger+1","Cloak And Dagger+1","Cloak And Dagger+1","Cloak And Dagger","Blade Dance+1","Cloak And Dagger+1","Finisher+1","Blade Dance+1","Backstab","Infinite Blades+1","Infinite Blades+1","Finisher+1","Accuracy+1","Adrenaline+1","Accuracy+1","Finisher+1","Accuracy+1"],"relics":["Ring of the Serpent","swapstartingdeckmod:DeadBlossom","halation:EternalFortune","StuffTheSpire:Mouthbags","Dream Catcher","trackpad:IceCube","Gremlin Horn","infinitespire:PuzzleCube","StuffTheSpire:CocoNut","Orichalcum","Boot","StuffTheSpire:BottledEssence","Replay:Rubber Ducky","Art of War"],"acts_visited":["Exordium","TheCity","TheBeyond"],"potions_floor_usage":[16,16,16,30,50],"damage_taken":[{"damage":0,"enemies":"Cultist","floor":1,"turns":2},{"damage":0,"enemies":"Jaw Worm","floor":3,"turns":2},{"damage":2,"enemies":"Lagavulin","floor":7,"turns":3},{"damage":0,"enemies":"2 Louse","floor":10,"turns":1},{"damage":0,"enemies":"Gremlin Nob","floor":12,"turns":1},{"damage":0,"enemies":"Gremlin Gang","floor":13,"turns":3},{"damage":0,"enemies":"Looter","floor":14,"turns":2},{"damage":29,"enemies":"Fading Forest","floor":16,"turns":11},{"damage":0,"enemies":"3 Byrds","floor":18,"turns":3},{"damage":0,"enemies":"Spheric Guardian","floor":21,"turns":2},{"damage":14,"enemies":"Shelled Parasite and Fungi","floor":22,"turns":3},{"damage":0,"enemies":"Gremlin Leader","floor":25,"turns":3},{"damage":0,"enemies":"Snecko","floor":28,"turns":2},{"damage":0,"enemies":"Centurion and Healer","floor":29,"turns":2},{"damage":13,"enemies":"Slavers","floor":30,"turns":2},{"damage":9,"enemies":"Shelled Parasite and Fungi","floor":31,"turns":3},{"damage":0,"enemies":"Automaton","floor":33,"turns":4},{"damage":11,"enemies":"3 Darklings","floor":35,"turns":2},{"damage":0,"enemies":"Orb Walker","floor":39,"turns":2},{"damage":1,"enemies":"Giant Head","floor":40,"turns":3},{"damage":0,"enemies":"3 Darklings","floor":41,"turns":2},{"damage":0,"enemies":"Transient","floor":45,"turns":5},{"damage":1,"enemies":"Sphere and 2 Shapes","floor":47,"turns":2},{"damage":46,"enemies":"4 Shapes","floor":48,"turns":2},{"damage":7,"enemies":"Replay:Hell Engine","floor":50,"turns":3}],"seed_played":"4194931095794945388","potions_obtained":[{"floor":7,"key":"Toxic Potion"},{"floor":10,"key":"Swift Potion"},{"floor":13,"key":"AttackPotion"},{"floor":16,"key":"Energy Potion"},{"floor":21,"key":"Fire Potion"},{"floor":28,"key":"Doom Potion"},{"floor":31,"key":"FearPotion"},{"floor":41,"key":"CunningPotion"}],"is_trial":false,"path_per_floor":["M","$","M","$","?","R","E","?","T","M","R","E","M","M","R","B",null,"M","?","$","M","M","R","?","E","T","R","M","M","E","M","R","B",null,"M","?","$","AVR","M","E","M","R","T","$","M","R","M","M","R","B",null],"character_chosen":"THE_SILENT","items_purchased":["Infinite Blades","Gremlin Horn","Accuracy","Boot"],"campfire_rested":1,"item_purchase_floors":[20,20,37,37],"current_hp_per_floor":[70,70,70,70,72,72,70,70,70,70,70,70,70,70,70,48,73,73,73,73,73,59,59,59,59,63,63,63,65,52,43,43,43,83,72,72,72,72,72,71,71,71,71,71,71,71,70,24,36,29],"gold":159,"neow_bonus":"","is_daily":false,"chose_seed":false,"campfire_upgraded":8,"win_rate":0.0,"timestamp":1611509830,"path_taken":["M","$","?","$","?","R","E","?","T","?","R","E","M","M","R","BOSS","M","?","$","M","M","R","?","E","T","R","M","M","E","M","R","BOSS","M","?","?","AVR","M","E","M","R","T","$","M","R","?","M","R","BOSS"],"items_purchased_type":["Card","Relic","Card","Relic"],"build_version":"2020-12-22","purchased_purges":1,"victory":true,"max_hp_per_floor":[70,70,70,70,73,73,73,73,73,73,73,73,73,73,73,73,73,73,73,73,73,73,73,73,73,80,80,80,83,83,83,83,83,83,83,83,83,83,83,83,83,83,83,83,83,83,83,83,83,83],"card_choices":[{"not_picked":["ReplayTheSpireMod:Tripwire","Dagger Throw"],"picked":"Cloak And Dagger","floor":3},{"not_picked":["Calculated Gamble","Dagger Throw"],"picked":"Blade Dance","floor":7},{"not_picked":["Deflect","Hidden Blade"],"picked":"Backstab","floor":14},{"not_picked":["Quick Slash","Flechettes"],"picked":"Infinite Blades","floor":22},{"not_picked":["PiercingWail","Backstab"],"picked":"Finisher+1","floor":29},{"not_picked":["ReplayTheSpireMod:Scrap Shanks+1","All Out Attack+1"],"picked":"Accuracy+1","floor":31},{"not_picked":["ReplayTheSpireMod:From All Sides","Atom Bomb"],"picked":"Adrenaline","floor":33},{"not_picked":["Dagger Spray","Dodge and Roll+1"],"picked":"Finisher+1","floor":40},{"not_picked":["Cloak And Dagger+1","Prepared+1"],"picked":"Accuracy+1","floor":48}],"player_experience":104254,"relics_obtained":[{"floor":7,"key":"StuffTheSpire:Mouthbags"},{"floor":9,"key":"Dream Catcher"},{"floor":12,"key":"trackpad:IceCube"},{"floor":25,"key":"infinitespire:PuzzleCube"},{"floor":26,"key":"StuffTheSpire:CocoNut"},{"floor":29,"key":"halation:EternalFortune"},{"floor":30,"key":"Orichalcum"},{"floor":40,"key":"Replay:Rubber Ducky"},{"floor":43,"key":"Art of War"}],"event_choices":[{"damage_healed":0,"gold_gain":0,"player_choice":"Upgraded","damage_taken":0,"max_hp_gain":0,"max_hp_loss":0,"event_name":"Upgrade Shrine","floor":8,"gold_loss":0,"cards_upgraded":["Blade Dance"]},{"damage_healed":0,"gold_gain":0,"player_choice":"Forge","damage_taken":0,"max_hp_gain":0,"max_hp_loss":0,"event_name":"Accursed Blacksmith","floor":24,"gold_loss":0,"cards_upgraded":["Cloak And Dagger"]},{"damage_healed":0,"gold_gain":0,"player_choice":"0 cards matched","damage_taken":0,"max_hp_gain":0,"max_hp_loss":0,"event_name":"Match and Keep!","floor":36,"gold_loss":0,"cards_obtained":[]}],"is_beta":false,"boss_relics":[{"not_picked":["CosmicIsotope","aspiration:SecretTechniqueScroll"],"picked":"Ring of the Serpent"},{"not_picked":["Replay:Bronze Core","halation:LoveArrow","halation:Prosthetics"]}],"items_purged_floors":[4],"is_endless":false,"potions_floor_spawned":[7,10,13,16,21,28,31,33,40,41,47,48],"ascension_level":4}}