{"host":"uv5ws9rdk87e8i5k","time":1611460933,"event":{"mods":["AchievementEnabler","BaseMod","Colored Map","Minty Spire (QoL Compilation)","StSLib","SuperFastMode"],"gold_per_floor":[114,130,149,159,178,178,212,212,286,286,315,315,335,361,361,459,459,478,63,83,83,83,83],"floor_reached":22,"language":"ENG","playtime":41457,"items_purged":["Strike_R"],"score":247,"play_id":"13e4c69b-8405-4399-a99e-49ad4f2d8d5b","local_time":"20210123220213","is_ascension_mode":true,"campfire_choices":[{"floor":6,"key":"REST"},{"data":"Inflame","floor":8,"key":"SMITH"},{"data":"Twin Strike","floor":10,"key":"SMITH"},{"data":"Havoc","floor":12,"key":"SMITH"},{"data":"Havoc","floor":15,"key":"SMITH"}],"circlet_count":0,"master_deck":["Strike_R","Strike_R","Strike_R","Strike_R","Defend_R","Defend_R","Defend_R","Defend_R","Bash","Inflame+1","Warcry","Twin Strike+1","Battle Trance","Anger","Pommel Strike","Havoc+1","Havoc+1","Offering","Immolate","Spot Weakness","Demon Form","Heavy Blade","Demon Form"],"relics":["Burning Blood","Tiny Chest","Sundial","Eternal Feather","Gambling Chip","Ancient Tea Set","Black Star","DollysMirror"],"acts_visited":["Exordium","TheCity"],"potions_floor_usage":[7,11,16],"damage_taken":[{"damage":6,"enemies":"Cultist","floor":1,"turns":3},{"damage":10,"enemies":"Small Slimes","floor":2,"turns":4},{"damage":10,"enemies":"2 Louse","floor":3,"turns":3},{"damage":12,"enemies":"Looter","floor":4,"turns":3},{"damage":46,"enemies":"Gremlin Gang","floor":5,"turns":6},{"damage":30,"enemies":"3 Sentries","floor":7,"turns":8},{"damage":7,"enemies":"Gremlin Nob","floor":11,"turns":3},{"damage":8,"enemies":"Blue Slaver","floor":13,"turns":2},{"damage":15,"enemies":"Lagavulin","floor":14,"turns":6},{"damage":24,"enemies":"Hexaghost","floor":16,"turns":7},{"damage":17,"enemies":"2 Thieves","floor":18,"turns":2},{"damage":29,"enemies":"Shell Parasite","floor":20,"turns":3},{"damage":24,"enemies":"Centurion and Healer","floor":22,"turns":2}],"seed_played":"-1305908346839199183","potions_obtained":[{"floor":1,"key":"FearPotion"},{"floor":5,"key":"Ancient Potion"},{"floor":7,"key":"SteroidPotion"},{"floor":11,"key":"FearPotion"}],"is_trial":false,"path_per_floor":["M","M","M","M","M","R","E","R","T","R","E","R","M","E","R","B",null,"M","$","M","?","M"],"character_chosen":"IRONCLAD","items_purchased":["Demon Form","Heavy Blade","DollysMirror"],"campfire_rested":1,"item_purchase_floors":[19,19,19],"current_hp_per_floor":[80,76,72,66,26,50,26,26,26,35,34,43,41,32,41,23,80,69,69,46,31,7,7],"gold":83,"neow_bonus":"RANDOM_COMMON_RELIC","is_daily":false,"chose_seed":false,"campfire_upgraded":4,"win_rate":0.0,"timestamp":1611460933,"path_taken":["M","M","?","M","M","R","E","R","T","R","E","R","M","E","R","BOSS","M","$","M","?","M"],"items_purchased_type":["Card","Card","Relic"],"build_version":"2020-12-22","purchased_purges":1,"victory":false,"max_hp_per_floor":[80,80,80,80,80,80,80,80,80,80,80,80,80,80,80,80,80,80,80,80,85,85,85],"card_choices":[{"not_picked":["Combust","Wild Strike"],"picked":"Inflame","floor":1},{"not_picked":["Body Slam","Flex"],"picked":"Warcry","floor":2},{"not_picked":["Combust","Second Wind"],"picked":"Twin Strike","floor":3},{"not_picked":["Body Slam","True Grit"],"picked":"Battle Trance","floor":4},{"not_picked":["Body Slam","Shockwave"],"picked":"Anger","floor":5},{"not_picked":["Twin Strike","Havoc"],"picked":"Pommel Strike","floor":7},{"not_picked":["Rampage","Dropkick"],"picked":"Havoc","floor":11},{"not_picked":["Pummel","Metallicize"],"picked":"Havoc","floor":13},{"not_picked":["Evolve","Perfected Strike"],"picked":"Offering","floor":14},{"not_picked":["Exhume","Barricade"],"picked":"Immolate","floor":16},{"not_picked":["Clothesline+1","Warcry"],"picked":"Spot Weakness","floor":18},{"not_picked":["Shockwave","Power Through","Flex+1"],"picked":"SKIP","floor":20}],"player_experience":175030,"relics_obtained":[{"floor":7,"key":"Sundial"},{"floor":9,"key":"Eternal Feather"},{"floor":11,"key":"Gambling Chip"},{"floor":14,"key":"Ancient Tea Set"}],"event_choices":[{"damage_healed":0,"gold_gain":0,"player_choice":"Shed Blood","damage_taken":20,"max_hp_gain":5,"max_hp_loss":0,"event_name":"Forgotten Altar","floor":21,"gold_loss":0}],"is_beta":false,"boss_relics":[{"not_picked":["Fusion Hammer","Sozu"],"picked":"Black Star"}],"items_purged_floors":[19],"is_endless":false,"potions_floor_spawned":[1,5,7,11],"killed_by":"Centurion and Healer","ascension_level":4}}