{"host":"0hb9w7uizu7y13wj","time":1611502250,"event":{"mods":["Act Like it!","Aspiration","BaseMod","BetterRewards","Colored Map","Conspire","Downfall","Energized Spire","FTL Soundtrack","Friendly Minions","Halation","Hubris","Infinite Spire","Minty Spire (QoL Compilation)","Quick Restart","Replay The Spire","StSLib","Synergy Search","The Hierophant","The Jungle","The Poker Player","Trackpad","everything is the same but u backflip on backflip","vexMod"],"gold_per_floor":[109,109,134,59,78,103,103,129,129,156,176,188,205,231,231,305,305,315,315,315],"floor_reached":19,"language":"ENG","playtime":705,"items_purged":["Strike_G"],"score":394,"play_id":"2513b8ed-d928-465b-bc6c-1546da86f4bb","local_time":"20210124153050","is_ascension_mode":true,"campfire_choices":[{"data":"Noxious Fumes","floor":7.0,"key":"SMITH"},{"floor":15,"key":"REST"}],"circlet_count":0,"master_deck":["AscendersBane","Strike_G","Strike_G","Strike_G","Strike_G","Defend_G","Defend_G","Defend_G","Defend_G","Defend_G","Survivor","Neutralize","Noxious Fumes+1","Envenom","All Out Attack","aspiration:Lunge","ReplayTheSpireMod:Necrosis","Prepared","Tactician","Deadly Poison","Corpse Explosion","Burst","Catalyst"],"relics":["Ring of the Snake","NeowsBlessing","hubris:Towel","TungstenRod","Lantern","trackpad:CultistFigurine","Bird Faced Urn","halation:PromiseList","Pear","aspiration:RunicSpoon"],"acts_visited":["Exordium","TheCity"],"potions_floor_usage":[14],"damage_taken":[{"damage":0.0,"enemies":"Jaw Worm","floor":1.0,"turns":1.0},{"damage":0.0,"enemies":"conspire:MimicChest","floor":3.0,"turns":1.0},{"damage":0.0,"enemies":"Small Slimes","floor":5.0,"turns":1.0},{"damage":19.0,"enemies":"3 Sentries","floor":6.0,"turns":6.0},{"damage":22.0,"enemies":"Lagavulin","floor":8.0,"turns":7.0},{"damage":18.0,"enemies":"3 Sentries","floor":10.0,"turns":6.0},{"damage":0.0,"enemies":"Cultist","floor":11.0,"turns":3.0},{"damage":0.0,"enemies":"2 Fungi Beasts","floor":12.0,"turns":3.0},{"damage":7.0,"enemies":"Blue Slaver","floor":13.0,"turns":5.0},{"damage":10,"enemies":"Gremlin Nob","floor":14,"turns":3},{"damage":27,"enemies":"Hexaghost","floor":16,"turns":9},{"damage":16,"enemies":"3 Byrds","floor":18,"turns":3},{"damage":18,"enemies":"Shell Parasite","floor":19,"turns":6}],"seed_played":"1415876315892940141","potions_obtained":[{"floor":3.0,"key":"DistilledChaos"},{"floor":6.0,"key":"Dexterity Potion"},{"floor":8.0,"key":"Block Potion"},{"floor":10.0,"key":"Slimebound:ThreeZeroPotion"},{"floor":14,"key":"champ:CounterPotion"}],"is_trial":false,"path_per_floor":["M","?","?","$","M","E","R","E","T","E","M","M","M","E","R","B",null,"M","M"],"character_chosen":"THE_SILENT","items_purchased":[],"campfire_rested":1,"item_purchase_floors":[],"current_hp_per_floor":[59,59,59,59,59,40,40,18,18,4,8,12,9,13,35,12,60,46,32,32],"gold":315,"neow_bonus":"THREE_ENEMY_KILL","is_daily":false,"chose_seed":false,"campfire_upgraded":1,"win_rate":0.0,"timestamp":1611502250,"path_taken":["M","?","?","$","M","E","R","E","T","E","M","M","M","E","R","BOSS","M","M"],"items_purchased_type":[],"build_version":"2020-12-22","purchased_purges":1,"victory":false,"max_hp_per_floor":[66,66,66,66,66,66,66,66,66,66,66,66,66,76,76,76,76,76,76,76],"card_choices":[{"not_picked":["Prepared","Concentrate"],"picked":"Noxious Fumes","floor":1.0},{"not_picked":["PiercingWail","Slice"],"picked":"Envenom","floor":3.0},{"not_picked":["Acrobatics","Backflip"],"picked":"All Out Attack","floor":5.0},{"not_picked":["Concentrate","Underhanded Strike"],"picked":"aspiration:Lunge","floor":6.0},{"not_picked":["PiercingWail","Escape Plan"],"picked":"ReplayTheSpireMod:Necrosis","floor":8.0},{"not_picked":["PiercingWail","Hidden Blade"],"picked":"Prepared","floor":10.0},{"not_picked":["Dodge and Roll","Hidden Blade"],"picked":"Tactician","floor":11.0},{"not_picked":["Flechettes","Quick Slash","PiercingWail"],"picked":"SKIP","floor":12.0},{"not_picked":["Bane","Setup"],"picked":"Deadly Poison","floor":13.0},{"not_picked":["Deadly Poison","Quick Slash"],"picked":"Corpse Explosion","floor":14},{"not_picked":["Corpse Explosion","aspiration:Lunge"],"picked":"Burst","floor":16},{"not_picked":["Prepared","Slice"],"picked":"Catalyst","floor":18}],"player_experience":946102,"relics_obtained":[{"floor":3.0,"key":"TungstenRod"},{"floor":6.0,"key":"Lantern"},{"floor":8.0,"key":"trackpad:CultistFigurine"},{"floor":9.0,"key":"Bird Faced Urn"},{"floor":10.0,"key":"halation:PromiseList"},{"floor":14,"key":"Pear"}],"event_choices":[],"is_beta":false,"boss_relics":[{"not_picked":["ReplayTheSpireMod:DimensionalGlitch","Sozu"],"picked":"aspiration:RunicSpoon"}],"items_purged_floors":[4],"is_endless":false,"potions_floor_spawned":[3,6,8,10,14],"killed_by":"Shell Parasite","ascension_level":20}}