{"host":"8rqsnaeml9gxb0kp","time":1611464825,"event":{"mods":["AchievementEnabler","BaseMod","Dark Map","Minty Spire (QoL Compilation)","StSLib"],"gold_per_floor":[116,131,141,156,156,156,182,182,182,182,195,207,219,236,236,333,333,348,364,381,381,381],"floor_reached":21,"language":"ENG","playtime":967,"items_purged":[],"score":281,"play_id":"41194433-d43a-4295-961a-d3a3a4c6dad0","local_time":"20210123210705","is_ascension_mode":true,"campfire_choices":[{"data":"Carnage","floor":6,"key":"SMITH"},{"data":"Cleave","floor":10,"key":"SMITH"},{"floor":15,"key":"REST"}],"circlet_count":0,"master_deck":["AscendersBane","Strike_R","Strike_R","Strike_R","Strike_R","Strike_R","Defend_R","Defend_R","Defend_R","Defend_R","Bash","Clothesline","Anger","Carnage+1","Cleave+1","Flame Barrier","Bash","Shrug It Off","Fire Breathing+1","Immolate","Twin Strike+1","Disarm+1"],"relics":["Velvet Choker","Frozen Egg 2","Self Forming Clay","White Beast Statue","Sozu"],"acts_visited":["Exordium","TheCity"],"potions_floor_usage":[4,4,14],"damage_taken":[{"damage":7,"enemies":"Jaw Worm","floor":1,"turns":4},{"damage":5,"enemies":"Small Slimes","floor":2,"turns":3},{"damage":0,"enemies":"Cultist","floor":3,"turns":4},{"damage":9,"enemies":"Lots of Slimes","floor":4,"turns":4},{"damage":6,"enemies":"Gremlin Nob","floor":7,"turns":3},{"damage":0,"enemies":"3 Louse","floor":11,"turns":2},{"damage":19,"enemies":"Exordium Thugs","floor":12,"turns":5},{"damage":9,"enemies":"Exordium Wildlife","floor":13,"turns":3},{"damage":4,"enemies":"2 Fungi Beasts","floor":14,"turns":2},{"damage":25,"enemies":"Hexaghost","floor":16,"turns":9},{"damage":6,"enemies":"Spheric Guardian","floor":18,"turns":3},{"damage":13,"enemies":"2 Thieves","floor":19,"turns":3},{"damage":8,"enemies":"Snecko","floor":20,"turns":3},{"damage":39,"enemies":"Shelled Parasite and Fungi","floor":21,"turns":4}],"seed_played":"-8989854693487916647","potions_obtained":[{"floor":1,"key":"ColorlessPotion"},{"floor":3,"key":"Fire Potion"},{"floor":11,"key":"LiquidMemories"},{"floor":12,"key":"BloodPotion"},{"floor":13,"key":"BlessingOfTheForge"},{"floor":14,"key":"DistilledChaos"}],"is_trial":false,"path_per_floor":["M","M","M","M","?","R","E","?","T","R","M","M","M","M","R","B",null,"M","M","M","M"],"character_chosen":"IRONCLAD","items_purchased":[],"campfire_rested":1,"item_purchase_floors":[],"current_hp_per_floor":[65,60,60,51,48,48,42,42,42,42,42,23,14,26,50,25,66,60,47,39,0,0],"gold":381,"neow_bonus":"BOSS_RELIC","is_daily":false,"chose_seed":false,"campfire_upgraded":2,"win_rate":0.0,"timestamp":1611464825,"path_taken":["M","M","M","M","?","R","E","?","T","R","M","M","?","M","R","BOSS","M","?","M","M"],"items_purchased_type":[],"build_version":"2020-12-22","purchased_purges":0,"victory":false,"max_hp_per_floor":[80,80,80,80,80,80,80,80,80,80,80,80,80,80,80,80,80,80,80,80,80,80],"card_choices":[{"not_picked":["Burning Pact","Ghostly Armor"],"picked":"Clothesline","floor":1},{"not_picked":["Shrug It Off","Dark Embrace"],"picked":"Anger","floor":2},{"not_picked":["Clash","Flex"],"picked":"Carnage","floor":3},{"not_picked":["Armaments","Power Through","Feel No Pain"],"picked":"SKIP","floor":4},{"not_picked":["Anger","Disarm"],"picked":"Cleave","floor":7},{"not_picked":["Burning Pact","Limit Break"],"picked":"Shrug It Off","floor":11},{"not_picked":["Infernal Blade","Pommel Strike","Wild Strike"],"picked":"SKIP","floor":12},{"not_picked":["Perfected Strike","Pommel Strike"],"picked":"Fire Breathing+1","floor":13},{"not_picked":["Flex","Warcry","Thunderclap"],"picked":"SKIP","floor":14},{"not_picked":["Limit Break","Impervious"],"picked":"Immolate","floor":16},{"not_picked":["Pummel","Thunderclap"],"picked":"Twin Strike+1","floor":18},{"not_picked":["Dark Embrace+1","True Grit","Armaments"],"picked":"SKIP","floor":19},{"not_picked":["Wild Strike","Sentinel"],"picked":"Disarm+1","floor":20}],"player_experience":132183,"relics_obtained":[{"floor":7,"key":"Self Forming Clay"},{"floor":9,"key":"White Beast Statue"}],"event_choices":[{"damage_healed":0,"gold_gain":0,"player_choice":"Success","damage_taken":3,"relics_obtained":["Frozen Egg 2"],"max_hp_gain":0,"max_hp_loss":0,"event_name":"Scrap Ooze","floor":5,"gold_loss":0},{"damage_healed":0,"gold_gain":0,"player_choice":"2 cards matched","damage_taken":0,"max_hp_gain":0,"max_hp_loss":0,"event_name":"Match and Keep!","floor":8,"gold_loss":0,"cards_obtained":["Flame Barrier","Bash"]}],"is_beta":false,"boss_relics":[{"not_picked":["Tiny House","Runic Dome"],"picked":"Sozu"}],"items_purged_floors":[],"is_endless":false,"potions_floor_spawned":[1,3,11,12,13,14,16,18,19,20],"killed_by":"Shelled Parasite and Fungi","ascension_level":10}}