{"host":"snn1c4qsf0fj7fzf","time":1611463296,"event":{"mods":["AchievementEnabler","Aspiration","Astrologer","BaseMod","Colored Powertips","Downfall","Hermit","Hubris","Infinite Spire","Lobotomy","LobotomyExtend","Marisa????????","Minty Spire (QoL Compilation)","Random Character Button","Rare Cards Sparkle","Reimu??????","Replay The Spire","Shop Mod","Spire Arcade","StSLib","The Administrix","The Animator","The Cursed","The Gatherer","The Hierophant","The Marked","The Poker Player","The Runesmith"],"gold_per_floor":[99,115,115,125,35,35,116,143,163,176,208,220,220,220,220,254,267,368,368,368,386,33,33,47,47,47,47,80,99,99,119,119,119,136,136,136,136],"floor_reached":35,"language":"ENG","playtime":34199,"items_purged":["champ:Defend","champ:FaceSlap"],"score":347,"play_id":"3c3e7eb7-47d8-4a45-9038-82abccfeb792","local_time":"20210124124136","is_ascension_mode":false,"campfire_choices":[{"floor":1,"key":"DIG"},{"data":"champ:PerfectedStrike","floor":6,"key":"SMITH"},{"data":"champ:StrikeOfGenius","floor":20,"key":"SMITH"},{"data":"champ:PerfectedStrike","floor":25,"key":"SMITH"},{"data":"champ:Backstep","floor":27,"key":"SMITH"},{"data":"champ:SteelEdge","floor":30,"key":"SMITH"}],"circlet_count":0,"master_deck":["champ:Strike","champ:Strike","champ:Strike","champ:Strike","champ:Defend","champ:Defend","champ:Defend","champ:Execute","champ:Taunt","champ:PerfectedStrike+1","champ:FlashCut","champ:SkillfulDodge","champ:LastStand+1","champ:FanOfKnives","champ:PerfectedStrike+1","Slimebound:LivingWall","champ:Backstep+1","champ:StrikeOfGenius+1","champ:PerfectedStrike+1","champ:BladeFlurry","Slimebound:SamplingLick","champ:SteelEdge+1","champ:StanceDance+1","Slimebound:SplitLeeching"],"relics":["champ:ChampionCrown","Oddly Smooth Stone","LetterFromLob","hubris:DisguiseKit","Letter Opener","Runesmith:AutoHammer","MagicBullet_r","Replay:Wax Seal","SlaversCollar","Replay:Ringing Soul","ReplayFunnel","hubris:Towel","Nilry\u0027s Codex"],"acts_visited":["Exordium","TheCity"],"potions_floor_usage":[11,18,18,34,34,34,35],"damage_taken":[{"damage":31,"enemies":"Small Slimes","floor":2,"turns":3},{"damage":10,"enemies":"Cultist","floor":4,"turns":2},{"damage":25,"enemies":"downfall:FleeingMerchant","floor":5,"turns":4},{"damage":29,"enemies":"Lagavulin","floor":8,"turns":4},{"damage":15,"enemies":"2 Louse","floor":9,"turns":2},{"damage":6,"enemies":"Exordium Wildlife","floor":10,"turns":3},{"damage":0,"enemies":"Gremlin Nob","floor":11,"turns":2},{"damage":9,"enemies":"Gremlin Gang","floor":12,"turns":4},{"damage":38,"enemies":"3 Sentries","floor":16,"turns":4},{"damage":0,"enemies":"Red Slaver","floor":17,"turns":1},{"damage":58,"enemies":"SI_SHIV_ARCHETYPE","floor":18,"turns":8},{"damage":11,"enemies":"Shell Parasite","floor":21,"turns":4},{"damage":8,"enemies":"downfall:FleeingMerchant","floor":22,"turns":4},{"damage":14,"enemies":"3 Byrds","floor":24,"turns":5},{"damage":52,"enemies":"Book of Stabbing","floor":28,"turns":5},{"damage":10,"enemies":"Centurion and Healer","floor":29,"turns":5},{"damage":28,"enemies":"Snake Plant","floor":31,"turns":3},{"damage":15,"enemies":"Shelled Parasite and Fungi","floor":34,"turns":3},{"damage":25,"enemies":"IC_MUSHROOM_ARCHETYPE","floor":35,"turns":4}],"seed_played":"-7972281664328399746","potions_obtained":[{"floor":4,"key":"Death Potion"},{"floor":9,"key":"Explosive Potion"},{"floor":10,"key":"GamblersBrew"},{"floor":12,"key":"Regen Potion"},{"floor":24,"key":"Regen Potion"},{"floor":28,"key":"Swift Potion"},{"floor":34,"key":"DuplicationPotion"}],"is_trial":false,"path_per_floor":["R","M","?","M","$","R","T","E","M","M","E","M","M","PTL","PTL","E","M","B",null,"R","M","$","?","M","R","T","R","E","M","R","M","?","?","M","B"],"character_chosen":"THE_CHAMP","items_purchased":["Replay:Ringing Soul"],"campfire_rested":0,"item_purchase_floors":[22],"current_hp_per_floor":[99,88,53,53,53,53,53,34,34,28,28,24,99,99,99,81,81,63,99,99,88,80,92,91,91,91,91,57,52,52,37,37,21,14,0,0,0],"gold":136,"neow_bonus":"TEN_PERCENT_HP_BONUS","is_daily":false,"chose_seed":false,"campfire_upgraded":5,"win_rate":0.0,"timestamp":1611463296,"path_taken":["R","M","?","M","$","R","T","E","M","M","E","?","M","PTL","PTL","E","M","BOSS","R","M","$","?","M","R","T","R","E","M","R","M","?","?","M","BOSS"],"items_purchased_type":["Relic"],"build_version":"2020-12-22","purchased_purges":2,"victory":false,"max_hp_per_floor":[99,99,99,99,99,99,99,99,99,99,99,99,99,99,99,99,99,99,99,99,99,99,99,102,102,102,102,105,105,105,108,108,108,111,111,111,111],"card_choices":[{"not_picked":["champ:GutPunch","champ:BladeFlurry"],"picked":"champ:PerfectedStrike","floor":2},{"not_picked":["champ:TornadoPunch","champ:PreciseThrust"],"picked":"champ:FlashCut","floor":4},{"not_picked":["champ:BringItOn","champ:CrownThrow"],"picked":"champ:SkillfulDodge","floor":5},{"not_picked":["champ:ShieldThrow","champ:ArenaPreparation","Slimebound:ComboTackle"],"picked":"champ:LastStand","floor":8},{"not_picked":["champ:FocusedBerserking","champ:FanOfKnives","champ:GutPunch","Slimebound:LeechingTouch"],"picked":"SKIP","floor":9},{"not_picked":["champ:BringItOn","champ:BladeFlurry","Slimebound:Prepare"],"picked":"champ:FanOfKnives","floor":10},{"not_picked":["champ:EnGarde","champ:Lariat","Slimebound:Repurpose"],"picked":"champ:PerfectedStrike","floor":11},{"not_picked":["champ:GutPunch","champ:CrownThrow","Slimebound:ProtectTheBoss"],"picked":"champ:FaceSlap","floor":12},{"not_picked":["champ:RecklessLeap","champ:HeartStrike","champ:FocusedBerserking"],"picked":"Slimebound:LivingWall","floor":16},{"not_picked":["champ:DefensiveShout","champ:Haymaker","Slimebound:LeechingTouch"],"picked":"champ:Backstep","floor":17},{"not_picked":["champ:ShieldThrow","champ:CheapShot","Slimebound:SelfFormingGoo"],"picked":"champ:StrikeOfGenius","floor":18},{"not_picked":["champ:FaceSlap+1","champ:EnGarde","Slimebound:RollThrough"],"picked":"champ:PerfectedStrike","floor":21},{"not_picked":["champ:EnGarde+1","champ:Duel","Slimebound:LeadByExample"],"picked":"champ:BladeFlurry","floor":22},{"not_picked":["champ:BringItOn","champ:EnGarde","champ:PreemptiveStrike+1"],"picked":"Slimebound:SamplingLick","floor":24},{"not_picked":["champ:EnGarde+1","champ:StanceDance","Slimebound:FlameTackle"],"picked":"champ:SteelEdge","floor":28},{"not_picked":["champ:FaceSlap","champ:TornadoPunch","champ:GutPunch+1","Slimebound:GoopTackle"],"picked":"SKIP","floor":29},{"not_picked":["champ:DefensiveShout","champ:PreciseThrust","Slimebound:SamplingLick"],"picked":"champ:StanceDance+1","floor":31},{"not_picked":["champ:TornadoPunch+1","champ:StanceDance","champ:Circumvent"],"picked":"Slimebound:SplitLeeching","floor":34}],"player_experience":251354,"relics_obtained":[{"floor":1,"key":"Oddly Smooth Stone"},{"floor":2,"key":"LetterFromLob"},{"floor":7,"key":"hubris:DisguiseKit"},{"floor":8,"key":"Letter Opener"},{"floor":11,"key":"Runesmith:AutoHammer"},{"floor":16,"key":"Replay:Wax Seal"},{"floor":28,"key":"ReplayFunnel"},{"floor":33,"key":"Nilry\u0027s Codex"}],"event_choices":[],"is_beta":false,"boss_relics":[{"not_picked":["aspiration:SilentSkillbook","Pandora\u0027s Box"],"picked":"SlaversCollar"}],"items_purged_floors":[5,22],"is_endless":false,"potions_floor_spawned":[4,9,10,12,17,24,28,31,34],"killed_by":"IC_MUSHROOM_ARCHETYPE","ascension_level":0}}