{"host":"ypphcgdomtfqpc2w","time":1611497685,"event":{"mods":["BaseMod","DeckTracker","Minty Spire (QoL Compilation)","Relic Stats","StSLib"],"gold_per_floor":[118,34,34,46,121,121,149,149,198,230,230,250,275,294,294,372,372,383,167,179,74,89,123,136,136,136,149,149,149,149,175,175,250,250,265,171,189,189,201,201,228,228,253,146,146,166,191,218,218,218,218,218,218,7,34,34],"floor_reached":57,"language":"ENG","playtime":3676,"items_purged":["Strike_R","Strike_R","Strike_R","Shame","Strike_R"],"score":2782,"play_id":"05f07a96-5c1f-427b-ae87-9b5c616cea3b","local_time":"20210124231445","is_ascension_mode":true,"campfire_choices":[{"data":"Whirlwind","floor":6,"key":"SMITH"},{"data":"True Grit","floor":8,"key":"SMITH"},{"data":"Rampage","floor":15,"key":"SMITH"},{"floor":28,"key":"REST"},{"data":"Corruption","floor":30,"key":"SMITH"},{"floor":32,"key":"REST"},{"data":"Pommel Strike","floor":40,"key":"SMITH"},{"floor":42,"key":"DIG"},{"floor":45,"key":"RECALL"},{"floor":49,"key":"DIG"},{"data":"Demon Form","floor":53,"key":"SMITH"}],"circlet_count":0,"master_deck":["AscendersBane","Defend_R","Defend_R","Defend_R","Defend_R","Bash","Burning Pact","True Grit+1","Whirlwind+1","Spot Weakness","Fiend Fire","Rampage+1","Juggernaut","Armaments+1","Shrug It Off+1","Corruption+1","Shrug It Off+1","Pommel Strike+1","Warcry+1","Shockwave+1","Body Slam+1","Uppercut","True Grit+1","Clumsy","Second Wind+1","Burning Pact+1","Feed","Shockwave+1","Feel No Pain","Shrug It Off+1","Shrug It Off+1","Demon Form+1","Impervious+1","Power Through+1"],"relics":["Burning Blood","NeowsBlessing","White Beast Statue","Smiling Mask","Prayer Wheel","Toxic Egg 2","Cursed Key","Bronze Scales","Happy Flower","Shovel","Snecko Eye","Bottled Flame","Blood Vial","Akabeko","Du-Vu Doll","Omamori","HornCleat","Centennial Puzzle","Gremlin Horn"],"acts_visited":["Exordium","TheCity","TheBeyond","TheEnding"],"potions_floor_usage":[10,13,14,18,22,23,27,27,31,31,41,41,41,41,46,55,56,56],"damage_taken":[{"damage":0,"enemies":"Jaw Worm","floor":1,"turns":1},{"damage":0,"enemies":"Small Slimes","floor":4,"turns":2},{"damage":0,"enemies":"3 Sentries","floor":7,"turns":2},{"damage":24,"enemies":"Lagavulin","floor":10,"turns":8},{"damage":0,"enemies":"2 Louse","floor":12,"turns":2},{"damage":5,"enemies":"3 Sentries","floor":13,"turns":3},{"damage":0,"enemies":"Lots of Slimes","floor":14,"turns":2},{"damage":43,"enemies":"The Guardian","floor":16,"turns":11},{"damage":16,"enemies":"Spheric Guardian","floor":18,"turns":4},{"damage":19,"enemies":"Chosen","floor":20,"turns":6},{"damage":5,"enemies":"Centurion and Healer","floor":22,"turns":5},{"damage":30,"enemies":"Book of Stabbing","floor":23,"turns":5},{"damage":13,"enemies":"Snecko","floor":24,"turns":4},{"damage":0,"enemies":"Cultist and Chosen","floor":27,"turns":5},{"damage":14,"enemies":"Gremlin Leader","floor":31,"turns":5},{"damage":11,"enemies":"Champ","floor":33,"turns":7},{"damage":0,"enemies":"Orb Walker","floor":35,"turns":3},{"damage":0,"enemies":"3 Shapes","floor":37,"turns":5},{"damage":0,"enemies":"3 Darklings","floor":39,"turns":4},{"damage":10,"enemies":"Reptomancer","floor":41,"turns":7},{"damage":4,"enemies":"Jaw Worm Horde","floor":46,"turns":3},{"damage":0,"enemies":"Mind Bloom Boss Battle","floor":47,"turns":6},{"damage":0,"enemies":"Nemesis","floor":48,"turns":5},{"damage":7,"enemies":"Time Eater","floor":50,"turns":6},{"damage":10,"enemies":"Awakened One","floor":51,"turns":8},{"damage":3,"enemies":"Shield and Spear","floor":55,"turns":3},{"damage":7,"enemies":"The Heart","floor":56,"turns":8}],"seed_played":"8921437740451635124","potions_obtained":[{"floor":7,"key":"Fire Potion"},{"floor":10,"key":"Fire Potion"},{"floor":13,"key":"DuplicationPotion"},{"floor":14,"key":"Fire Potion"},{"floor":18,"key":"Dexterity Potion"},{"floor":22,"key":"LiquidBronze"},{"floor":23,"key":"Fire Potion"},{"floor":24,"key":"Block Potion"},{"floor":27,"key":"PowerPotion"},{"floor":29,"key":"GamblersBrew"},{"floor":31,"key":"SteroidPotion"},{"floor":33,"key":"SpeedPotion"},{"floor":37,"key":"EntropicBrew"},{"floor":41,"key":"BlessingOfTheForge"},{"floor":46,"key":"SkillPotion"},{"floor":55,"key":"Regen Potion"}],"is_trial":false,"path_per_floor":["M","$","?","M","?","R","E","R","T","E","?","M","E","M","R","B",null,"M","$","M","$","M","E","M","?","T","M","R","?","R","E","R","B",null,"M","$","M","?","M","R","E","R","T","$","R","M","?","E","R","B","B",null,"R","$","E","B",null],"character_chosen":"IRONCLAD","items_purchased":["True Grit","Block Potion","Bronze Scales","Warcry+1","Feel No Pain","PowerPotion","Centennial Puzzle"],"campfire_rested":2,"item_purchase_floors":[2,2,19,21,36,44,54],"current_hp_per_floor":[74,74,79,80,69,69,75,75,75,57,57,63,64,70,70,33,68,58,58,45,45,46,22,15,15,15,21,45,45,45,37,61,56,74,84,84,87,87,90,90,86,86,86,86,86,94,97,97,97,96,96,99,99,99,100,100],"gold":34,"neow_bonus":"THREE_ENEMY_KILL","is_daily":false,"chose_seed":false,"campfire_upgraded":6,"win_rate":0.0,"timestamp":1611497685,"path_taken":["M","$","?","M","?","R","E","R","T","E","?","M","E","M","R","BOSS","M","$","M","$","?","E","M","?","T","M","R","?","R","E","R","BOSS","M","?","M","?","M","R","E","R","T","$","R","M","?","E","R","BOSS","BOSS","R","$","E","BOSS"],"items_purchased_type":["Card","Potion","Relic","Card","Card","Potion","Relic"],"build_version":"2020-12-22","purchased_purges":5,"victory":true,"max_hp_per_floor":[75,75,80,80,80,80,80,80,80,80,80,80,80,80,80,80,80,80,80,80,80,80,80,80,80,80,80,80,80,80,80,80,80,80,84,84,87,87,90,90,90,90,90,90,90,94,97,97,97,97,100,100,100,100,100,100],"relic_stats":{"Happy Flower":[26],"Gremlin Horn":[0,0],"counters":[27,130],"Smiling Mask":375,"Cursed Key":2,"Burning Blood":126,"Blood Vial":4,"Centennial Puzzle":[5],"Shovel":2,"Bronze Scales":[366],"Snecko Eye":[121,113,108,127],"Prayer Wheel":11,"obtain_stats":[{"NeowsBlessing":0,"Happy Flower":23,"Gremlin Horn":55,"Omamori":48,"Smiling Mask":9,"Cursed Key":17,"Burning Blood":0,"White Beast Statue":7,"Akabeko":43,"Blood Vial":42,"Du-Vu Doll":47,"Bottled Flame":41,"Centennial Puzzle":54,"Shovel":31,"HornCleat":49,"Bronze Scales":19,"Snecko Eye":34,"Prayer Wheel":10,"Toxic Egg 2":13},{"NeowsBlessing":0,"Happy Flower":12,"Gremlin Horn":26,"Omamori":23,"Smiling Mask":3,"Cursed Key":8,"Burning Blood":0,"White Beast Statue":3,"Akabeko":20,"Blood Vial":20,"Du-Vu Doll":22,"Bottled Flame":20,"Centennial Puzzle":25,"Shovel":15,"HornCleat":23,"Bronze Scales":9,"Snecko Eye":16,"Prayer Wheel":4,"Toxic Egg 2":6},{"NeowsBlessing":0,"Happy Flower":51,"Gremlin Horn":122,"Omamori":105,"Smiling Mask":5,"Cursed Key":31,"Burning Blood":0,"White Beast Statue":5,"Akabeko":91,"Blood Vial":91,"Du-Vu Doll":100,"Bottled Flame":91,"Centennial Puzzle":119,"Shovel":65,"HornCleat":105,"Bronze Scales":35,"Snecko Eye":72,"Prayer Wheel":13,"Toxic Egg 2":18}]},"card_choices":[{"not_picked":["Perfected Strike","Headbutt"],"picked":"Burning Pact","floor":1},{"not_picked":["Armaments","Ghostly Armor"],"picked":"Whirlwind","floor":4},{"not_picked":["Headbutt","Anger"],"picked":"Spot Weakness","floor":7},{"not_picked":["Heavy Blade","Twin Strike"],"picked":"Fiend Fire","floor":10},{"not_picked":["Headbutt","Sword Boomerang"],"picked":"Rampage","floor":12},{"not_picked":["Dropkick","Shrug It Off"],"picked":"Juggernaut","floor":12},{"not_picked":["Iron Wave","Sword Boomerang"],"picked":"Armaments+1","floor":13},{"not_picked":["Pummel","Headbutt"],"picked":"Shrug It Off+1","floor":14},{"not_picked":["Pummel","Heavy Blade","Cleave"],"picked":"SKIP","floor":14},{"not_picked":["Immolate","Juggernaut"],"picked":"Corruption","floor":16},{"not_picked":["True Grit+1","Sword Boomerang"],"picked":"Shrug It Off+1","floor":18},{"not_picked":["Iron Wave","Sever Soul","Seeing Red+1"],"picked":"SKIP","floor":18},{"not_picked":["Armaments+1","Cleave"],"picked":"Pommel Strike","floor":20},{"not_picked":["Clash","Body Slam","Whirlwind"],"picked":"SKIP","floor":20},{"not_picked":["Pommel Strike","Burning Pact+1"],"picked":"Shockwave+1","floor":22},{"not_picked":["Sever Soul+1","Juggernaut","Anger"],"picked":"SKIP","floor":22},{"not_picked":["Havoc+1","Spot Weakness+1"],"picked":"Body Slam+1","floor":23},{"not_picked":["Heavy Blade","Clothesline"],"picked":"Uppercut","floor":24},{"not_picked":["Searing Blow","Carnage+1"],"picked":"True Grit+1","floor":24},{"not_picked":["Sword Boomerang","Blood for Blood"],"picked":"Second Wind+1","floor":27},{"not_picked":["Fiend Fire","Perfected Strike","Heavy Blade"],"picked":"SKIP","floor":27},{"not_picked":["Armaments+1","Double Tap+1"],"picked":"Burning Pact+1","floor":31},{"not_picked":["Corruption","Brutality"],"picked":"Feed","floor":33},{"not_picked":["Pummel+1","Pommel Strike"],"picked":"Shockwave+1","floor":35},{"not_picked":["Sever Soul","Sword Boomerang","Warcry+1"],"picked":"SKIP","floor":35},{"not_picked":["Metallicize","Twin Strike"],"picked":"Shrug It Off+1","floor":37},{"not_picked":["Wild Strike","Battle Trance+1"],"picked":"Shrug It Off+1","floor":37},{"not_picked":["Hemokinesis","Cleave+1"],"picked":"Demon Form","floor":39},{"not_picked":["Clothesline","Headbutt","Rampage+1"],"picked":"SKIP","floor":39},{"not_picked":["Clash","Bloodletting+1"],"picked":"Impervious+1","floor":41},{"not_picked":["Body Slam","Twin Strike","Warcry+1"],"picked":"SKIP","floor":46},{"not_picked":["Fire Breathing","Rage+1","Intimidate+1"],"picked":"SKIP","floor":46},{"not_picked":["Whirlwind+1","Twin Strike"],"picked":"Power Through+1","floor":48},{"not_picked":["Sword Boomerang","Wild Strike+1","Searing Blow"],"picked":"SKIP","floor":55}],"player_experience":2107589,"relics_obtained":[{"floor":7,"key":"White Beast Statue"},{"floor":9,"key":"Smiling Mask"},{"floor":10,"key":"Prayer Wheel"},{"floor":13,"key":"Toxic Egg 2"},{"floor":23,"key":"Happy Flower"},{"floor":31,"key":"Shovel"},{"floor":41,"key":"Bottled Flame"},{"floor":42,"key":"Blood Vial"},{"floor":43,"key":"Akabeko"},{"floor":47,"key":"Du-Vu Doll"},{"floor":48,"key":"Omamori"},{"floor":49,"key":"HornCleat"},{"floor":55,"key":"Gremlin Horn"}],"event_choices":[{"damage_healed":0,"gold_gain":0,"player_choice":"Donut","damage_taken":0,"max_hp_gain":5,"max_hp_loss":0,"event_name":"Big Fish","floor":3,"gold_loss":0},{"damage_healed":0,"gold_gain":75,"player_choice":"Gather Gold","damage_taken":11,"max_hp_gain":0,"max_hp_loss":0,"event_name":"World of Goop","floor":5,"gold_loss":0},{"cards_removed":["Strike_R"],"damage_healed":0,"gold_gain":0,"player_choice":"Purged","damage_taken":0,"max_hp_gain":0,"max_hp_loss":0,"event_name":"Purifier","floor":11,"gold_loss":0},{"damage_healed":0,"gold_gain":0,"player_choice":"Ignored","damage_taken":0,"max_hp_gain":0,"max_hp_loss":0,"event_name":"The Mausoleum","floor":25,"gold_loss":0},{"damage_healed":0,"gold_gain":0,"player_choice":"Got Potions","damage_taken":0,"max_hp_gain":0,"max_hp_loss":0,"event_name":"Lab","floor":29,"gold_loss":0},{"damage_healed":0,"gold_gain":0,"player_choice":"Ignored","damage_taken":0,"max_hp_gain":0,"max_hp_loss":0,"event_name":"Tomb of Lord Red Mask","floor":38,"gold_loss":0},{"damage_healed":0,"gold_gain":0,"player_choice":"Fight","damage_taken":0,"max_hp_gain":0,"max_hp_loss":0,"event_name":"MindBloom","floor":47,"gold_loss":0}],"is_beta":false,"boss_relics":[{"not_picked":["Velvet Choker","Mark of Pain"],"picked":"Cursed Key"},{"not_picked":["Calling Bell","Philosopher\u0027s Stone"],"picked":"Snecko Eye"}],"items_purged_floors":[19,21,36,44,54],"is_endless":false,"potions_floor_spawned":[7,10,12,13,14,16,18,20,22,23,24,27,31,33,35,37,39,41,46,47,48,55],"ascension_level":20}}