{"host":"5dk97cf2ubw2v967","time":1611499605,"event":{"mods":["AlwaysNeverKeys","BaseMod","Better Altar","Better Vampires","Block Reminder","Colored Powertips","Downfall","Googly Eyes","Highlight Path","Minty Spire (QoL Compilation)","Permanent Neow","Potion Indicator Mod","Quick Restart","Relic Filter","Relic Stats","Say the Spire","Spicy Shops","StSLib","Waifu the Spire","everything is the same but u backflip on backflip"],"gold_per_floor":[99,111,130,148,148,163,163,175,6,6,23,52,52,37,49,146,146,46,64,64,64,64,84,110,130,47,32,32,63,77,77,77,77],"floor_reached":31,"language":"ENG","playtime":2485,"items_purged":[],"score":491,"play_id":"f220bac3-d042-40a1-a55e-ca072733d485","local_time":"20210124144645","is_ascension_mode":true,"campfire_choices":[{"data":"Guardian:TwinSlam","floor":1.0,"key":"SMITH"},{"floor":10.0,"key":"REST"},{"floor":13.0,"key":"RECALL"},{"floor":18.0,"key":"REST"},{"floor":28.0,"key":"REST"}],"circlet_count":0,"master_deck":["AscendersBane","Guardian:Strike_Guardian+1","Guardian:Strike_Guardian+1","Guardian:Strike_Guardian+1","Guardian:Strike_Guardian+1","Guardian:Defend_Guardian+1","Guardian:Defend_Guardian+1","Guardian:Defend_Guardian+1","Guardian:Defend_Guardian+1","Guardian:CurlUp","Guardian:TwinSlam+1","Guardian:StasisStrike","Guardian:TimeBomb","Guardian:Recover","Guardian:TimeBomb","Parasite","Guardian:Recover","Guardian:Incinerate","Guardian:Emergency","Guardian:ChargeUp","Guardian:FastForward","Guardian:Repulse","Guardian:Incinerate","Guardian:Clone","Guardian:ExploitGems","Guardian:TimeSifter","Guardian:Suspension+1"],"relics":["Guardian:ModeShifter","Guardian:StasisUpgradeRelic","Kunai","Fusion Hammer","downfall:HeartBlessingRed","Nloth\u0027s Gift","Regal Pillow"],"acts_visited":["Exordium","TheCity"],"potions_floor_usage":[30,31],"damage_taken":[{"damage":1.0,"enemies":"Cultist","floor":2.0,"turns":4.0},{"damage":4.0,"enemies":"2 Louse","floor":3.0,"turns":3.0},{"damage":2.0,"enemies":"Jaw Worm","floor":4.0,"turns":3.0},{"damage":12.0,"enemies":"3 Louse","floor":6.0,"turns":3.0},{"damage":16.0,"enemies":"Lots of Slimes","floor":8.0,"turns":5.0},{"damage":0.0,"enemies":"downfall:FleeingMerchant","floor":9.0,"turns":4.0},{"damage":0.0,"enemies":"Red Slaver","floor":11.0,"turns":3.0},{"damage":0.0,"enemies":"Lagavulin","floor":12.0,"turns":6.0},{"damage":10.0,"enemies":"downfall:FleeingMerchant","floor":14.0,"turns":4.0},{"damage":13.0,"enemies":"Large Slime","floor":15.0,"turns":4.0},{"damage":30.0,"enemies":"SI_SHIV_ARCHETYPE","floor":16.0,"turns":8.0},{"damage":17.0,"enemies":"Shell Parasite","floor":19.0,"turns":5.0},{"damage":28.0,"enemies":"Snecko","floor":23.0,"turns":5.0},{"damage":5.0,"enemies":"Snake Plant","floor":25.0,"turns":5.0},{"damage":10.0,"enemies":"downfall:FleeingMerchant","floor":26.0,"turns":4.0},{"damage":0.0,"enemies":"downfall:FleeingMerchant","floor":27.0,"turns":4.0},{"damage":0,"enemies":"Gremlin Leader","floor":29,"turns":6},{"damage":14,"enemies":"Chosen and Byrds","floor":30,"turns":6},{"damage":33,"enemies":"Slavers","floor":31,"turns":1}],"seed_played":"-8553840711081883257","potions_obtained":[{"floor":2.0,"key":"champ:CounterPotion"},{"floor":3.0,"key":"SkillPotion"},{"floor":11.0,"key":"PowerPotion"},{"floor":12.0,"key":"Swift Potion"},{"floor":16.0,"key":"Explosive Potion"},{"floor":23.0,"key":"Block Potion"},{"floor":25.0,"key":"SpeedPotion"},{"floor":29,"key":"Dexterity Potion"}],"is_trial":false,"path_per_floor":["R","M","M","M","?","M","T","M","$","R","M","E","R","$","M","B",null,"R","M","?","?","?","M","T","M","$","$","R","E","M","E"],"character_chosen":"GUARDIAN","items_purchased":["Guardian:StasisUpgradeRelic","Guardian:ExploitGems"],"campfire_rested":3,"item_purchase_floors":[9,26],"current_hp_per_floor":[72,71,67,65,65,53,53,37,37,61,61,66,66,61,48,18,65,80,63,63,63,63,35,35,30,20,20,44,44,30,0,0,0],"gold":77,"neow_bonus":"ONE_RANDOM_RARE_CARD","is_daily":false,"chose_seed":false,"campfire_upgraded":1,"win_rate":0.0,"timestamp":1611499605,"path_taken":["R","M","?","M","?","?","T","M","$","R","M","E","R","$","M","BOSS","R","M","?","?","?","?","T","M","?","$","R","E","M","E"],"items_purchased_type":["Relic","Card"],"build_version":"2020-12-22","purchased_purges":0,"victory":false,"max_hp_per_floor":[80,80,80,80,80,80,80,80,80,80,80,80,80,80,80,80,80,80,80,80,80,80,80,80,80,80,80,80,80,80,80,80,80],"relic_stats":{"Regal Pillow":0,"counters":[19,83],"Nloth\u0027s Gift":0,"Kunai":[13],"obtain_stats":[{"Guardian:StasisUpgradeRelic":9,"Regal Pillow":29,"downfall:HeartBlessingRed":18,"Guardian:ModeShifter":0,"Fusion Hammer":17,"Nloth\u0027s Gift":22,"Kunai":12,"Toy Ornithopter":7},{"Guardian:StasisUpgradeRelic":6,"Regal Pillow":17,"downfall:HeartBlessingRed":11,"Guardian:ModeShifter":0,"Fusion Hammer":11,"Nloth\u0027s Gift":12,"Kunai":8,"Toy Ornithopter":4},{"Guardian:StasisUpgradeRelic":22,"Regal Pillow":76,"downfall:HeartBlessingRed":47,"Guardian:ModeShifter":0,"Fusion Hammer":47,"Nloth\u0027s Gift":52,"Kunai":31,"Toy Ornithopter":13}]},"card_choices":[{"not_picked":["Guardian:Recover","Guardian:FuturePlans"],"picked":"Guardian:Gem_Crimson","floor":2.0},{"not_picked":["Guardian:Recover","Guardian:Gem_Lightblue"],"picked":"Guardian:TimeBomb","floor":3.0},{"not_picked":["Guardian:PrimingBeam","Guardian:FuturePlans"],"picked":"Guardian:Recover","floor":4.0},{"not_picked":["Guardian:Gem_Red","Guardian:Gem_Lightblue"],"picked":"Guardian:Recover","floor":6.0},{"not_picked":["Guardian:Suspension","Guardian:PrimingBeam"],"picked":"Guardian:Incinerate","floor":8.0},{"not_picked":["Guardian:Planning","Guardian:BronzeOrb"],"picked":"Guardian:Gem_Synthetic","floor":9.0},{"not_picked":["Guardian:WalkerClaw","Guardian:VentSteam","Guardian:CrystalBeam"],"picked":"SKIP","floor":11.0},{"not_picked":["Guardian:GemFire","Guardian:Planning"],"picked":"Guardian:Emergency","floor":12.0},{"not_picked":["Guardian:SpikerProtocol","Guardian:GuardianWhirl"],"picked":"Guardian:Gem_Red","floor":14.0},{"not_picked":["Guardian:ArmoredProtocol","Guardian:PrimingBeam"],"picked":"Guardian:ChargeUp","floor":15.0},{"not_picked":["Guardian:HyperBeam_Guardian","Guardian:SphericShield"],"picked":"Guardian:FastForward","floor":16.0},{"not_picked":["Guardian:Gem_Lightblue","Guardian:Gem_Purple"],"picked":"Guardian:Repulse","floor":19.0},{"not_picked":["Guardian:TemporalStrike","Guardian:Planning"],"picked":"Guardian:Incinerate","floor":23.0},{"not_picked":["Guardian:Recover","Guardian:Gem_Lightblue","Guardian:Reroute"],"picked":"SKIP","floor":25.0},{"not_picked":["Guardian:Gem_Red","Guardian:VentSteam"],"picked":"Guardian:Clone","floor":26.0},{"not_picked":["Guardian:Preprogram","Guardian:TemporalShield"],"picked":"Guardian:Gem_Fragmented","floor":27.0},{"not_picked":["Guardian:Gem_Green","Guardian:TimeCapacitor"],"picked":"Guardian:TimeSifter","floor":29},{"not_picked":["Guardian:Repulse","Guardian:PolyBeam"],"picked":"Guardian:Suspension+1","floor":30}],"player_experience":1254980,"relics_obtained":[{"floor":7.0,"key":"Toy Ornithopter"},{"floor":12.0,"key":"Kunai"},{"floor":29,"key":"Regal Pillow"}],"event_choices":[],"is_beta":false,"boss_relics":[{"not_picked":["bronze:MakeshiftBattery","Guardian:ModeShifterPlus"],"picked":"Fusion Hammer"}],"items_purged_floors":[],"is_endless":false,"potions_floor_spawned":[2,3,11,12,16,23,25,29],"killed_by":"Slavers","ascension_level":12}}