{"host":"n9lc5i44t98l6pio","time":1611500052,"event":{"mods":["BaseMod","Curses Come First","Downfall","Minty Spire (QoL Compilation)","Replay The Spire","Say the Spire","StSLib"],"gold_per_floor":[115,8,18,88,107,107,107,107,123,204,230,228,228,253,253,269,269,393,393,408,408,408,157,157,157,172,199,199,226,252,252,288,332,332,450,450,486,509,64,90,0,0,47,71,118,118,118,140,140,140,140,148,148,148,11,56,64],"floor_reached":58,"language":"ENG","playtime":2783,"items_purged":["Injury"],"score":1718,"play_id":"bba91288-e938-4335-94ca-2bec133a4c22","local_time":"20210124155412","is_ascension_mode":true,"campfire_choices":[{"floor":13.0,"key":"DIG"},{"floor":15.0,"key":"REST"},{"floor":17.0,"key":"DIG"},{"floor":34,"key":"RECALL"},{"floor":47,"key":"REST"},{"floor":49,"key":"REST"},{"data":"Armaments","floor":54,"key":"SMITH"}],"circlet_count":0,"master_deck":["Strike_R","Strike_R","Strike_R","Strike_R","Strike_R","Defend_R","Defend_R","Defend_R+1","Defend_R","Bash","Clothesline","Fire Breathing","Flex","Flex","Carnage","Power Through+1","Headbutt","Rampage","Combust","Armaments+1","Inflame","Limit Break","Armaments","J.A.X.+1","Replay:Undeath\u0027s Touch","Replay:Undeath\u0027s Touch+1","Uppercut+1","Rampage+1","Twin Strike","Whirlwind","Limit Break","Metallicize+1","Fire Breathing","Demon Form","Armaments","Armaments","Thunderclap+1","Pot Of Greed","Pot Of Greed","Pot Of Greed","Pot Of Greed","Replay:Sssssssssshield","ReplayTheSpireMod:Muscle Training","CommonCold","Inflame","Flex","Ghostly Armor+1"],"relics":["Burning Blood","Replay:Multitool","Bloody Idol","Pen Nib","War Paint","ReplayTheSpireMod:CursedCoin","Regal Pillow","Odd Mushroom","Mummified Hand","Honey Jar","Replay:WaspNest","Enchiridion","ReplayTheSpireMod:Shallot","Paper Frog","Replay:Bandana","ReplayTheSpireMod:Ninjato","Replay:Drink Me","Shuriken","Red Mask","Pantograph","Grinning Jar","Ring of Peace","ReplayTheSpireMod:Ring of Addiction","Potion Belt","Toy Ornithopter","Eternal Feather"],"acts_visited":["Exordium","TheCity","TheBeyond","TheEnding"],"potions_floor_usage":[29,35,52,52,52,52,52,57,57],"damage_taken":[{"damage":3.0,"enemies":"Jaw Worm","floor":1.0,"turns":4.0},{"damage":0.0,"enemies":"2 Louse","floor":3.0,"turns":2.0},{"damage":5.0,"enemies":"Small Slimes","floor":5.0,"turns":2.0},{"damage":5.0,"enemies":"3 Louse","floor":9.0,"turns":3.0},{"damage":33.0,"enemies":"The Mushroom Lair","floor":14.0,"turns":3.0},{"damage":1.0,"enemies":"2 Fungi Beasts","floor":16.0,"turns":3.0},{"damage":57.0,"enemies":"Hexaghost","floor":18.0,"turns":8.0},{"damage":22.0,"enemies":"2 Thieves","floor":20.0,"turns":3.0},{"damage":25.0,"enemies":"Shell Parasite","floor":26.0,"turns":5.0},{"damage":22,"enemies":"Slavers","floor":27,"turns":3},{"damage":7,"enemies":"Book of Stabbing","floor":29,"turns":3},{"damage":0,"enemies":"Snecko","floor":30,"turns":4},{"damage":3,"enemies":"Centurion and Healer","floor":32,"turns":3},{"damage":3,"enemies":"Gremlin Leader","floor":33,"turns":4},{"damage":38,"enemies":"Pondfish","floor":35,"turns":7},{"damage":1,"enemies":"3 Shapes","floor":37,"turns":5},{"damage":3,"enemies":"Orb Walker","floor":38,"turns":2},{"damage":33,"enemies":"Nemesis","floor":43,"turns":7},{"damage":39,"enemies":"Jaw Worm Horde","floor":44,"turns":6},{"damage":28,"enemies":"Writhing Mass","floor":48,"turns":5},{"damage":4,"enemies":"Time Eater","floor":52,"turns":6},{"damage":50,"enemies":"Shield and Spear","floor":56,"turns":6},{"damage":39,"enemies":"The Heart","floor":57,"turns":6}],"seed_played":"2405928793110544605","potions_obtained":[{"floor":9.0,"key":"Fruit Juice"},{"floor":10.0,"key":"Doom Potion"},{"floor":10.0,"key":"Toxic Potion"},{"floor":14.0,"key":"SkillPotion"},{"floor":26.0,"key":"Block Potion"},{"floor":29,"key":"ColorlessPotion"},{"floor":30,"key":"PowerPotion"},{"floor":43,"key":"LiquidMemories"},{"floor":44,"key":"SneckoOil"},{"floor":48,"key":"sneckomod:MuddlingPotion"},{"floor":50,"key":"Regen Potion"},{"floor":50,"key":"Energy Potion"},{"floor":50,"key":"Toxic Potion"}],"is_trial":false,"path_per_floor":["M","$","M","?","M","R","PTL","PTL","M","?","T","$","R","?","R","M","R","B",null,"M","?","?","$","?","R","M","E","T","E","M","R","M","E","R","B",null,"M","M","$","T","?","R","E","M","T","?","R","M","R","?","R","B",null,"R","$","E","B",null],"character_chosen":"IRONCLAD","items_purchased":["Fire Breathing","Flex","ReplayTheSpireMod:CursedCoin","Combust","Replay:WaspNest","Demon Form","Shuriken","Armaments","Inflame","Flex","SkillPotion"],"campfire_rested":3,"item_purchase_floors":[2,2,12,12,23,39,39,39,55,55,55],"current_hp_per_floor":[80,80,80,80,80,80,80,80,80,60,60,60,60,38,78,83,83,32,85,69,69,69,69,69,53,39,28,28,32,43,83,85,85,85,58,64,64,64,64,64,64,64,42,14,19,19,53,36,64,64,64,64,64,64,64,23,25],"gold":64,"neow_bonus":"ONE_RARE_RELIC","is_daily":false,"chose_seed":false,"campfire_upgraded":1,"win_rate":0.0,"timestamp":1611500052,"path_taken":["M","$","M","?","M","R","PTL","PTL","M","?","T","?","R","?","R","M","R","BOSS","M","?","?","$","?","R","M","E","T","E","M","R","M","E","R","BOSS","M","?","$","?","?","R","E","M","T","?","R","M","R","?","R","BOSS","R","$","E","BOSS"],"items_purchased_type":["Card","Card","Relic","Card","Relic","Card","Relic","Card","Card","Card","Potion"],"build_version":"2020-12-22","purchased_purges":1,"victory":true,"max_hp_per_floor":[80,80,80,80,80,80,80,80,80,80,80,80,80,85,85,85,85,85,85,85,85,85,85,85,85,85,85,85,85,85,85,85,85,85,85,64,64,64,64,64,64,64,64,64,64,64,64,64,64,64,64,64,64,64,64,62,62],"card_choices":[{"not_picked":["Body Slam","Rage"],"picked":"Clothesline","floor":1.0},{"not_picked":["True Grit","Iron Wave"],"picked":"Carnage","floor":3.0},{"not_picked":["Thunderclap","Run Through"],"picked":"Power Through","floor":5.0},{"not_picked":["Intimidate","Replay:Undeath\u0027s Touch"],"picked":"Headbutt","floor":9.0},{"not_picked":["Headbutt","Wild Strike"],"picked":"Rampage","floor":10.0},{"not_picked":["Sever Soul","Life Link"],"picked":"Armaments","floor":14.0},{"not_picked":["Sword Boomerang","Perfected Strike"],"picked":"Inflame","floor":16.0},{"not_picked":["Double Tap","Juggernaut"],"picked":"Limit Break","floor":18.0},{"not_picked":["Sword Boomerang+1","Searing Blow","Heavy Blade"],"picked":"Armaments","floor":20.0},{"not_picked":["Ghostly Armor","Defy Death","Infernal Blade"],"picked":"Replay:Undeath\u0027s Touch","floor":26.0},{"not_picked":["Rampage+1","True Grit","Wild Strike"],"picked":"Replay:Undeath\u0027s Touch","floor":27},{"not_picked":["Blood for Blood+1","Exhume","Run Through"],"picked":"Uppercut","floor":29},{"not_picked":["Shockwave","Pommel Strike","Rage"],"picked":"Rampage+1","floor":30},{"not_picked":["Headbutt","Havoc","Run Through+1"],"picked":"Twin Strike","floor":32},{"not_picked":["Sword Boomerang","Reckless Charge","True Grit"],"picked":"Whirlwind","floor":33},{"not_picked":["Reaper","Offering","Brutality"],"picked":"Limit Break","floor":35},{"not_picked":["Shockwave+1","Sentinel","Hemokinesis"],"picked":"Metallicize+1","floor":37},{"not_picked":["ReplayTheSpireMod:Strike From Hell","Iron Wave","Cleave+1"],"picked":"Fire Breathing","floor":38},{"not_picked":["Flex+1","Infernal Blade","Perfected Strike"],"picked":"Armaments","floor":43},{"not_picked":["Defy Death","Body Slam+1","Wild Strike+1"],"picked":"Thunderclap+1","floor":44},{"not_picked":["Dramatic Entrance","ReplayTheSpireMod:Necrogeddon","Purity"],"picked":"Replay:Sssssssssshield","floor":46},{"not_picked":["True Grit","Life Link","Ghostly Armor+1"],"picked":"ReplayTheSpireMod:Muscle Training","floor":48},{"not_picked":["Rampage","Sever Soul+1","Second Wind+1"],"picked":"Ghostly Armor+1","floor":56}],"player_experience":180941,"relics_obtained":[{"floor":10.0,"key":"Pen Nib"},{"floor":11.0,"key":"War Paint"},{"floor":13.0,"key":"Regal Pillow"},{"floor":14.0,"key":"Odd Mushroom"},{"floor":17.0,"key":"Mummified Hand"},{"floor":25.0,"key":"Enchiridion"},{"floor":27,"key":"ReplayTheSpireMod:Shallot"},{"floor":28,"key":"Paper Frog"},{"floor":29,"key":"Replay:Bandana"},{"floor":33,"key":"ReplayTheSpireMod:Ninjato"},{"floor":43,"key":"Pantograph"},{"floor":45,"key":"Grinning Jar"},{"floor":50,"key":"Ring of Peace"},{"floor":50,"key":"ReplayTheSpireMod:Ring of Addiction"},{"floor":50,"key":"Potion Belt"},{"floor":50,"key":"Toy Ornithopter"},{"floor":56,"key":"Eternal Feather"}],"event_choices":[{"damage_healed":0.0,"max_hp_gain":0.0,"max_hp_loss":0.0,"gold_gain":70.0,"event_name":"Golden Wing","player_choice":"Gained Gold","floor":4.0,"gold_loss":0.0,"damage_taken":0.0},{"damage_healed":0.0,"max_hp_gain":0.0,"max_hp_loss":0.0,"gold_gain":0.0,"event_name":"Golden Idol","player_choice":"Take Wound","floor":6.0,"gold_loss":0.0,"damage_taken":0.0,"relics_obtained":["Golden Idol"],"cards_obtained":["Injury"]},{"damage_healed":0.0,"max_hp_gain":0.0,"max_hp_loss":0.0,"gold_gain":0.0,"event_name":"Mushrooms","player_choice":"Fought Mushrooms","floor":14.0,"gold_loss":0.0,"damage_taken":0.0},{"damage_healed":0.0,"max_hp_gain":0.0,"max_hp_loss":0.0,"gold_gain":0.0,"event_name":"Drug Dealer","player_choice":"Obtain J.A.X.","floor":21.0,"gold_loss":0.0,"damage_taken":0.0,"cards_obtained":["J.A.X."]},{"damage_healed":0.0,"max_hp_gain":0.0,"max_hp_loss":0.0,"gold_gain":0.0,"event_name":"Beggar","player_choice":"Ignored","floor":22.0,"gold_loss":0.0,"damage_taken":0.0},{"damage_healed":0.0,"max_hp_gain":0.0,"max_hp_loss":0.0,"gold_gain":0.0,"event_name":"Forgotten Altar","player_choice":"Gave Idol","floor":24.0,"relics_lost":["Golden Idol"],"gold_loss":0.0,"damage_taken":0.0,"relics_obtained":["Bloody Idol"]},{"damage_healed":0.0,"max_hp_gain":0.0,"max_hp_loss":0.0,"gold_gain":0.0,"event_name":"Cursed Tome","player_choice":"Obtained Book","floor":25.0,"gold_loss":0.0,"damage_taken":16.0},{"damage_healed":0,"gold_gain":0,"player_choice":"Paid","damage_taken":0,"relics_obtained":["Red Mask"],"max_hp_gain":0,"max_hp_loss":0,"event_name":"Tomb of Lord Red Mask","floor":41,"gold_loss":90},{"damage_healed":0,"gold_gain":0,"player_choice":"Memory 1","damage_taken":0,"max_hp_gain":0,"max_hp_loss":0,"event_name":"SensoryStone","floor":46,"gold_loss":0}],"is_beta":false,"boss_relics":[{"not_picked":["Ectoplasm","Tiny House"],"picked":"Honey Jar"},{"not_picked":["Fusion Hammer","ReplayTheSpireMod:DimensionalGlitch"],"picked":"Replay:Drink Me"}],"items_purged_floors":[12],"is_endless":false,"potions_floor_spawned":[9,14,26,29,30,43,44,48],"ascension_level":1}}