{"host":"ufl0k2so27eic2iy","time":1611509183,"event":{"mods":["BaseMod","Downfall","Minty Spire (QoL Compilation)","StSLib","The Animator"],"gold_per_floor":[99,115,115,25,25,56,56,56,69,82,115,0,0,27,40,145,145,145,162,179,198,115,115,115,315,230,241,276,292,92,110,127,228,228,128,142,152,206,206,225,248,248,248,65,65,100,100,112,127,127,127,161,12,12,12,12,12,12],"floor_reached":56,"language":"ENG","playtime":3152,"items_purged":["bronze:Strike","bronze:Strike","bronze:Strike"],"score":1015,"play_id":"de1e9cef-50ef-446b-928f-8c655634d32d","local_time":"20210124172623","is_ascension_mode":true,"campfire_choices":[{"data":"bronze:Replicate","floor":1.0,"key":"SMITH"},{"data":"bronze:InfiniteBeams","floor":8,"key":"SMITH"},{"floor":13,"key":"REST"},{"data":"bronze:Boost","floor":18,"key":"SMITH"},{"floor":30,"key":"RECALL"},{"data":"bronze:Library","floor":35,"key":"SMITH"},{"data":"bronze:TinkerersToolbox","floor":43,"key":"SMITH"},{"data":"bronze:Goto","floor":45,"key":"SMITH"},{"data":"bronze:Shell","floor":47,"key":"SMITH"},{"data":"bronze:FindAndReplace","floor":54,"key":"SMITH"}],"circlet_count":0,"master_deck":["bronze:Defend","bronze:Defend","bronze:Defend","bronze:Defend","bronze:Goto+1","bronze:InfiniteBeams+1","bronze:ChosenStrike","bronze:DelayedSlice","bronze:FollowUp","bronze:Boost+1","bronze:Shield","bronze:ThunderWave","bronze:MaxOutput","bronze:TinkerersToolbox+1","bronze:Safeguard","bronze:DelayedGuard+1","bronze:ItsAFeature","bronze:FineTuning+1","bronze:Assembly","bronze:DelayedGuard+1","bronze:Assembly","bronze:BronzeArmor+1","bronze:ClassDefault","bronze:Library+1","bronze:Terminator+1","bronze:Safeguard+1","bronze:ChildClass","bronze:FindAndReplace+1","Mayhem","bronze:Shell+1","bronze:Refactor"],"relics":["bronze:BronzeCore","FaceOfCleric","hexamod:BolsterEngine","Mummified Hand","Anchor","Question Card","bronze:MakeshiftBattery","Enchiridion","Bag of Preparation","Prayer Wheel","downfall:HeartBlessingBlue","downfall:HeartBlessingGreen","Runic Pyramid","downfall:HeartBlessingRed","bronze:ProtectiveGoggles","Ancient Tea Set","StrikeDummy","Strawberry","Lee\u0027s Waffle"],"acts_visited":["Exordium","TheCity","TheBeyond","TheEnding"],"potions_floor_usage":[11,52,56],"damage_taken":[{"damage":6.0,"enemies":"Small Slimes","floor":2.0,"turns":4.0},{"damage":0,"enemies":"downfall:FleeingMerchant","floor":4,"turns":4},{"damage":25,"enemies":"3 Sentries","floor":6,"turns":6},{"damage":0,"enemies":"Cultist","floor":9,"turns":3},{"damage":0,"enemies":"2 Louse","floor":10,"turns":2},{"damage":16,"enemies":"Lagavulin","floor":11,"turns":5},{"damage":0,"enemies":"downfall:FleeingMerchant","floor":12,"turns":4},{"damage":0,"enemies":"3 Sentries","floor":14,"turns":4},{"damage":0,"enemies":"Exordium Wildlife","floor":15,"turns":2},{"damage":0,"enemies":"IC_STATUS_ARCHETYPE","floor":16,"turns":5},{"damage":0,"enemies":"Chosen","floor":19,"turns":3},{"damage":3,"enemies":"Cultist and Chosen","floor":20,"turns":5},{"damage":12,"enemies":"Snecko","floor":21,"turns":5},{"damage":2,"enemies":"downfall:FleeingMerchant","floor":22,"turns":4},{"damage":9,"enemies":"downfall:FleeingMerchant","floor":26,"turns":3},{"damage":0,"enemies":"3 Cultists","floor":27,"turns":4},{"damage":1,"enemies":"Book of Stabbing","floor":28,"turns":4},{"damage":0,"enemies":"Cultist and Chosen","floor":29,"turns":4},{"damage":0,"enemies":"Centurion and Healer","floor":31,"turns":3},{"damage":0,"enemies":"Snecko","floor":32,"turns":3},{"damage":0,"enemies":"WA_ARCHETYPE_CALM","floor":33,"turns":5},{"damage":0,"enemies":"3 Shapes","floor":36,"turns":3},{"damage":5,"enemies":"3 Darklings","floor":37,"turns":3},{"damage":0,"enemies":"Transient","floor":40,"turns":5},{"damage":4,"enemies":"Reptomancer","floor":46,"turns":3},{"damage":0,"enemies":"Sphere and 2 Shapes","floor":48,"turns":4},{"damage":0,"enemies":"4 Shapes","floor":49,"turns":5},{"damage":12,"enemies":"DF_ARCHETYPE_ORBS","floor":50,"turns":7},{"damage":34,"enemies":"downfall:CharBossMerchant","floor":52,"turns":8},{"damage":12,"enemies":"downfall:NeowBoss","floor":55,"turns":12},{"damage":114,"enemies":"downfall:NeowBossFinal","floor":56,"turns":5}],"seed_played":"8840290123893764154","potions_obtained":[{"floor":2.0,"key":"BlessingOfTheForge"},{"floor":6,"key":"Regen Potion"},{"floor":10,"key":"bronze:BurnAndBuffPotion"},{"floor":11,"key":"ColorlessPotion"},{"floor":21,"key":"Explosive Potion"},{"floor":33,"key":"DistilledChaos"},{"floor":48,"key":"Ancient Potion"}],"is_trial":false,"path_per_floor":["R","M","?","$","?","E","T","R","M","M","E","$","R","E","M","B",null,"R","M","M","M","$","?","T","?","$","M","E","M","R","M","M","B",null,"R","M","M","?","?","M","T","$","R","$","R","E","R","M","M","B",null,"E","$","R","B","B"],"character_chosen":"THE_AUTOMATON","items_purchased":["bronze:ItsAFeature","bronze:Assembly","Bag of Preparation","Mayhem","Lee\u0027s Waffle"],"campfire_rested":1,"item_purchase_floors":[22,26,26,44,53],"current_hp_per_floor":[70,64,64,64,64,40,40,40,41,42,36,37,59,60,61,62,78,78,79,77,66,65,49,49,49,41,42,42,43,53,54,55,56,99,99,100,96,96,96,97,97,97,97,97,97,94,94,95,96,85,106,80,121,121,110,0,0,0],"gold":12,"neow_bonus":"REMOVE_CARD","is_daily":false,"chose_seed":false,"campfire_upgraded":8,"win_rate":0.0,"timestamp":1611509183,"path_taken":["R","M","?","$","?","E","T","R","M","M","E","$","R","E","M","BOSS","R","M","M","M","$","?","T","?","$","M","E","M","R","?","M","BOSS","R","M","M","?","?","M","T","?","R","$","R","E","R","?","M","BOSS","E","$","R","BOSS","BOSS"],"items_purchased_type":["Card","Card","Relic","Card","Relic"],"build_version":"2020-12-22","purchased_purges":3,"victory":false,"max_hp_per_floor":[70,70,70,70,70,71,71,71,72,73,74,75,75,76,77,78,78,78,79,80,81,82,82,82,82,83,84,85,86,96,97,98,99,99,99,100,101,101,101,102,102,102,102,102,102,103,103,104,105,106,106,114,121,121,122,122,122,122],"card_choices":[{"not_picked":["bronze:Return","bronze:Deprecate"],"picked":"bronze:InfiniteBeams","floor":2.0},{"not_picked":["bronze:WhirlingStrike","bronze:Terminator"],"picked":"bronze:ChosenStrike","floor":4},{"not_picked":["bronze:CleanCode","bronze:MaxOutput"],"picked":"bronze:DelayedSlice","floor":6},{"not_picked":["bronze:WhirlingStrike","bronze:ClassDefault"],"picked":"bronze:FollowUp","floor":9},{"not_picked":["bronze:WildBeam","bronze:BitShift"],"picked":"bronze:Boost","floor":10},{"not_picked":["bronze:Invalidate","bronze:Fortify","bronze:DigitalCarnage"],"picked":"SKIP","floor":11},{"not_picked":["bronze:Iterate","bronze:DelayedSlice"],"picked":"bronze:Shield","floor":12},{"not_picked":["bronze:Backtrace","bronze:Invalidate"],"picked":"bronze:ThunderWave","floor":14},{"not_picked":["bronze:Iterate","bronze:BugBarrage","bronze:WildBeam"],"picked":"bronze:MaxOutput","floor":15},{"not_picked":["bronze:InfiniteLoop","bronze:RecursiveStrike","bronze:BurnOut"],"picked":"bronze:TinkerersToolbox","floor":16},{"not_picked":["bronze:WildBeam","bronze:MaxOutput+1","bronze:Flail"],"picked":"bronze:Safeguard","floor":19},{"not_picked":["bronze:Invalidate","bronze:FineTuning","bronze:Separator","bronze:ForLoop"],"picked":"SKIP","floor":20},{"not_picked":["bronze:Optimize","bronze:Safeguard","bronze:Iterate+1"],"picked":"bronze:DelayedGuard+1","floor":21},{"not_picked":["bronze:Philosophize","bronze:ShipIt","bronze:FollowUp","bronze:DelayedSlice+1"],"picked":"SKIP","floor":22},{"not_picked":["bronze:OilSpill","bronze:FollowUp+1","bronze:WildBeam"],"picked":"bronze:FineTuning+1","floor":26},{"not_picked":["bronze:BitShift","bronze:WildBeam","bronze:BuggyMess"],"picked":"bronze:DelayedGuard+1","floor":27},{"not_picked":["bronze:OilSpill","bronze:CutThrough","bronze:Allocate+1","bronze:FineTuning"],"picked":"SKIP","floor":28},{"not_picked":["bronze:Flail","bronze:DarkDash","bronze:FineTuning"],"picked":"bronze:Assembly","floor":29},{"not_picked":["bronze:CutThrough","bronze:Shield+1","bronze:Fortify","bronze:Deprecate+1"],"picked":"SKIP","floor":29},{"not_picked":["bronze:GetLatest","bronze:ForLoop","bronze:WildBeam"],"picked":"bronze:BronzeArmor+1","floor":31},{"not_picked":["bronze:Deprecate+1","bronze:Shield","bronze:Allocate","bronze:NullPointer"],"picked":"SKIP","floor":31},{"not_picked":["bronze:Mutator","bronze:ItsAFeature","bronze:MaxOutput"],"picked":"bronze:ClassDefault","floor":32},{"not_picked":["bronze:Invalidate","bronze:Turbo+1","bronze:DelayedSlice+1","bronze:Overload"],"picked":"SKIP","floor":32},{"not_picked":["bronze:Virus","bronze:AlphaBuild","bronze:Mutator"],"picked":"bronze:Library","floor":33},{"not_picked":["bronze:Flail+1","bronze:OilSpill","bronze:DarkDash+1"],"picked":"bronze:Terminator+1","floor":36},{"not_picked":["bronze:Deprecate+1","bronze:InfiniteBeams+1","bronze:Turbo","bronze:BronzeArmor"],"picked":"SKIP","floor":36},{"not_picked":["bronze:Terminator+1","bronze:WhirlingStrike+1","bronze:Boost"],"picked":"bronze:Safeguard+1","floor":37},{"not_picked":["bronze:Separator+1","bronze:Overheat","bronze:Invalidate+1"],"picked":"bronze:ChildClass","floor":37},{"not_picked":["bronze:Shell","bronze:Fortify","bronze:Deprecate+1"],"picked":"bronze:FindAndReplace","floor":40},{"not_picked":["bronze:BitShift","bronze:CutThrough+1","bronze:Separator","bronze:Constructor"],"picked":"SKIP","floor":40},{"not_picked":["bronze:BuggyMess","bronze:Constructor","bronze:Iterate"],"picked":"bronze:Shell","floor":46},{"not_picked":["bronze:Fortify","bronze:Deprecate","bronze:Turbo","bronze:WhirlingStrike+1"],"picked":"SKIP","floor":48},{"not_picked":["bronze:OilSpill","bronze:Optimize","bronze:BitShift+1","bronze:Shield+1"],"picked":"SKIP","floor":48},{"not_picked":["bronze:Overheat","bronze:WhirlingStrike+1","bronze:ItsAFeature+1","bronze:OilSpill"],"picked":"SKIP","floor":49},{"not_picked":["bronze:Separator","bronze:Return","bronze:WildBeam+1","bronze:ChosenStrike"],"picked":"SKIP","floor":49},{"not_picked":["bronze:FindAndReplace","bronze:ForLoop","bronze:Iterate+1"],"picked":"bronze:Refactor","floor":52}],"player_experience":2763199,"relics_obtained":[{"floor":6,"key":"hexamod:BolsterEngine"},{"floor":7,"key":"Mummified Hand"},{"floor":11,"key":"Anchor"},{"floor":14,"key":"Question Card"},{"floor":23,"key":"Enchiridion"},{"floor":28,"key":"Prayer Wheel"},{"floor":38,"key":"bronze:ProtectiveGoggles"},{"floor":41,"key":"Ancient Tea Set"},{"floor":46,"key":"StrikeDummy"},{"floor":52,"key":"Strawberry"}],"event_choices":[{"damage_healed":0,"gold_gain":0,"player_choice":"Trade","damage_taken":0,"relics_obtained":["FaceOfCleric"],"max_hp_gain":0,"max_hp_loss":0,"event_name":"FaceTrader","floor":5,"gold_loss":0},{"damage_healed":0,"gold_gain":200,"player_choice":"Gold","damage_taken":0,"max_hp_gain":0,"max_hp_loss":0,"event_name":"Wheel of Change","floor":25,"gold_loss":0},{"cards_removed":["bronze:Replicate"],"damage_healed":0,"gold_gain":0,"player_choice":"Removed Attack","damage_taken":0,"max_hp_gain":0,"max_hp_loss":0,"event_name":"Falling","floor":39,"gold_loss":0}],"is_beta":false,"boss_relics":[{"not_picked":["Busted Crown","Snecko Eye"],"picked":"bronze:MakeshiftBattery"},{"not_picked":["Pandora\u0027s Box","SlaversCollar"],"picked":"Runic Pyramid"}],"items_purged_floors":[4,12,26],"is_endless":false,"potions_floor_spawned":[2,6,10,11,15,19,21,27,33,37,48,49],"killed_by":"downfall:NeowBossFinal","ascension_level":3}}