{"host":"bplbr8uekuotory4","time":1611494150,"event":{"mods":["Act Like it!","BaseMod","GungeonMod","Hermit","KinomotoSakuraMod(木之本樱)","Marisa（F雨　魔理沙）","Minty Spire (QoL Compilation)","Prisma Mod","Quick Restart","Reimu（博丽灵梦）","Replay The Spire","SOS（斯巴达之子）","Spicy Shops","StSLib","TestMod","The Blackbeard","The Cursed","The Mystic","The Poker Player","The Saiyan","The Senshi","The Servant 0.9.4","Yuri Mod","[IsaacMod]以撒尖塔"],"gold_per_floor":[119,137,137,156,156,156,156],"floor_reached":6,"language":"ZHS","playtime":68,"items_purged":[],"score":56,"play_id":"eee54cc8-1065-4488-9a2b-5648e1ddffe8","local_time":"20210124211550","is_ascension_mode":true,"campfire_choices":[],"circlet_count":0,"master_deck":["AscendersBane","Strike_B","Strike_B","Strike_B","Strike_B","Defend_B","Defend_B","Defend_B","Defend_B","Zap","Dualcast","Beam Cell","Ball Lightning","ReplayTheSpireMod:Omega Cannon"],"relics":["Cracked Core","testmod-TestBox","HushsDoor","GuppysPaw","testmod-Alchemist","NeowsBlessing","DemoMod:GlassGuonStoneRelic","Replay:Antivirus Software"],"acts_visited":["Exordium"],"potions_floor_usage":[],"damage_taken":[{"damage":0,"enemies":"2 Louse","floor":1,"turns":1},{"damage":0,"enemies":"Cultist","floor":2,"turns":1},{"damage":0,"enemies":"Small Slimes","floor":4,"turns":1},{"damage":0,"enemies":"Lagavulin","floor":6,"turns":1}],"seed_played":"-4982776171351794750","potions_obtained":[{"floor":2,"key":"DemoMod:LeadSkinPotion"},{"floor":4,"key":"ZuzhouPotion:ReiMu"},{"floor":5,"key":"DuplicationPotion"}],"is_trial":false,"path_per_floor":["M","M","?","M","?","E"],"character_chosen":"DEFECT","items_purchased":[],"campfire_rested":0,"item_purchase_floors":[],"current_hp_per_floor":[68,68,53,53,53,53,53],"gold":156,"neow_bonus":"THREE_ENEMY_KILL","is_daily":false,"chose_seed":false,"campfire_upgraded":0,"win_rate":0.0,"timestamp":1611494150,"path_taken":["M","M","?","?","?","E"],"items_purchased_type":[],"build_version":"2020-12-22","purchased_purges":0,"victory":false,"max_hp_per_floor":[75,75,75,75,75,75,75],"card_choices":[{"not_picked":["Undo","Coolheaded"],"picked":"Beam Cell","floor":1},{"not_picked":["Panic Button","Doom and Gloom"],"picked":"Ball Lightning","floor":2},{"not_picked":["Consume","Reprogram"],"picked":"ReplayTheSpireMod:Omega Cannon","floor":4}],"player_experience":1157337,"relics_obtained":[],"event_choices":[{"damage_healed":0,"gold_gain":0,"player_choice":"Got Potions","damage_taken":0,"max_hp_gain":0,"max_hp_loss":0,"event_name":"Lab","floor":5,"gold_loss":0}],"is_beta":false,"boss_relics":[],"items_purged_floors":[],"is_endless":false,"potions_floor_spawned":[2,4],"killed_by":"Lagavulin","ascension_level":11}}