{"host":"1ekl8hlbnopmdapi","time":1611448834,"event":{"mods":["AchievementEnabler","BaseMod","Colored Map","Colored Powertips","DeckTracker","Googly Eyes","Highlight Path","Minty Spire (QoL Compilation)","Relic Sorter","StSLib","Synergy Search"],"gold_per_floor":[115,115,132,152,129,129,162,162,162,178,189,216,216,153,153,257,307,319,319,319,319],"floor_reached":20,"language":"ENG","playtime":528,"items_purged":[],"score":209,"play_id":"dd327396-8511-43cc-9f47-d77dd7cfc9c8","local_time":"20210123194034","is_ascension_mode":true,"campfire_choices":[{"data":"Bash","floor":6,"key":"SMITH"},{"floor":8,"key":"REST"},{"floor":13,"key":"REST"},{"floor":15,"key":"RECALL"}],"circlet_count":0,"master_deck":["Strike_R","Strike_R","Strike_R","Strike_R","Strike_R","Defend_R+1","Defend_R+1","Defend_R","Defend_R","Bash+1","Sword Boomerang+1","Wild Strike","Shrug It Off","Metallicize","Evolve","Shockwave","Combust","Demon Form","Blood for Blood","Combust"],"relics":["Burning Blood","Toy Ornithopter","The Courier","Lantern","Bag of Preparation","Tiny House","Nilry\u0027s Codex"],"acts_visited":["Exordium","TheCity"],"potions_floor_usage":[12,16,18,20,20],"damage_taken":[{"damage":10,"enemies":"2 Louse","floor":1,"turns":3},{"damage":0,"enemies":"Small Slimes","floor":3,"turns":2},{"damage":7,"enemies":"Jaw Worm","floor":4,"turns":3},{"damage":39,"enemies":"3 Sentries","floor":7,"turns":10},{"damage":0,"enemies":"2 Fungi Beasts","floor":10,"turns":3},{"damage":12,"enemies":"3 Louse","floor":11,"turns":3},{"damage":41,"enemies":"Lagavulin","floor":12,"turns":8},{"damage":41,"enemies":"Hexaghost","floor":16,"turns":11},{"damage":25,"enemies":"2 Thieves","floor":18,"turns":4},{"damage":65,"enemies":"Masked Bandits","floor":20,"turns":3}],"seed_played":"-640823663472520499","potions_obtained":[{"floor":7,"key":"AttackPotion"},{"floor":10,"key":"FearPotion"},{"floor":12,"key":"ColorlessPotion"},{"floor":16,"key":"DuplicationPotion"},{"floor":17,"key":"LiquidBronze"}],"is_trial":false,"path_per_floor":["M","?","M","M","?","R","E","R","T","M","M","E","R","$","R","B",null,"M","?","?"],"character_chosen":"IRONCLAD","items_purchased":["Combust"],"campfire_rested":2,"item_purchase_floors":[14],"current_hp_per_floor":[76,60,66,65,65,65,32,56,56,62,56,26,50,50,50,20,85,66,50,0,0],"gold":319,"neow_bonus":"RANDOM_COMMON_RELIC","is_daily":false,"chose_seed":false,"campfire_upgraded":1,"win_rate":0.0,"timestamp":1611448834,"path_taken":["M","?","M","M","?","R","E","R","T","M","M","E","R","?","R","BOSS","M","?","?"],"items_purchased_type":["Card"],"build_version":"2020-12-22","purchased_purges":0,"victory":false,"max_hp_per_floor":[80,80,80,80,80,80,80,80,80,80,80,80,80,80,80,80,85,85,85,85,85],"card_choices":[{"not_picked":["True Grit","Iron Wave"],"picked":"Sword Boomerang","floor":1},{"not_picked":["Fire Breathing","Power Through"],"picked":"Wild Strike","floor":3},{"not_picked":["Burning Pact","Perfected Strike","Dark Embrace"],"picked":"SKIP","floor":4},{"not_picked":["Exhume","Thunderclap"],"picked":"Shrug It Off","floor":7},{"not_picked":["Whirlwind","Inflame"],"picked":"Metallicize","floor":10},{"not_picked":["True Grit","Clothesline"],"picked":"Evolve","floor":11},{"not_picked":["Thunderclap","Entrench"],"picked":"Shockwave","floor":12},{"not_picked":["Juggernaut","Limit Break"],"picked":"Demon Form","floor":16},{"not_picked":["Sword Boomerang","Clothesline"],"picked":"Blood for Blood","floor":17},{"not_picked":["Carnage","True Grit+1"],"picked":"Combust","floor":18}],"player_experience":489137,"relics_obtained":[{"floor":7,"key":"The Courier"},{"floor":9,"key":"Lantern"},{"floor":12,"key":"Bag of Preparation"},{"floor":19,"key":"Nilry\u0027s Codex"}],"event_choices":[{"damage_healed":0,"gold_gain":0,"player_choice":"Entered Light","damage_taken":16,"max_hp_gain":0,"max_hp_loss":0,"event_name":"Shining Light","floor":2,"gold_loss":0,"cards_upgraded":["Sword Boomerang","Defend_R"]},{"damage_healed":0,"gold_gain":0,"player_choice":"Left Gold","damage_taken":0,"max_hp_gain":0,"max_hp_loss":0,"event_name":"World of Goop","floor":5,"gold_loss":23},{"damage_healed":0,"gold_gain":0,"player_choice":"Obtained Book","damage_taken":16,"max_hp_gain":0,"max_hp_loss":0,"event_name":"Cursed Tome","floor":19,"gold_loss":0},{"damage_healed":0,"gold_gain":0,"player_choice":"Fought Bandits","damage_taken":0,"max_hp_gain":0,"max_hp_loss":0,"event_name":"Masked Bandits","floor":20,"gold_loss":0}],"is_beta":false,"boss_relics":[{"not_picked":["Ectoplasm","Runic Cube"],"picked":"Tiny House"}],"items_purged_floors":[],"is_endless":false,"potions_floor_spawned":[7,10,12,16],"killed_by":"Masked Bandits","ascension_level":3}}