{"host":"agbyy69nq62afhwx","time":1611478611,"event":{"mods":["BaseMod","Colored Map","DeckTracker","Highlight Path","Keyboard Shortcuts","Minty Spire (QoL Compilation)","Quick Restart","StSLib","SuperFastMode","everything is the same but u backflip on backflip"],"gold_per_floor":[115,115,131,151,168,195,195,69,69,69,82,93,104,119,119,197,197,209,259,269,125,125,125],"floor_reached":22,"language":"KOR","playtime":613,"items_purged":["Strike_R","Strike_R"],"score":380,"play_id":"9262a0f8-7884-4db2-9273-e8b27a759f74","local_time":"20210124175651","is_ascension_mode":true,"campfire_choices":[{"data":"Inflame","floor":7.0,"key":"SMITH"},{"data":"Body Slam","floor":10.0,"key":"SMITH"},{"data":"Carnage","floor":15.0,"key":"SMITH"}],"circlet_count":0,"master_deck":["AscendersBane","Strike_R","Strike_R","Defend_R","Defend_R","Defend_R","Defend_R","Bash","Inflame+1","Shrug It Off","Pommel Strike","Carnage+1","Body Slam+1","Power Through","Sword Boomerang","Barricade","Fire Breathing","Second Wind","Feel No Pain"],"relics":["Burning Blood","Pantograph","InkBottle","Cursed Key"],"acts_visited":["Exordium","TheCity"],"potions_floor_usage":[20,20],"damage_taken":[{"damage":9.0,"enemies":"2 Louse","floor":1.0,"turns":4.0},{"damage":6.0,"enemies":"Cultist","floor":3.0,"turns":3.0},{"damage":2.0,"enemies":"Jaw Worm","floor":4.0,"turns":3.0},{"damage":30.0,"enemies":"Exordium Thugs","floor":5.0,"turns":5.0},{"damage":32.0,"enemies":"Gremlin Nob","floor":6.0,"turns":4.0},{"damage":11.0,"enemies":"Blue Slaver","floor":11.0,"turns":3.0},{"damage":3.0,"enemies":"3 Louse","floor":12.0,"turns":4.0},{"damage":7.0,"enemies":"2 Fungi Beasts","floor":13.0,"turns":4.0},{"damage":19.0,"enemies":"Exordium Wildlife","floor":14.0,"turns":5.0},{"damage":24.0,"enemies":"Slime Boss","floor":16.0,"turns":7.0},{"damage":30.0,"enemies":"Shell Parasite","floor":18.0,"turns":4.0},{"damage":21,"enemies":"3 Byrds","floor":20,"turns":6},{"damage":31,"enemies":"3 Cultists","floor":22,"turns":4}],"seed_played":"2126830376337871037","potions_obtained":[{"floor":1.0,"key":"Fire Potion"},{"floor":5.0,"key":"AttackPotion"},{"floor":12.0,"key":"LiquidMemories"},{"floor":14.0,"key":"FearPotion"},{"floor":20,"key":"Fruit Juice"}],"is_trial":false,"path_per_floor":["M","?","M","M","M","E","R","$","T","R","M","M","M","M","R","B",null,"M","?","M","$","M"],"character_chosen":"IRONCLAD","items_purchased":["Body Slam","Feel No Pain"],"campfire_rested":0,"item_purchase_floors":[8,21],"current_hp_per_floor":[72,72,72,76,52,26,26,26,26,26,21,24,23,10,10,17,66,42,34,24,24,0,0],"gold":125,"neow_bonus":"TEN_PERCENT_HP_BONUS","is_daily":false,"chose_seed":false,"campfire_upgraded":3,"win_rate":0.0,"timestamp":1611478611,"path_taken":["M","?","M","M","M","E","R","$","T","R","M","M","M","M","R","BOSS","M","?","M","$","M"],"items_purchased_type":["Card","Card"],"build_version":"2020-12-22","purchased_purges":2,"victory":false,"max_hp_per_floor":[82,82,82,82,82,82,82,82,82,82,82,82,82,82,82,82,82,82,82,87,87,87,87],"card_choices":[{"not_picked":["Rage","Twin Strike"],"picked":"Inflame","floor":1.0},{"not_picked":["Perfected Strike","Clash","Entrench"],"picked":"SKIP","floor":3.0},{"not_picked":["Sentinel","Havoc"],"picked":"Shrug It Off","floor":4.0},{"not_picked":["Havoc","Anger"],"picked":"Pommel Strike","floor":5.0},{"not_picked":["Warcry","Disarm"],"picked":"Carnage","floor":6.0},{"not_picked":["Infernal Blade","Battle Trance"],"picked":"Power Through","floor":11.0},{"not_picked":["Brutality","Clothesline"],"picked":"Sword Boomerang","floor":12.0},{"not_picked":["Blood for Blood","Sword Boomerang","Armaments"],"picked":"SKIP","floor":13.0},{"not_picked":["Heavy Blade","Perfected Strike","Cleave"],"picked":"SKIP","floor":14.0},{"not_picked":["Fiend Fire","Berserk"],"picked":"Barricade","floor":16.0},{"not_picked":["Twin Strike","Wild Strike"],"picked":"Fire Breathing","floor":18.0},{"not_picked":["Carnage","Heavy Blade"],"picked":"Second Wind","floor":20}],"player_experience":460094,"relics_obtained":[{"floor":6.0,"key":"Pantograph"},{"floor":9.0,"key":"InkBottle"}],"event_choices":[{"cards_removed":["Strike_R"],"damage_healed":0.0,"max_hp_gain":0.0,"max_hp_loss":0.0,"gold_gain":0.0,"event_name":"Purifier","player_choice":"Purged","floor":2.0,"gold_loss":0.0,"damage_taken":0.0},{"damage_healed":0.0,"max_hp_gain":0.0,"max_hp_loss":0.0,"gold_gain":50.0,"event_name":"FaceTrader","player_choice":"Touch","floor":19.0,"gold_loss":0.0,"damage_taken":8.0}],"is_beta":false,"boss_relics":[{"not_picked":["Black Star","Busted Crown"],"picked":"Cursed Key"}],"items_purged_floors":[8,21],"is_endless":false,"potions_floor_spawned":[1,5,12,14,20],"killed_by":"3 Cultists","ascension_level":20}}