{"host":"srk2drlvga69hbot","time":1611500053,"event":{"mods":["BaseMod","Bestiary","Block Reminder","Colored Map","Colored Powertips","Dark Map","DeckTracker","Highlight Path","Minty Spire (QoL Compilation)","Quick Restart","Rare Cards Sparkle","Relic Stats","SuperFastMode","Unceasing Turn Reminder"],"gold_per_floor":[118,118,118,118,137,137,164,180,207,507,520,520,520,550,550,652,652,662,673,690,707,707,707],"floor_reached":22,"language":"ZHS","playtime":447,"items_purged":[],"score":379,"play_id":"975da593-d1bb-45fb-97e1-b5edfc66aecf","local_time":"20210124225413","is_ascension_mode":true,"campfire_choices":[{"data":"Flex","floor":6.0,"key":"SMITH"},{"floor":15.0,"key":"REST"}],"circlet_count":0,"master_deck":["Strike_R+1","Strike_R","Strike_R","Strike_R","Defend_R+1","Defend_R","Defend_R","Defend_R","Bash+1","Flex+1","Spot Weakness+1","Rampage","Pummel","Flex","Heavy Blade","Limit Break","Seeing Red"],"relics":["Burning Blood","NeowsBlessing","Strawberry","War Paint","Old Coin","Dream Catcher","Philosopher\u0027s Stone"],"acts_visited":["Exordium","TheCity"],"potions_floor_usage":[22,22],"damage_taken":[{"damage":0.0,"enemies":"Small Slimes","floor":1.0,"turns":1.0},{"damage":0.0,"enemies":"Jaw Worm","floor":5.0,"turns":1.0},{"damage":0.0,"enemies":"3 Sentries","floor":7.0,"turns":2.0},{"damage":13.0,"enemies":"2 Louse","floor":8.0,"turns":3.0},{"damage":2.0,"enemies":"Looter","floor":11.0,"turns":3.0},{"damage":32.0,"enemies":"Gremlin Nob","floor":14.0,"turns":4.0},{"damage":0.0,"enemies":"Slime Boss","floor":16.0,"turns":6.0},{"damage":24.0,"enemies":"Spheric Guardian","floor":18.0,"turns":4.0},{"damage":14.0,"enemies":"2 Thieves","floor":19.0,"turns":3.0},{"damage":27.0,"enemies":"Snake Plant","floor":20.0,"turns":2.0},{"damage":28.0,"enemies":"Sentry and Sphere","floor":21.0,"turns":4.0},{"damage":13,"enemies":"Centurion and Healer","floor":22,"turns":1}],"seed_played":"-3416740710420877863","potions_obtained":[{"floor":5.0,"key":"BlessingOfTheForge"},{"floor":7.0,"key":"Swift Potion"},{"floor":14.0,"key":"Explosive Potion"},{"floor":18.0,"key":"PowerPotion"}],"is_trial":false,"path_per_floor":["M","$","?","$","M","R","E","M","T","?","M","?","?","E","R","B",null,"M","M","M","M","M"],"character_chosen":"IRONCLAD","items_purchased":[],"campfire_rested":1,"item_purchase_floors":[],"current_hp_per_floor":[78,78,78,78,80,80,87,80,80,80,84,67,60,34,60,66,82,64,56,35,13,0,0],"gold":707,"neow_bonus":"THREE_ENEMY_KILL","is_daily":false,"chose_seed":false,"campfire_upgraded":1,"win_rate":0.0,"timestamp":1611500053,"path_taken":["M","$","?","$","M","R","E","M","T","?","M","?","?","E","R","BOSS","M","M","M","M","M"],"items_purchased_type":[],"build_version":"2020-12-22","purchased_purges":0,"victory":false,"max_hp_per_floor":[80,80,80,80,80,80,87,87,87,87,87,87,87,87,87,87,87,87,87,87,87,87,87],"relic_stats":{"Dream Catcher":1,"counters":[12,34],"War Paint":["Spot Weakness","Defend_R"],"obtain_stats":[{"Dream Catcher":14,"NeowsBlessing":0,"Strawberry":7,"Philosopher\u0027s Stone":17,"War Paint":9,"Burning Blood":0,"Old Coin":10},{"Dream Catcher":6,"NeowsBlessing":0,"Strawberry":3,"Philosopher\u0027s Stone":7,"War Paint":4,"Burning Blood":0,"Old Coin":4},{"Dream Catcher":14,"NeowsBlessing":0,"Strawberry":4,"Philosopher\u0027s Stone":20,"War Paint":7,"Burning Blood":0,"Old Coin":7}],"Burning Blood":56},"card_choices":[{"not_picked":["Twin Strike","Anger"],"picked":"Flex","floor":1.0},{"not_picked":["Iron Wave","Havoc"],"picked":"Spot Weakness","floor":5.0},{"not_picked":["Wild Strike","Dropkick"],"picked":"Rampage","floor":7.0},{"not_picked":["True Grit","Fiend Fire"],"picked":"Pummel","floor":8.0},{"not_picked":["Headbutt","Body Slam"],"picked":"Flex","floor":11.0},{"not_picked":["Havoc","Thunderclap","Fire Breathing"],"picked":"SKIP","floor":14.0},{"not_picked":["Shrug It Off","Bloodletting"],"picked":"Heavy Blade","floor":15.0},{"not_picked":["Exhume","Fiend Fire"],"picked":"Limit Break","floor":16.0},{"not_picked":["Headbutt","Havoc"],"picked":"Seeing Red","floor":18.0},{"not_picked":["Sword Boomerang+1","Twin Strike","Thunderclap"],"picked":"SKIP","floor":19.0},{"not_picked":["Pommel Strike","Uppercut+1","Perfected Strike"],"picked":"SKIP","floor":20.0},{"not_picked":["Wild Strike+1","Brutality","Anger+1"],"picked":"SKIP","floor":21.0}],"player_experience":215587,"relics_obtained":[{"floor":7.0,"key":"Strawberry"},{"floor":9.0,"key":"War Paint"},{"floor":14.0,"key":"Dream Catcher"}],"event_choices":[{"cards_removed":["Strike_R"],"damage_healed":0.0,"max_hp_gain":0.0,"max_hp_loss":0.0,"gold_gain":0.0,"event_name":"Living Wall","player_choice":"Forget","floor":3.0,"gold_loss":0.0,"damage_taken":0.0},{"damage_healed":0.0,"max_hp_gain":0.0,"max_hp_loss":0.0,"gold_gain":0.0,"event_name":"Big Fish","player_choice":"Box","floor":10.0,"gold_loss":0.0,"damage_taken":0.0,"relics_obtained":["Old Coin"],"cards_obtained":["Regret"]},{"damage_healed":0.0,"max_hp_gain":0.0,"max_hp_loss":0.0,"gold_gain":0.0,"event_name":"Shining Light","player_choice":"Entered Light","floor":12.0,"gold_loss":0.0,"damage_taken":17.0,"cards_upgraded":["Strike_R","Bash"]},{"cards_removed":["Regret"],"damage_healed":0.0,"max_hp_gain":0.0,"max_hp_loss":0.0,"gold_gain":0.0,"event_name":"Golden Wing","player_choice":"Card Removal","floor":13.0,"gold_loss":0.0,"damage_taken":7.0}],"is_beta":false,"boss_relics":[{"not_picked":["SlaversCollar","Astrolabe"],"picked":"Philosopher\u0027s Stone"}],"items_purged_floors":[],"is_endless":false,"potions_floor_spawned":[5,7,14,18,20],"killed_by":"Centurion and Healer","ascension_level":8}}