{"host":"zksvs3x2ysy9npnz","time":1611531867,"event":{"mods":["Aspiration","BaseMod","Beaked The Cultist","BetterRewards","Clockwork Mod","Colored Map","Conspire","Downfall","Duelist Mod","Ekko","Fiend Mod","Halation","Highlight Path","Hubris","Hunter ??","Infinite Spire","Jedi Mod","Magitek Elite","Minty Spire (QoL Compilation)","Permanent Neow","Quick Restart","Relic Stats","Shop Mod","StSLib","The Construct","The Runesmith","The Witch","thorton"],"gold_per_floor":[135,135,135,169,203,203,253,272,299,299,299,335,335,366,366,387,387],"floor_reached":16,"language":"FRA","playtime":2309,"items_purged":[],"score":115,"play_id":"8d143f8d-2e5b-4e85-b5b5-b567974243e1","local_time":"20210125004427","is_ascension_mode":true,"campfire_choices":[{"floor":6,"key":"REST"},{"floor":10,"key":"REST"},{"floor":15,"key":"REST"}],"circlet_count":0,"master_deck":["thethorton:Strike","thethorton:Strike","thethorton:Strike","thethorton:Strike","thethorton:Defend","thethorton:Defend","thethorton:Defend","thethorton:Defend","thethorton:Heckle","thethorton:CreditCard","thethorton:RichRun","thethorton:Crash","thethorton:BusinessCard","thethorton:ToxicGreed","thethorton:SicklyRun","thethorton:PocketChange"],"relics":["sneckomod:SneckoSoul","aspiration:Nostalgia","theDuelist:CardPoolAddRelic","infinitespire:Cubic Diamond","hubris:Icosahedron","Angel_Ring","Orichalcum"],"acts_visited":["Exordium"],"potions_floor_usage":[14,16,16],"damage_taken":[{"damage":12,"enemies":"2 Louse","floor":1,"turns":6},{"damage":19,"enemies":"Jaw Worm","floor":4,"turns":9},{"damage":1,"enemies":"Small Slimes","floor":5,"turns":5},{"damage":7,"enemies":"conspire:MimicChest","floor":7,"turns":3},{"damage":14,"enemies":"2 Fungi Beasts","floor":8,"turns":5},{"damage":22,"enemies":"3 Louse","floor":12,"turns":4},{"damage":18,"enemies":"Lots of Slimes","floor":14,"turns":7},{"damage":58,"enemies":"The Guardian","floor":16,"turns":15}],"seed_played":"3136928418421755804","potions_obtained":[{"floor":1,"key":"FearPotion"},{"floor":5,"key":"AttackPotion"},{"floor":7,"key":"SpeedPotion"}],"is_trial":false,"path_per_floor":["M","?","?","M","M","R","?","M","T","R","?","M","?","M","R","B"],"character_chosen":"THE_THORT","items_purchased":[],"campfire_rested":3,"item_purchase_floors":[],"current_hp_per_floor":[56,56,56,37,36,56,49,35,35,55,55,33,55,37,57,0,0],"gold":387,"neow_bonus":"NOSTALGIA","is_daily":false,"chose_seed":false,"campfire_upgraded":0,"win_rate":0.0,"timestamp":1611531867,"path_taken":["M","?","?","?","M","R","?","M","T","R","?","M","?","M","R","BOSS"],"items_purchased_type":[],"build_version":"2020-12-22","purchased_purges":0,"victory":false,"max_hp_per_floor":[68,68,68,68,68,68,68,68,68,68,68,68,68,68,68,68,68],"relic_stats":{"counters":[8,54],"Orichalcum":[30],"obtain_stats":[{"hubris:Icosahedron":3,"aspiration:Nostalgia":0,"Angel_Ring":7,"theDuelist:CardPoolAddRelic":0,"infinitespire:Cubic Diamond":2,"thethorton:CouragePotion":0,"Orichalcum":9,"sneckomod:SneckoSoul":2},{"hubris:Icosahedron":1,"aspiration:Nostalgia":0,"Angel_Ring":4,"theDuelist:CardPoolAddRelic":0,"infinitespire:Cubic Diamond":1,"thethorton:CouragePotion":0,"Orichalcum":5,"sneckomod:SneckoSoul":1},{"hubris:Icosahedron":6,"aspiration:Nostalgia":0,"Angel_Ring":23,"theDuelist:CardPoolAddRelic":0,"infinitespire:Cubic Diamond":6,"thethorton:CouragePotion":0,"Orichalcum":28,"sneckomod:SneckoSoul":6}]},"card_choices":[{"not_picked":["thethorton:CallIn","thethorton:DownPayment"],"picked":"thethorton:RichRun","floor":1},{"not_picked":["thethorton:BookBash","thethorton:DualBap"],"picked":"thethorton:Crash","floor":4},{"not_picked":["thethorton:DualBap","thethorton:StumblingSlap"],"picked":"thethorton:BusinessCard","floor":5},{"not_picked":["thethorton:FeelNoBrain","thethorton:AngerMoment"],"picked":"thethorton:ToxicGreed","floor":7},{"not_picked":["thethorton:TakeAccounts","thethorton:SnowDay"],"picked":"thethorton:SicklyRun","floor":8},{"not_picked":["thethorton:FocusStrength","thethorton:Distance","thethorton:RichRun"],"picked":"SKIP","floor":12},{"not_picked":["thethorton:DualBap","thethorton:Distance"],"picked":"thethorton:PocketChange","floor":14}],"player_experience":2489117,"relics_obtained":[{"floor":7,"key":"Angel_Ring"},{"floor":9,"key":"Orichalcum"}],"event_choices":[{"damage_healed":22,"gold_gain":0,"player_choice":"Banana","damage_taken":0,"max_hp_gain":0,"max_hp_loss":0,"event_name":"Big Fish","floor":13,"gold_loss":0}],"is_beta":false,"boss_relics":[],"items_purged_floors":[],"is_endless":false,"potions_floor_spawned":[1,5,7,8],"killed_by":"The Guardian","ascension_level":5}}