{"host":"htqwg582tjjtn9p7","time":1611520964,"event":{"mods":["2.2 Compatiblity","AchievementEnabler","Act Like it!","Aspiration","BaseMod","Better Third Choice","Colored Map","Conspire","Curses Come First","Displayed Cursed Tome","Energized Spire","Force Act Four","Fox Events","GifTheSpireLib","Hermit","Highlight Path","JesterMod","Mad Scientist","Minty Spire (QoL Compilation)","Pale of the Ancients","Permanent Neow","Random Character Button","Relic Stats","Replay The Spire","Robot Space Explorer","Somnambulant","Spicy Shops","Spikes Relics","StSLib","Stuff the Spire","The Blue Laboratory","The Bug Knight","The Forsaken","The Gatherer","The Judge","The Jungle","The Marked","The Runesmith","The Servant 0.9.4","Uncapped"],"gold_per_floor":[110,130,100,110,120,120,151,164,245,245,272,285,3,53,53,53,53],"floor_reached":16,"language":"ENG","playtime":474,"items_purged":["Strike_R"],"score":196,"play_id":"fed5606d-761f-44d0-b3e7-c45e608e27aa","local_time":"20210124214244","is_ascension_mode":true,"campfire_choices":[{"data":"Barricade","floor":6,"key":"SMITH"},{"floor":10,"key":"REST"},{"floor":15,"key":"REST"}],"circlet_count":0,"master_deck":["AscendersBane","Strike_R","Strike_R","Strike_R","Strike_R","Defend_R","Defend_R","Defend_R","Defend_R","Bash","Barricade+1","Pommel Strike","Ghostly Armor","Inflame","Defy Death","Invigoration","Seeing Red","Juggernaut","Combust","Rupture"],"relics":["Burning Blood","aspiration:HiddenCompartment","Paper Frog","Toy Ornithopter"],"acts_visited":["Exordium"],"potions_floor_usage":[7,11,16,16],"damage_taken":[{"damage":6,"enemies":"Cultist","floor":1,"turns":4},{"damage":2,"enemies":"2 Louse","floor":2,"turns":3},{"damage":0,"enemies":"Small Slimes","floor":4,"turns":5},{"damage":42,"enemies":"Exordium Thugs","floor":5,"turns":6},{"damage":16,"enemies":"Lagavulin","floor":7,"turns":8},{"damage":15,"enemies":"3 Louse","floor":8,"turns":4},{"damage":19,"enemies":"Gremlin Nob","floor":11,"turns":4},{"damage":5,"enemies":"2 Fungi Beasts","floor":12,"turns":4},{"damage":64,"enemies":"Hexaghost","floor":16,"turns":9}],"seed_played":"2649871572969509228","potions_obtained":[{"floor":2,"key":"blueLaboratory:ConflagurationPotion"},{"floor":3,"key":"blueLaboratory:BottleOfRum"},{"floor":8,"key":"blueLaboratory:SavagePotion"},{"floor":11,"key":"Dexterity Potion"}],"is_trial":false,"path_per_floor":["M","M","?","M","M","R","E","M","T","R","E","M","$","?","R","B"],"character_chosen":"IRONCLAD","items_purchased":["Rupture"],"campfire_rested":2,"item_purchase_floors":[13],"current_hp_per_floor":[68,72,72,75,39,39,29,20,20,42,29,30,30,30,52,0,0],"gold":53,"neow_bonus":"ONE_RANDOM_RARE_CARD","is_daily":false,"chose_seed":false,"campfire_upgraded":1,"win_rate":0.0,"timestamp":1611520964,"path_taken":["M","?","?","M","M","R","E","?","T","R","E","M","$","?","R","BOSS"],"items_purchased_type":["Card"],"build_version":"2020-12-22","purchased_purges":1,"victory":false,"max_hp_per_floor":[75,75,75,75,75,75,75,75,75,75,75,75,75,75,75,75,75],"relic_stats":{"counters":[9,47],"obtain_stats":[{"aspiration:HiddenCompartment":7,"Burning Blood":0,"Toy Ornithopter":11,"Paper Frog":9},{"aspiration:HiddenCompartment":5,"Burning Blood":0,"Toy Ornithopter":7,"Paper Frog":6},{"aspiration:HiddenCompartment":26,"Burning Blood":0,"Toy Ornithopter":34,"Paper Frog":30}],"Burning Blood":45,"Toy Ornithopter":10},"card_choices":[{"not_picked":["Sword Boomerang","Heavy Blade"],"picked":"Pommel Strike","floor":1},{"not_picked":["StuffTheSpire:RockThrow","Searing Blow"],"picked":"Ghostly Armor","floor":2},{"not_picked":["StuffTheSpire:Incineration","Armaments"],"picked":"Inflame","floor":4},{"not_picked":["Pommel Strike","Warcry"],"picked":"Defy Death","floor":5},{"not_picked":["Body Slam","Sword Boomerang"],"picked":"Invigoration","floor":7},{"not_picked":["Anger","Headbutt"],"picked":"Seeing Red","floor":8},{"not_picked":["ReplayTheSpireMod:Corrosion Curse","ReplayTheSpireMod:LeadingStrike"],"picked":"Juggernaut","floor":11},{"not_picked":["StuffTheSpire:Pyroclast","Clothesline"],"picked":"Combust","floor":12}],"player_experience":1954952,"relics_obtained":[{"floor":7,"key":"aspiration:HiddenCompartment"},{"floor":9,"key":"Paper Frog"},{"floor":11,"key":"Toy Ornithopter"}],"event_choices":[{"damage_healed":0,"gold_gain":0,"player_choice":"Bought 2 Potions","damage_taken":0,"max_hp_gain":0,"max_hp_loss":0,"event_name":"The Woman in Blue","floor":3,"gold_loss":0},{"damage_healed":0,"gold_gain":50,"player_choice":"Pray","damage_taken":0,"max_hp_gain":0,"max_hp_loss":0,"event_name":"Golden Shrine","floor":14,"gold_loss":0}],"is_beta":false,"boss_relics":[],"items_purged_floors":[13],"is_endless":false,"potions_floor_spawned":[2,4,8,11],"killed_by":"Hexaghost","ascension_level":15}}