{"host":"j4g6ia6asvpyu2b0","time":1611490586,"event":{"mods":["BaseMod","Colored Map","Minty Spire (QoL Compilation)","Permanent Neow","Quick Restart","Relic Stats","StSLib","Unceasing Turn Reminder"],"gold_per_floor":[116,133,133,133,149,149,174,187,238,238,268,268,343,355,355,426,426,437,449,449,449,464,464,482,507,584,610,610,630,630,646,646,720,720,734,745,427,427,427,427,452,479,479,513,513,527,487,520,520,520,520,520,54,83,83],"floor_reached":56,"language":"ENG","playtime":2655,"items_purged":["Strike_B","Defend_B"],"score":2144,"play_id":"56953561-d0ce-4005-aaf5-1d5f6f250e2a","local_time":"20210124051626","is_ascension_mode":true,"campfire_choices":[{"data":"Zap","floor":6.0,"key":"SMITH"},{"data":"Electrodynamics","floor":10.0,"key":"SMITH"},{"floor":12.0,"key":"REST"},{"data":"Creative AI","floor":15.0,"key":"SMITH"},{"floor":23.0,"key":"REST"},{"data":"Amplify","floor":30.0,"key":"SMITH"},{"data":"Double Energy","floor":32.0,"key":"SMITH"},{"data":"Heatsinks","floor":40,"key":"SMITH"},{"floor":49,"key":"RECALL"},{"floor":52,"key":"DIG"}],"circlet_count":0,"master_deck":["AscendersBane","Defend_B","Defend_B","Zap+1","Dualcast","Coolheaded","Ball Lightning","Electrodynamics+1","Ball Lightning","Creative AI+1","Double Energy+1","Amplify+1","Hologram","White Noise","Coolheaded","White Noise+1","Compile Driver","Creative AI","Decay","Ball Lightning","Heatsinks+1","Chill+1","Capacitor"],"relics":["Cracked Core","DataDisk","InkBottle","PreservedInsect","Busted Crown","Pantograph","Mummified Hand","Pear","SacredBark","Lee\u0027s Waffle","Lizard Tail","Singing Bowl","Shovel","Meat on the Bone","Anchor","StrikeDummy","ClockworkSouvenir","Lantern"],"acts_visited":["Exordium","TheCity","TheBeyond","TheEnding"],"potions_floor_usage":[41,48,55,55],"damage_taken":[{"damage":0.0,"enemies":"Cultist","floor":1.0,"turns":3.0},{"damage":5.0,"enemies":"Small Slimes","floor":2.0,"turns":3.0},{"damage":0.0,"enemies":"2 Louse","floor":5.0,"turns":1.0},{"damage":17.0,"enemies":"3 Sentries","floor":7.0,"turns":5.0},{"damage":3.0,"enemies":"Blue Slaver","floor":8.0,"turns":2.0},{"damage":8.0,"enemies":"Gremlin Nob","floor":11.0,"turns":3.0},{"damage":0.0,"enemies":"2 Fungi Beasts","floor":14.0,"turns":2.0},{"damage":12.0,"enemies":"The Guardian","floor":16.0,"turns":9.0},{"damage":6.0,"enemies":"2 Thieves","floor":18.0,"turns":3.0},{"damage":7.0,"enemies":"3 Byrds","floor":19.0,"turns":2.0},{"damage":23.0,"enemies":"Snake Plant","floor":22.0,"turns":3.0},{"damage":6.0,"enemies":"Chosen and Byrds","floor":24.0,"turns":4.0},{"damage":33.0,"enemies":"Slavers","floor":25.0,"turns":3.0},{"damage":7.0,"enemies":"Book of Stabbing","floor":27.0,"turns":3.0},{"damage":0.0,"enemies":"3 Cultists","floor":29.0,"turns":2.0},{"damage":0.0,"enemies":"Centurion and Healer","floor":31.0,"turns":5.0},{"damage":13.0,"enemies":"Champ","floor":33.0,"turns":6.0},{"damage":33,"enemies":"Orb Walker","floor":35,"turns":4},{"damage":0,"enemies":"3 Shapes","floor":36,"turns":1},{"damage":3,"enemies":"Mind Bloom Boss Battle","floor":41,"turns":4},{"damage":8,"enemies":"Giant Head","floor":42,"turns":5},{"damage":15,"enemies":"Nemesis","floor":44,"turns":3},{"damage":17,"enemies":"3 Darklings","floor":46,"turns":3},{"damage":19,"enemies":"Reptomancer","floor":48,"turns":5},{"damage":86,"enemies":"Donu and Deca","floor":50,"turns":6},{"damage":29,"enemies":"Shield and Spear","floor":54,"turns":3},{"damage":67,"enemies":"The Heart","floor":55,"turns":6}],"seed_played":"5386020166315781621","potions_obtained":[{"floor":2.0,"key":"GamblersBrew"},{"floor":8.0,"key":"SkillPotion"},{"floor":14.0,"key":"Regen Potion"},{"floor":25.0,"key":"EssenceOfSteel"},{"floor":27.0,"key":"DistilledChaos"},{"floor":29.0,"key":"ColorlessPotion"},{"floor":46,"key":"Dexterity Potion"}],"is_trial":false,"path_per_floor":["M","M","?","?","M","R","E","M","T","R","E","R","?","M","R","B",null,"M","M","?","?","M","R","M","E","T","E","?","M","R","M","R","B",null,"M","M","$","?","?","R","?","E","T","E","?","M","?","E","R","B",null,"R","$","E","B",null],"character_chosen":"DEFECT","items_purchased":["Lee\u0027s Waffle","Heatsinks","Capacitor","ClockworkSouvenir","ColorlessPotion","Weak Potion"],"campfire_rested":2,"item_purchase_floors":[37,37,53,53,53,53],"current_hp_per_floor":[64,59,52,52,52,52,35,32,32,32,24,45,34,34,34,22,59,53,46,46,46,23,44,38,5,5,17,17,17,17,17,17,29,68,35,35,88,88,88,88,85,79,79,64,64,49,49,44,44,40,77,77,77,50,20],"gold":83,"neow_bonus":"RANDOM_COMMON_RELIC","is_daily":false,"chose_seed":false,"campfire_upgraded":6,"win_rate":0.0,"timestamp":1611490586,"path_taken":["M","M","?","?","M","R","E","?","T","R","E","R","?","M","R","BOSS","M","M","?","?","M","R","M","E","T","E","?","M","R","M","R","BOSS","M","M","$","?","?","R","?","E","T","E","?","M","?","E","R","BOSS","R","$","E","BOSS"],"items_purchased_type":["Relic","Card","Card","Relic","Potion","Potion"],"build_version":"2020-12-22","purchased_purges":2,"victory":true,"max_hp_per_floor":[71,71,71,71,71,71,71,71,71,71,71,71,71,71,71,71,71,71,71,71,71,71,71,71,71,71,81,81,81,81,81,81,81,81,81,81,88,88,88,88,88,90,90,90,85,87,87,89,89,89,89,89,89,91,91],"relic_stats":{"Lee\u0027s Waffle":53,"Lizard Tail":44,"Busted Crown":36,"Shovel":1,"Singing Bowl":8,"counters":[27,99],"Mummified Hand":[245],"Pantograph":75,"PreservedInsect":437,"obtain_stats":[{"Lee\u0027s Waffle":37,"Lantern":54,"Pear":27,"Singing Bowl":42,"SacredBark":34,"PreservedInsect":11,"ClockworkSouvenir":53,"DataDisk":0,"Lizard Tail":41,"Anchor":48,"Busted Crown":17,"Shovel":43,"Mummified Hand":26,"Pantograph":25,"Cracked Core":0,"StrikeDummy":52,"InkBottle":7,"Meat on the Bone":44},{"Lee\u0027s Waffle":19,"Lantern":26,"Pear":14,"Singing Bowl":21,"SacredBark":17,"PreservedInsect":6,"ClockworkSouvenir":25,"DataDisk":0,"Lizard Tail":20,"Anchor":24,"Busted Crown":8,"Shovel":21,"Mummified Hand":13,"Pantograph":13,"Cracked Core":0,"StrikeDummy":25,"InkBottle":4,"Meat on the Bone":22},{"Lee\u0027s Waffle":64,"Lantern":93,"Pear":46,"Singing Bowl":73,"SacredBark":59,"PreservedInsect":17,"ClockworkSouvenir":90,"DataDisk":0,"Lizard Tail":68,"Anchor":84,"Busted Crown":28,"Shovel":73,"Mummified Hand":43,"Pantograph":43,"Cracked Core":0,"StrikeDummy":90,"InkBottle":12,"Meat on the Bone":76}],"InkBottle":[54],"Meat on the Bone":36},"card_choices":[{"not_picked":["Turbo","Rebound","Beam Cell"],"picked":"SKIP","floor":1.0},{"not_picked":["Hologram","Aggregate"],"picked":"Coolheaded","floor":2.0},{"not_picked":["Hologram","Go for the Eyes"],"picked":"Ball Lightning","floor":5.0},{"not_picked":["Blizzard","Cold Snap"],"picked":"Electrodynamics","floor":7.0},{"not_picked":["Redo","Rebound"],"picked":"Ball Lightning","floor":8.0},{"not_picked":["Go for the Eyes","Hologram"],"picked":"Creative AI","floor":11.0},{"not_picked":["Stack","Streamline"],"picked":"Double Energy","floor":14.0},{"not_picked":["Thunder Strike","Seek"],"picked":"Amplify","floor":16.0},{"not_picked":["Go for the Eyes"],"picked":"SKIP","floor":18.0},{"not_picked":["Chaos"],"picked":"SKIP","floor":19.0},{"not_picked":[],"picked":"White Noise+1","floor":22.0},{"not_picked":[],"picked":"Compile Driver","floor":24.0},{"not_picked":[],"picked":"Creative AI","floor":25.0},{"not_picked":["Gash"],"picked":"SKIP","floor":27.0},{"not_picked":["Gash"],"picked":"SKIP","floor":29.0},{"not_picked":["Auto Shields"],"picked":"SKIP","floor":31.0},{"not_picked":[],"picked":"Ball Lightning","floor":35},{"not_picked":["Stack"],"picked":"SKIP","floor":36},{"not_picked":["Force Field"],"picked":"Singing Bowl","floor":42},{"not_picked":[],"picked":"Chill+1","floor":44},{"not_picked":["Steam Power"],"picked":"Singing Bowl","floor":46},{"not_picked":["Stack"],"picked":"Singing Bowl","floor":48},{"not_picked":["Go for the Eyes"],"picked":"Singing Bowl","floor":54}],"player_experience":973560,"relics_obtained":[{"floor":7.0,"key":"InkBottle"},{"floor":11.0,"key":"PreservedInsect"},{"floor":25.0,"key":"Pantograph"},{"floor":26.0,"key":"Mummified Hand"},{"floor":27.0,"key":"Pear"},{"floor":41,"key":"Lizard Tail"},{"floor":42,"key":"Singing Bowl"},{"floor":43,"key":"Shovel"},{"floor":44,"key":"Meat on the Bone"},{"floor":48,"key":"Anchor"},{"floor":52,"key":"StrikeDummy"},{"floor":54,"key":"Lantern"}],"event_choices":[{"cards_removed":["Strike_B"],"damage_healed":0.0,"max_hp_gain":0.0,"max_hp_loss":0.0,"gold_gain":0.0,"event_name":"Golden Wing","player_choice":"Card Removal","floor":3.0,"gold_loss":0.0,"damage_taken":7.0},{"cards_removed":["Defend_B"],"damage_healed":0.0,"max_hp_gain":0.0,"max_hp_loss":0.0,"gold_gain":0.0,"event_name":"Bonfire Elementals","player_choice":"Offered Basic","floor":4.0,"gold_loss":0.0,"damage_taken":0.0},{"damage_healed":0.0,"max_hp_gain":0.0,"max_hp_loss":0.0,"gold_gain":75.0,"event_name":"World of Goop","player_choice":"Gather Gold","floor":13.0,"gold_loss":0.0,"damage_taken":11.0},{"damage_healed":0.0,"max_hp_gain":0.0,"max_hp_loss":0.0,"gold_gain":0.0,"cards_transformed":["Strike_B","Strike_B"],"event_name":"Drug Dealer","player_choice":"Became Test Subject","floor":20.0,"gold_loss":0.0,"damage_taken":0.0,"cards_obtained":["Hologram","White Noise"]},{"damage_healed":0.0,"max_hp_gain":0.0,"max_hp_loss":0.0,"gold_gain":0.0,"event_name":"The Library","player_choice":"Read","floor":21.0,"gold_loss":0.0,"damage_taken":0.0,"cards_obtained":["Coolheaded"]},{"damage_healed":0.0,"max_hp_gain":0.0,"max_hp_loss":0.0,"gold_gain":0.0,"event_name":"Forgotten Altar","player_choice":"Smashed Altar","floor":28.0,"gold_loss":0.0,"damage_taken":0.0,"cards_obtained":["Decay"]},{"damage_healed":0,"gold_gain":0,"player_choice":"Ignored","damage_taken":0,"max_hp_gain":0,"max_hp_loss":0,"event_name":"Tomb of Lord Red Mask","floor":38,"gold_loss":0},{"damage_healed":0,"gold_gain":0,"player_choice":"Memory 1","damage_taken":0,"max_hp_gain":0,"max_hp_loss":0,"event_name":"SensoryStone","floor":39,"gold_loss":0},{"damage_healed":0,"gold_gain":0,"player_choice":"Fight","damage_taken":0,"max_hp_gain":0,"max_hp_loss":0,"event_name":"MindBloom","floor":41,"gold_loss":0},{"damage_healed":0,"gold_gain":0,"player_choice":"Max HP","damage_taken":0,"max_hp_gain":0,"max_hp_loss":5,"event_name":"Winding Halls","floor":45,"gold_loss":0},{"damage_healed":0,"gold_gain":0,"player_choice":"Bought 3 Potions","damage_taken":0,"max_hp_gain":0,"max_hp_loss":0,"event_name":"The Woman in Blue","floor":47,"gold_loss":0}],"is_beta":false,"boss_relics":[{"not_picked":["Sozu","Pandora\u0027s Box"],"picked":"Busted Crown"},{"not_picked":["Fusion Hammer","Cursed Key"],"picked":"SacredBark"}],"items_purged_floors":[37,53],"is_endless":false,"potions_floor_spawned":[2,8,14,16,25,27,29,33,35,46],"ascension_level":17}}