{"host":"56ca4ptg876g863r","time":1611463488,"event":{"mods":["100% Spire Juice","Abigail Mod","Alarm Clock","Arknights The Spire","BaseMod","CapriCore","Friendly Minions","GungeonMod","Hermit","HololiveMod","KOR Keyword Fix","Minty Spire (QoL Compilation)","Prisma Mod","READ ME - Guardian Mod","StSLib","The Dragon Tamer","The Gatherer","The Hierophant","The Immortal","The Jungle","The Poker Player","The Runesmith","WarShipGirlsR/??á´Ò³R mod"],"gold_per_floor":[117,133,408,177,195,195,223,223,249,263,263,283,299,311,311,311,311],"floor_reached":16,"language":"KOR","playtime":737,"items_purged":["Regret"],"score":109,"play_id":"f1e5e008-22f0-4f3d-8503-582e27102338","local_time":"20210124134448","is_ascension_mode":true,"campfire_choices":[{"data":"Crescendo","floor":6,"key":"SMITH"},{"floor":8,"key":"REST"},{"data":"CutThroughFate","floor":11,"key":"SMITH"},{"floor":15,"key":"REST"}],"circlet_count":0,"master_deck":["Strike_P","Strike_P","Strike_P","Strike_P","Defend_P","Defend_P","Defend_P","Defend_P","Eruption","Vigilance","Crescendo+1","CarveReality","CutThroughFate+1","Consecrate","Collect","JustLucky"],"relics":["PureWater","NeowsBlessing","DemoMod:WeirdEgg","DemoMod:Metronome","Potion Belt"],"acts_visited":["Exordium"],"potions_floor_usage":[12,16],"damage_taken":[{"damage":0,"enemies":"Jaw Worm","floor":1,"turns":1},{"damage":0,"enemies":"Cultist","floor":2,"turns":1},{"damage":0,"enemies":"2 Louse","floor":5,"turns":1},{"damage":54,"enemies":"Lagavulin","floor":7,"turns":7},{"damage":10,"enemies":"Lots of Slimes","floor":10,"turns":3},{"damage":17,"enemies":"Exordium Thugs","floor":12,"turns":4},{"damage":6,"enemies":"3 Louse","floor":13,"turns":3},{"damage":0,"enemies":"2 Fungi Beasts","floor":14,"turns":2},{"damage":22,"enemies":"The Guardian","floor":16,"turns":8}],"seed_played":"5219251308155134847","potions_obtained":[{"floor":1,"key":"DuplicationPotion"},{"floor":7,"key":"DistilledChaos"},{"floor":13,"key":"BottledMiracle"}],"is_trial":false,"path_per_floor":["M","M","?","$","M","R","E","R","T","M","R","M","M","M","R","B"],"character_chosen":"WATCHER","items_purchased":["DemoMod:WeirdEgg"],"campfire_rested":2,"item_purchase_floors":[4],"current_hp_per_floor":[72,72,72,72,72,72,18,39,39,29,29,12,6,6,27,5,5],"gold":311,"neow_bonus":"THREE_ENEMY_KILL","is_daily":false,"chose_seed":false,"campfire_upgraded":2,"win_rate":0.0,"timestamp":1611463488,"path_taken":["M","M","?","$","?","R","E","R","T","M","R","M","M","M","R","BOSS"],"items_purchased_type":["Relic"],"build_version":"2020-12-22","purchased_purges":1,"victory":false,"max_hp_per_floor":[72,72,72,72,72,72,72,72,72,72,72,72,72,72,72,72,72],"card_choices":[{"not_picked":["Collect","EmptyBody"],"picked":"Crescendo","floor":1},{"not_picked":["TalkToTheHand","BowlingBash","WheelKick"],"picked":"SKIP","floor":2},{"not_picked":["Meditate","ThirdEye"],"picked":"CarveReality","floor":5},{"not_picked":["WheelKick","ReachHeaven"],"picked":"CutThroughFate","floor":7},{"not_picked":["SashWhip","Tantrum"],"picked":"Consecrate","floor":10},{"not_picked":["ClearTheMind","Consecrate"],"picked":"Collect","floor":12},{"not_picked":["ClearTheMind","Weave"],"picked":"JustLucky","floor":13},{"not_picked":["Adaptation","PathToVictory","ThirdEye"],"picked":"SKIP","floor":14}],"player_experience":336267,"relics_obtained":[{"floor":7,"key":"DemoMod:Metronome"},{"floor":9,"key":"Potion Belt"}],"event_choices":[{"damage_healed":0,"gold_gain":275,"player_choice":"Desecrate","damage_taken":0,"max_hp_gain":0,"max_hp_loss":0,"event_name":"Golden Shrine","floor":3,"gold_loss":0,"cards_obtained":["Regret"]}],"is_beta":false,"boss_relics":[],"items_purged_floors":[4],"is_endless":false,"potions_floor_spawned":[1,7,13],"killed_by":"The Guardian","ascension_level":1}}