{"host":"2se5dq1do2gp0x9k","time":1611474022,"event":{"mods":["AchievementEnabler","BaseMod","Block Reminder","Colored Map","Colored Powertips","Minty Spire (QoL Compilation)","Relic Stats","StSLib","SuperFastMode"],"gold_per_floor":[118,24,24,24,43,43,76,76,76,76,76,96,123,141,141,141,141],"floor_reached":16,"language":"ENG","playtime":344,"items_purged":[],"score":266,"play_id":"bb5b5394-e0b6-422c-a627-25ff9cc89b58","local_time":"20210123234022","is_ascension_mode":true,"campfire_choices":[{"data":"Noxious Fumes","floor":6.0,"key":"SMITH"},{"data":"Neutralize","floor":10.0,"key":"SMITH"},{"data":"Leg Sweep","floor":15,"key":"SMITH"}],"circlet_count":0,"master_deck":["AscendersBane","Strike_G","Strike_G","Strike_G","Strike_G+1","Strike_G","Defend_G+1","Defend_G","Defend_G","Defend_G","Defend_G","Survivor","Neutralize+1","Slice","Noxious Fumes+1","Blade Dance","PiercingWail","Acrobatics","Leg Sweep+1","Poisoned Stab"],"relics":["Ring of the Snake","NeowsBlessing","Darkstone Periapt","Centennial Puzzle","Dream Catcher"],"acts_visited":["Exordium"],"potions_floor_usage":[],"damage_taken":[{"damage":0.0,"enemies":"Small Slimes","floor":1.0,"turns":1.0},{"damage":0.0,"enemies":"2 Louse","floor":5.0,"turns":1.0},{"damage":0.0,"enemies":"Gremlin Nob","floor":7.0,"turns":1.0},{"damage":4.0,"enemies":"Jaw Worm","floor":12.0,"turns":4.0},{"damage":22.0,"enemies":"Lagavulin","floor":13.0,"turns":9.0},{"damage":10.0,"enemies":"Lots of Slimes","floor":14.0,"turns":4.0},{"damage":12,"enemies":"Hexaghost","floor":16,"turns":8}],"seed_played":"-7557582985126239053","potions_obtained":[{"floor":5.0,"key":"Ancient Potion"},{"floor":7.0,"key":"SneckoOil"}],"is_trial":false,"path_per_floor":["M","$","?","$","M","R","E","?","T","R","?","M","E","M","R","B"],"character_chosen":"THE_SILENT","items_purchased":["Noxious Fumes","Blade Dance"],"campfire_rested":0,"item_purchase_floors":[2,2],"current_hp_per_floor":[59,59,64,64,64,64,64,43,43,43,43,39,17,7,7,0,0],"gold":141,"neow_bonus":"THREE_ENEMY_KILL","is_daily":false,"chose_seed":false,"campfire_upgraded":3,"win_rate":0.0,"timestamp":1611474022,"path_taken":["M","$","?","$","M","R","E","?","T","R","?","M","E","?","R","BOSS"],"items_purchased_type":["Card","Card"],"build_version":"2020-12-22","purchased_purges":0,"victory":false,"max_hp_per_floor":[66,66,71,71,71,71,71,71,71,71,71,71,71,71,71,71,71],"relic_stats":{"Darkstone Periapt":0,"Centennial Puzzle":[12],"Dream Catcher":0,"counters":[7,28],"obtain_stats":[{"Darkstone Periapt":7,"Centennial Puzzle":9,"Dream Catcher":13,"NeowsBlessing":0,"Ring of the Snake":0},{"Darkstone Periapt":3,"Centennial Puzzle":3,"Dream Catcher":5,"NeowsBlessing":0,"Ring of the Snake":0},{"Darkstone Periapt":3,"Centennial Puzzle":3,"Dream Catcher":16,"NeowsBlessing":0,"Ring of the Snake":0}],"Ring of the Snake":[14]},"card_choices":[{"not_picked":["PiercingWail","Backflip"],"picked":"Slice","floor":1.0},{"not_picked":["Flechettes","Choke"],"picked":"PiercingWail","floor":5.0},{"not_picked":["Outmaneuver","Bane"],"picked":"Acrobatics","floor":7.0},{"not_picked":["All Out Attack","Bane"],"picked":"Leg Sweep","floor":12.0},{"not_picked":["Predator","Quick Slash","Riddle With Holes"],"picked":"SKIP","floor":13.0},{"not_picked":["Acrobatics","Dagger Throw"],"picked":"Poisoned Stab","floor":14}],"player_experience":3956483,"relics_obtained":[{"floor":7.0,"key":"Darkstone Periapt"},{"floor":9.0,"key":"Centennial Puzzle"},{"floor":13.0,"key":"Dream Catcher"}],"event_choices":[{"damage_healed":0.0,"max_hp_gain":5.0,"max_hp_loss":0.0,"gold_gain":0.0,"event_name":"Big Fish","player_choice":"Donut","floor":3.0,"gold_loss":0.0,"damage_taken":0.0},{"damage_healed":0.0,"max_hp_gain":0.0,"max_hp_loss":0.0,"gold_gain":0.0,"event_name":"Shining Light","player_choice":"Entered Light","floor":8.0,"gold_loss":0.0,"damage_taken":21.0,"cards_upgraded":["Strike_G","Defend_G"]},{"damage_healed":0.0,"max_hp_gain":0.0,"max_hp_loss":0.0,"gold_gain":0.0,"event_name":"Liars Game","player_choice":"Ignored","floor":11.0,"gold_loss":0.0,"damage_taken":0.0}],"is_beta":false,"boss_relics":[],"items_purged_floors":[],"is_endless":false,"potions_floor_spawned":[5,7],"killed_by":"Hexaghost","ascension_level":20}}