{"host":"p11r1vg7ld7z2n97","time":1611532324,"event":{"mods":["BaseMod","Better Note","Colored Map","Downfall","Minty Spire (QoL Compilation)","Rare Cards Sparkle","StSLib","Waifu the Spire"],"gold_per_floor":[99,115,135,145,145,145,169,179,214,114,24,58,58,58,73,178,178,78,97,97,115,215,226,226,246,279,179,191,211,230,30,42,42,42,42],"floor_reached":33,"language":"ENG","playtime":2892,"items_purged":["bronze:Strike"],"score":281,"play_id":"05374c79-924a-4a98-befd-34ce08097fff","local_time":"20210124165204","is_ascension_mode":false,"campfire_choices":[{"data":"bronze:Replicate","floor":1,"key":"SMITH"},{"floor":10,"key":"REST"},{"floor":13,"key":"REST"},{"floor":18,"key":"RECALL"},{"floor":27,"key":"REST"}],"circlet_count":0,"master_deck":["bronze:Strike","bronze:Strike","bronze:Defend","bronze:Defend","bronze:Defend","bronze:Replicate+1","bronze:Goto","bronze:ForLoop","bronze:BronzeOrb","bronze:Frontload","bronze:Separator","bronze:DelayedGuard","bronze:Terminator","bronze:GetLatest","bronze:GetLatest","bronze:Verify","champ:HoldFirm","bronze:Iterate","bronze:Shell","bronze:Branch","bronze:CleanCode","bronze:Overload+1","bronze:ForceShield","bronze:ClassDefault"],"relics":["bronze:BronzeCore","Ornamental Fan","downfall:BrokenWingStatue","Potion Belt","downfall:HeartBlessingBlue","bronze:ProtectiveGoggles","Velvet Choker","downfall:HeartBlessingGreen","Ice Cream","Sundial","Eternal Feather","FossilizedHelix","downfall:HeartBlessingRed","Guardian:BottledAnomaly"],"acts_visited":["Exordium","TheCity"],"potions_floor_usage":[16,26,33,33,33,33,33],"damage_taken":[{"damage":1,"enemies":"2 Louse","floor":2,"turns":3},{"damage":5,"enemies":"Small Slimes","floor":3,"turns":4},{"damage":11,"enemies":"Jaw Worm","floor":4,"turns":2},{"damage":4,"enemies":"2 Fungi Beasts","floor":8,"turns":4},{"damage":8,"enemies":"3 Sentries","floor":9,"turns":7},{"damage":0,"enemies":"downfall:FleeingMerchant","floor":11,"turns":4},{"damage":26,"enemies":"Gremlin Nob","floor":12,"turns":7},{"damage":0,"enemies":"Exordium Wildlife","floor":15,"turns":5},{"damage":68,"enemies":"IC_STATUS_ARCHETYPE","floor":16,"turns":15},{"damage":0,"enemies":"Spheric Guardian","floor":19,"turns":5},{"damage":1,"enemies":"Centurion and Healer","floor":21,"turns":12},{"damage":20,"enemies":"DF_ARCHETYPE_STREAMLINE","floor":22,"turns":10},{"damage":6,"enemies":"Sentry and Sphere","floor":23,"turns":5},{"damage":15,"enemies":"Snecko","floor":25,"turns":4},{"damage":27,"enemies":"Gremlin Leader","floor":26,"turns":9},{"damage":0,"enemies":"Shelled Parasite and Fungi","floor":28,"turns":6},{"damage":19,"enemies":"Snake Plant","floor":29,"turns":8},{"damage":0,"enemies":"Centurion and Healer","floor":30,"turns":7},{"damage":0,"enemies":"downfall:FleeingMerchant","floor":31,"turns":4},{"damage":16,"enemies":"Shelled Parasite and Fungi","floor":32,"turns":9},{"damage":6,"enemies":"SI_MIRROR_ARCHETYPE","floor":33,"turns":4}],"seed_played":"7154899285040403596","potions_obtained":[{"floor":2,"key":"Guardian:BlockOnCardUsePotion"},{"floor":3,"key":"SpeedPotion"},{"floor":12,"key":"Strength Potion"},{"floor":15,"key":"bronze:BuildAFunctionPotion"},{"floor":16,"key":"PowerPotion"},{"floor":19,"key":"Explosive Potion"},{"floor":28,"key":"LiquidBronze"}],"is_trial":false,"path_per_floor":["R","M","M","M","?","?","T","M","E","R","$","E","R","?","M","B",null,"R","M","?","M","?","M","T","M","E","R","M","M","M","$","M","B"],"character_chosen":"THE_AUTOMATON","items_purchased":["bronze:ForceShield","Guardian:BottledAnomaly"],"campfire_rested":3,"item_purchase_floors":[31,31],"current_hp_per_floor":[63,62,57,46,34,34,34,30,22,53,53,27,48,72,72,4,73,73,73,73,72,52,46,46,31,4,37,37,18,18,18,2,0,0,0],"gold":42,"neow_bonus":"REMOVE_TWO","is_daily":false,"chose_seed":false,"campfire_upgraded":1,"win_rate":0.0,"timestamp":1611532324,"path_taken":["R","M","M","M","?","?","T","M","E","R","?","E","R","?","M","BOSS","R","M","?","M","?","M","T","M","E","R","M","M","M","$","M","BOSS"],"items_purchased_type":["Card","Relic"],"build_version":"2020-12-22","purchased_purges":1,"victory":false,"max_hp_per_floor":[63,63,63,63,63,63,63,63,63,73,73,73,73,73,73,73,73,73,73,73,73,73,73,73,73,73,73,73,73,73,73,73,73,73,73],"card_choices":[{"not_picked":["bronze:Safeguard","bronze:Overheat"],"picked":"bronze:ForLoop","floor":2},{"not_picked":["bronze:WildBeam","bronze:Safeguard"],"picked":"bronze:BronzeOrb","floor":3},{"not_picked":["bronze:Deprecate","bronze:WhirlingStrike"],"picked":"bronze:Frontload","floor":4},{"not_picked":["bronze:BuggyMess","bronze:DigitalCarnage"],"picked":"bronze:Separator","floor":8},{"not_picked":["bronze:ChildClass","bronze:DigitalCarnage"],"picked":"bronze:DelayedGuard","floor":9},{"not_picked":["bronze:DarkDash","bronze:ChosenStrike"],"picked":"bronze:Terminator","floor":11},{"not_picked":["bronze:BronzeOrb","bronze:Frontload"],"picked":"bronze:GetLatest","floor":12},{"not_picked":["bronze:Terminator","bronze:Boost"],"picked":"bronze:GetLatest","floor":15},{"not_picked":["bronze:RecursiveStrike","bronze:ThunderWave"],"picked":"bronze:Verify","floor":16},{"not_picked":["bronze:Invalidate+1","bronze:Shield","bronze:DelayedSlice"],"picked":"SKIP","floor":19},{"not_picked":["bronze:Frontload","bronze:Invalidate"],"picked":"bronze:Iterate","floor":21},{"not_picked":["bronze:Deprecate","bronze:WildBeam+1","bronze:DelayedSlice+1"],"picked":"SKIP","floor":23},{"not_picked":["bronze:CutThrough+1","bronze:Turbo"],"picked":"bronze:Shell","floor":25},{"not_picked":["bronze:OilSpill","bronze:WhirlingStrike+1"],"picked":"bronze:Branch","floor":26},{"not_picked":["bronze:DelayedSlice","bronze:DelayedGuard+1","bronze:Philosophize"],"picked":"SKIP","floor":28},{"not_picked":["bronze:BitShift","bronze:Separator"],"picked":"bronze:CleanCode","floor":29},{"not_picked":["bronze:Terminator","bronze:BitShift","bronze:GetLatest"],"picked":"SKIP","floor":30},{"not_picked":["bronze:Return","bronze:BuggyMess"],"picked":"bronze:Overload+1","floor":31},{"not_picked":["bronze:BitShift","bronze:BugBarrage+1"],"picked":"bronze:ClassDefault","floor":32}],"player_experience":672292,"relics_obtained":[{"floor":9,"key":"Potion Belt"},{"floor":12,"key":"bronze:ProtectiveGoggles"},{"floor":22,"key":"Ice Cream"},{"floor":22,"key":"Sundial"},{"floor":24,"key":"Eternal Feather"},{"floor":26,"key":"FossilizedHelix"}],"event_choices":[{"damage_healed":0,"gold_gain":0,"player_choice":"Success","damage_taken":12,"relics_obtained":["Ornamental Fan"],"max_hp_gain":0,"max_hp_loss":0,"event_name":"Scrap Ooze","floor":5,"gold_loss":0},{"damage_healed":24,"gold_gain":0,"player_choice":"Banana","damage_taken":0,"max_hp_gain":0,"max_hp_loss":0,"event_name":"Big Fish","floor":14,"gold_loss":0},{"cards_removed":["bronze:BronzeOrb"],"damage_healed":0,"gold_gain":0,"player_choice":"Take \u0026 Give","damage_taken":0,"max_hp_gain":0,"max_hp_loss":0,"event_name":"betterNote:BetterNote","floor":20,"gold_loss":0,"cards_obtained":["champ:HoldFirm"]}],"is_beta":false,"boss_relics":[{"not_picked":["Sozu","Cursed Key"],"picked":"Velvet Choker"}],"items_purged_floors":[11],"is_endless":false,"potions_floor_spawned":[2,3,12,15,16,19,28,29,30],"killed_by":"SI_MIRROR_ARCHETYPE","ascension_level":0}}