{"host":"takgv9cv6xf64vhq","time":1611509936,"event":{"mods":["BaseMod","Colored Powertips","Downfall","Hubris","LagranYue(拉格朗・月)","Marisa（F雨　魔理沙）","Minty Spire (QoL Compilation)","Replay The Spire","StSLib","The Cursed","The Jungle","TheHeartMod"],"gold_per_floor":[119,25,39,57,68,68,83,4,4,104,104,179,192,221,221,221,221],"floor_reached":16,"language":"ZHS","playtime":573,"items_purged":[],"score":92,"play_id":"49d49e21-ed12-4f22-9021-dbde0a1391f1","local_time":"20210125013856","is_ascension_mode":false,"campfire_choices":[{"data":"BasicCrystalCard","floor":6,"key":"SMITH"},{"data":"Buffer","floor":11,"key":"SMITH"},{"data":"Go for the Eyes","floor":15,"key":"SMITH"}],"circlet_count":0,"master_deck":["Strike_B","Strike_B","Strike_B","Strike_B","Defend_B","Defend_B","Defend_B","Defend_B","Zap","Dualcast","CurseOfTheBell","Coolheaded","Heatsinks","Machine Learning","BasicCrystalCard+1","Time Bomb","Self Repair","hubris:Lust","Buffer+1","ReplayTheSpireMod:Splinters","Go for the Eyes+1","Leap"],"relics":["LagranYue:RandomDrawCardRelic","Calling Bell","Blood Vial","hubris:DeckOfHolding","WingedGreaves","Toy Ornithopter","Iron Hammer","downfall:ExtraCursedKey","Odd Mushroom"],"acts_visited":["Exordium"],"potions_floor_usage":[7,14],"damage_taken":[{"damage":2,"enemies":"Small Slimes","floor":1,"turns":3},{"damage":7,"enemies":"Cultist","floor":3,"turns":5},{"damage":25,"enemies":"Jaw Worm","floor":4,"turns":4},{"damage":17,"enemies":"Looter","floor":5,"turns":4},{"damage":5,"enemies":"2 Fungi Beasts","floor":7,"turns":4},{"damage":10,"enemies":"3 Louse","floor":13,"turns":3},{"damage":15,"enemies":"The Mushroom Lair","floor":14,"turns":5},{"damage":24,"enemies":"Hexaghost","floor":16,"turns":9}],"seed_played":"-8491909083285064254","potions_obtained":[{"floor":5,"key":"Fire Potion"},{"floor":13,"key":"BlessingOfTheForge"}],"is_trial":false,"path_per_floor":["M","?","M","M","M","R","M","$","T","?","R","?","M","?","R","B"],"character_chosen":"DEFECT","items_purchased":["Self Repair"],"campfire_rested":0,"item_purchase_floors":[8],"current_hp_per_floor":[73,73,68,45,30,30,32,32,32,32,32,21,20,22,22,0,0],"gold":221,"neow_bonus":"BOSS_RELIC","is_daily":false,"chose_seed":false,"campfire_upgraded":3,"win_rate":0.0,"timestamp":1611509936,"path_taken":["M","?","M","M","?","R","?","?","T","?","R","?","M","?","R","BOSS"],"items_purchased_type":["Card"],"build_version":"2020-12-22","purchased_purges":0,"victory":false,"max_hp_per_floor":[75,75,75,75,75,75,75,75,75,75,75,75,75,75,75,75,75],"card_choices":[{"not_picked":["Rebound","Leap"],"picked":"Coolheaded","floor":1},{"not_picked":["Streamline","Gash"],"picked":"Heatsinks","floor":3},{"not_picked":["Heatsinks","Beam Cell"],"picked":"Machine Learning","floor":4},{"not_picked":["Stack","Redo"],"picked":"BasicCrystalCard","floor":5},{"not_picked":["Gash","ReplayRNGCard"],"picked":"Time Bomb","floor":7},{"not_picked":["Rip and Tear","Compile Driver"],"picked":"Go for the Eyes","floor":13},{"not_picked":["Skim","Reprogram"],"picked":"Leap","floor":14}],"player_experience":68146,"relics_obtained":[{"floor":0,"key":"Blood Vial"},{"floor":0,"key":"hubris:DeckOfHolding"},{"floor":0,"key":"WingedGreaves"},{"floor":9,"key":"Iron Hammer"},{"floor":14,"key":"Odd Mushroom"}],"event_choices":[{"damage_healed":0,"gold_gain":0,"player_choice":"Paid Gold","damage_taken":0,"relics_obtained":["Toy Ornithopter"],"max_hp_gain":0,"max_hp_loss":0,"event_name":"WeMeetAgain","floor":2,"gold_loss":94},{"damage_healed":0,"gold_gain":75,"player_choice":"Gather Gold","damage_taken":11,"max_hp_gain":0,"max_hp_loss":0,"event_name":"World of Goop","floor":12,"gold_loss":0},{"damage_healed":0,"gold_gain":0,"player_choice":"Fought Mushrooms","damage_taken":0,"max_hp_gain":0,"max_hp_loss":0,"event_name":"Mushrooms","floor":14,"gold_loss":0}],"is_beta":false,"boss_relics":[],"items_purged_floors":[],"is_endless":false,"potions_floor_spawned":[5,13],"killed_by":"Hexaghost","ascension_level":0}}