{"host":"sav7uxregyirlf69","time":1611495730,"event":{"mods":["AchievementEnabler","BaseMod","Colored Map","DeckTracker","Keyboard Shortcuts","Minty Spire (QoL Compilation)","READ ME - Guardian Mod","StSLib","SuperFastMode"],"gold_per_floor":[119,119,119,119,119,148,159,159,159,159,106,131,131,151,151,223,223,235,68,68,78,78,78,78,78,78,89,105,133,1,14,14,14,14],"floor_reached":33,"language":"KOR","playtime":374,"items_purged":[],"score":572,"play_id":"30f9bcb0-30f0-4470-a315-f7f6fceb53f1","local_time":"20210124224210","is_ascension_mode":true,"campfire_choices":[{"data":"Perfected Strike","floor":8,"key":"SMITH"},{"data":"Wild Strike","floor":10,"key":"SMITH"},{"data":"Pommel Strike","floor":13,"key":"SMITH"},{"data":"Bash","floor":15,"key":"SMITH"},{"data":"Impervious","floor":23,"key":"SMITH"},{"data":"Perfected Strike","floor":32,"key":"SMITH"}],"circlet_count":0,"master_deck":["AscendersBane","Strike_R","Strike_R","Strike_R","Strike_R","Strike_R","Defend_R","Defend_R","Defend_R","Bash+1","Perfected Strike+1","Wild Strike+1","Twin Strike","Pommel Strike+1","Immolate","Impervious+1","Twin Strike","Rage+1","Warcry+1","Perfected Strike+1","Battle Trance+1","Shrug It Off+1"],"relics":["Burning Blood","NeowsBlessing","Tiny Chest","Anchor","Orichalcum","Smiling Mask","Velvet Choker","Juzu Bracelet","Pen Nib","Toxic Egg 2","InkBottle","CaptainsWheel"],"acts_visited":["Exordium","TheCity"],"potions_floor_usage":[16,33,33],"damage_taken":[{"damage":0,"enemies":"Jaw Worm","floor":1,"turns":1},{"damage":0,"enemies":"Lagavulin","floor":6,"turns":1},{"damage":0,"enemies":"2 Louse","floor":7,"turns":1},{"damage":0,"enemies":"Small Slimes","floor":14,"turns":2},{"damage":45,"enemies":"The Guardian","floor":16,"turns":9},{"damage":0,"enemies":"Chosen","floor":18,"turns":3},{"damage":17,"enemies":"Shell Parasite","floor":21,"turns":3},{"damage":18,"enemies":"Cultist and Chosen","floor":27,"turns":5},{"damage":0,"enemies":"Snake Plant","floor":28,"turns":2},{"damage":14,"enemies":"Slavers","floor":29,"turns":5},{"damage":0,"enemies":"Centurion and Healer","floor":31,"turns":3},{"damage":81,"enemies":"Collector","floor":33,"turns":8}],"seed_played":"6577748511819128336","potions_obtained":[{"floor":5,"key":"ColorlessPotion"},{"floor":5,"key":"ElixirPotion"},{"floor":7,"key":"PowerPotion"},{"floor":14,"key":"Block Potion"},{"floor":16,"key":"Block Potion"},{"floor":18,"key":"LiquidBronze"},{"floor":31,"key":"DistilledChaos"}],"is_trial":false,"path_per_floor":["M","?","?","?","?","E","M","R","T","R","$","T","R","M","R","B",null,"M","$","?","M","?","R","?","T","T","M","M","E","$","M","R","B"],"character_chosen":"IRONCLAD","items_purchased":["Pommel Strike","Juzu Bracelet","Perfected Strike","Battle Trance+1"],"campfire_rested":0,"item_purchase_floors":[11,19,30,30],"current_hp_per_floor":[74,63,68,61,61,67,73,73,73,73,73,73,73,79,79,40,70,76,76,76,65,65,65,65,65,65,53,59,51,51,57,57,0,0],"gold":14,"neow_bonus":"THREE_ENEMY_KILL","is_daily":false,"chose_seed":false,"campfire_upgraded":6,"win_rate":0.0,"timestamp":1611495730,"path_taken":["M","?","?","?","?","E","M","R","T","R","$","?","R","M","R","BOSS","M","$","?","M","?","R","?","?","T","M","M","E","$","M","R","BOSS"],"items_purchased_type":["Card","Relic","Card","Card"],"build_version":"2020-12-22","purchased_purges":0,"victory":false,"max_hp_per_floor":[75,75,80,80,80,80,80,80,80,80,80,80,80,80,80,80,80,80,80,80,80,80,80,80,80,80,80,80,80,80,80,80,80,80],"card_choices":[{"not_picked":["Anger","Body Slam"],"picked":"Perfected Strike","floor":1},{"not_picked":["Ghostly Armor","Entrench"],"picked":"Wild Strike","floor":6},{"not_picked":["Havoc","Cleave"],"picked":"Twin Strike","floor":7},{"not_picked":["Headbutt","Whirlwind"],"picked":"Immolate","floor":14},{"not_picked":["Limit Break","Immolate"],"picked":"Impervious","floor":16},{"not_picked":["Anger+1","Clothesline","Armaments"],"picked":"SKIP","floor":18},{"not_picked":["Body Slam","Warcry"],"picked":"Twin Strike","floor":21},{"not_picked":["Carnage","Heavy Blade","Feel No Pain"],"picked":"SKIP","floor":27},{"not_picked":["Demon Form","Blood for Blood+1"],"picked":"Rage+1","floor":28},{"not_picked":["Pummel","Clash"],"picked":"Warcry+1","floor":29},{"not_picked":["Pummel","Battle Trance+1"],"picked":"Shrug It Off+1","floor":31}],"player_experience":1377369,"relics_obtained":[{"floor":6,"key":"Anchor"},{"floor":9,"key":"Orichalcum"},{"floor":12,"key":"Smiling Mask"},{"floor":25,"key":"Toxic Egg 2"},{"floor":26,"key":"InkBottle"},{"floor":29,"key":"CaptainsWheel"}],"event_choices":[{"damage_healed":0,"gold_gain":0,"player_choice":"Success","damage_taken":11,"relics_obtained":["Tiny Chest"],"max_hp_gain":0,"max_hp_loss":0,"event_name":"Scrap Ooze","floor":2,"gold_loss":0},{"damage_healed":0,"gold_gain":0,"player_choice":"Donut","damage_taken":0,"max_hp_gain":5,"max_hp_loss":0,"event_name":"Big Fish","floor":3,"gold_loss":0},{"cards_removed":["Defend_R"],"damage_healed":0,"gold_gain":0,"player_choice":"Card Removal","damage_taken":7,"max_hp_gain":0,"max_hp_loss":0,"event_name":"Golden Wing","floor":4,"gold_loss":0},{"damage_healed":0,"gold_gain":0,"player_choice":"Got Potions","damage_taken":0,"max_hp_gain":0,"max_hp_loss":0,"event_name":"Lab","floor":5,"gold_loss":0},{"damage_healed":0,"gold_gain":0,"player_choice":"Ignored","damage_taken":0,"max_hp_gain":0,"max_hp_loss":0,"event_name":"Vampires","floor":20,"gold_loss":0},{"damage_healed":0,"gold_gain":0,"player_choice":"Opened","damage_taken":0,"relics_obtained":["Pen Nib"],"max_hp_gain":0,"max_hp_loss":0,"event_name":"The Mausoleum","floor":22,"gold_loss":0,"cards_obtained":["Writhe"]},{"cards_removed":["Writhe"],"damage_healed":0,"gold_gain":0,"player_choice":"Elegance","damage_taken":0,"max_hp_gain":0,"max_hp_loss":0,"event_name":"Back to Basics","floor":24,"gold_loss":0}],"is_beta":false,"boss_relics":[{"not_picked":["Tiny House","Ectoplasm"],"picked":"Velvet Choker"}],"items_purged_floors":[],"is_endless":false,"potions_floor_spawned":[6,7,14,16,18,28,29,31],"killed_by":"Collector","ascension_level":20}}