{"host":"g01l53quoe6lrer0","time":1611494324,"event":{"mods":["2.2 Compatiblity","AchievementEnabler","BaseMod","Colored Map","Highlight Path","Keyboard Shortcuts","Minty Spire (QoL Compilation)","Permanent Neow","StSLib","SuperFastMode","everything is the same but u backflip on backflip"],"gold_per_floor":[18,37,37,54,66,66,80,107,159,172,191,224,224,237,237,312,312,329,343,354,368,368,368,381,381,406,406,406],"floor_reached":27,"language":"KOR","playtime":8633,"items_purged":[],"score":381,"play_id":"24252716-9aa4-455c-bb2d-78ec63c7462e","local_time":"20210124221844","is_ascension_mode":true,"campfire_choices":[{"data":"Neutralize","floor":6,"key":"SMITH"},{"floor":15,"key":"REST"},{"floor":23,"key":"REST"}],"circlet_count":0,"master_deck":["AscendersBane","Strike_G","Strike_G","Strike_G","Defend_G","Defend_G","Defend_G","Defend_G","Survivor","Neutralize+1","Dagger Throw","Well Laid Plans","Riddle With Holes","Catalyst+1","Bouncing Flask","Bane","Deadly Poison","Dagger Spray","Bullet Time","Dash","Envenom","Underhanded Strike","Backflip+1","Acrobatics"],"relics":["Ring of the Snake","Vajra","Omamori","Kunai","Velvet Choker","Juzu Bracelet"],"acts_visited":["Exordium","TheCity"],"potions_floor_usage":[12,16,21,27],"damage_taken":[{"damage":0,"enemies":"Small Slimes","floor":1,"turns":4},{"damage":0,"enemies":"Cultist","floor":2,"turns":4},{"damage":0,"enemies":"2 Louse","floor":4,"turns":3},{"damage":4,"enemies":"Blue Slaver","floor":5,"turns":5},{"damage":0,"enemies":"Looter","floor":7,"turns":4},{"damage":7,"enemies":"Lagavulin","floor":8,"turns":6},{"damage":3,"enemies":"3 Louse","floor":10,"turns":3},{"damage":16,"enemies":"Exordium Thugs","floor":11,"turns":4},{"damage":6,"enemies":"Gremlin Nob","floor":12,"turns":3},{"damage":0,"enemies":"Large Slime","floor":14,"turns":3},{"damage":1,"enemies":"Slime Boss","floor":16,"turns":7},{"damage":12,"enemies":"Chosen","floor":18,"turns":3},{"damage":15,"enemies":"Spheric Guardian","floor":19,"turns":4},{"damage":26,"enemies":"Snake Plant","floor":20,"turns":4},{"damage":0,"enemies":"Chosen and Byrds","floor":21,"turns":6},{"damage":21,"enemies":"Centurion and Healer","floor":24,"turns":5},{"damage":12,"enemies":"3 Cultists","floor":27,"turns":4}],"seed_played":"-6298493149488899734","potions_obtained":[{"floor":1,"key":"BlessingOfTheForge"},{"floor":2,"key":"GhostInAJar"},{"floor":5,"key":"PowerPotion"},{"floor":12,"key":"Weak Potion"},{"floor":16,"key":"Dexterity Potion"}],"is_trial":false,"path_per_floor":["M","M","?","M","M","R","M","E","T","M","M","E","?","M","R","B",null,"M","M","M","M","?","R","M","?","T","M"],"character_chosen":"THE_SILENT","items_purchased":[],"campfire_rested":2,"item_purchase_floors":[],"current_hp_per_floor":[63,63,63,63,59,59,59,52,52,49,33,27,27,27,48,47,64,52,37,11,11,11,32,11,11,11,0,0],"gold":406,"neow_bonus":"REMOVE_TWO","is_daily":false,"chose_seed":false,"campfire_upgraded":1,"win_rate":0.0,"timestamp":1611494324,"path_taken":["M","M","?","?","?","R","M","E","T","?","M","E","?","M","R","BOSS","M","M","M","?","?","R","M","?","T","M"],"items_purchased_type":[],"build_version":"2020-12-22","purchased_purges":0,"victory":false,"max_hp_per_floor":[70,70,70,70,70,70,70,70,70,70,70,70,70,70,70,70,70,70,70,70,70,70,70,70,70,70,70,70],"card_choices":[{"not_picked":["Endless Agony","Flying Knee"],"picked":"Dagger Throw","floor":1},{"not_picked":["Flying Knee","Quick Slash"],"picked":"Well Laid Plans","floor":2},{"not_picked":["Quick Slash","Adrenaline"],"picked":"Riddle With Holes","floor":4},{"not_picked":["Well Laid Plans","Skewer"],"picked":"Catalyst","floor":5},{"not_picked":["Bane","PiercingWail"],"picked":"Bouncing Flask","floor":7},{"not_picked":["Prepared","Predator"],"picked":"Bane","floor":8},{"not_picked":["Slice","Dodge and Roll"],"picked":"Deadly Poison","floor":10},{"not_picked":["Dodge and Roll","Terror"],"picked":"Dagger Spray","floor":11},{"not_picked":["Flying Knee","Quick Slash"],"picked":"Bullet Time","floor":12},{"not_picked":["Predator","Blade Dance"],"picked":"Dash","floor":14},{"not_picked":["Glass Knife","A Thousand Cuts"],"picked":"Envenom","floor":16},{"not_picked":["Dash+1","Dagger Throw+1"],"picked":"Underhanded Strike","floor":18},{"not_picked":["Deadly Poison","Dodge and Roll"],"picked":"Backflip+1","floor":19},{"not_picked":["Cloak And Dagger","Slice","Expertise"],"picked":"SKIP","floor":20},{"not_picked":["Well Laid Plans","Flying Knee","Predator"],"picked":"SKIP","floor":21},{"not_picked":["Backflip","PiercingWail"],"picked":"Acrobatics","floor":24}],"player_experience":275198,"relics_obtained":[{"floor":8,"key":"Vajra"},{"floor":9,"key":"Omamori"},{"floor":12,"key":"Kunai"},{"floor":26,"key":"Juzu Bracelet"}],"event_choices":[{"cards_removed":["Strike_G"],"damage_healed":0,"gold_gain":0,"player_choice":"Offered Basic","damage_taken":0,"max_hp_gain":0,"max_hp_loss":0,"event_name":"Bonfire Elementals","floor":3,"gold_loss":0},{"damage_healed":0,"gold_gain":0,"player_choice":"Upgraded","damage_taken":0,"max_hp_gain":0,"max_hp_loss":0,"event_name":"Upgrade Shrine","floor":13,"gold_loss":0,"cards_upgraded":["Catalyst"]},{"damage_healed":0,"gold_gain":0,"player_choice":"Smashed Altar","damage_taken":0,"max_hp_gain":0,"max_hp_loss":0,"event_name":"Forgotten Altar","floor":22,"gold_loss":0,"cards_obtained":["Decay"]},{"damage_healed":0,"gold_gain":0,"player_choice":"Ignored","damage_taken":0,"max_hp_gain":0,"max_hp_loss":0,"event_name":"Cursed Tome","floor":25,"gold_loss":0}],"is_beta":false,"boss_relics":[{"not_picked":["Fusion Hammer","WristBlade"],"picked":"Velvet Choker"}],"items_purged_floors":[],"is_endless":false,"potions_floor_spawned":[1,2,5,12,16,18,20],"killed_by":"3 Cultists","ascension_level":13}}