{"host":"36umirwmj0u9xjg7","time":1611493734,"event":{"mods":["Aspiration","BaseMod","CCEM","ChefMod","Downfall","Minty Spire (QoL Compilation)","Reliquary","Replay The Spire","StS++","StSLib","The Construct","The Gatherer","The Hierophant","The Necromancer","The Runesmith","The Servant 0.9.4"],"gold_per_floor":[112,112,140,140,65,65,65,11,86,86,142,142,142,193,193,163,163],"floor_reached":16,"language":"ENG","playtime":404,"items_purged":["hierophant:Strike_Hierophant"],"score":121,"play_id":"453187a1-78f1-4793-94d1-73f77910303d","local_time":"20210124140854","is_ascension_mode":false,"campfire_choices":[{"data":"hierophant:FieryStrike","floor":6,"key":"SMITH"},{"data":"hierophant:Punish","floor":10,"key":"SMITH"},{"data":"hierophant:ThreeLashes","floor":13,"key":"SMITH"},{"data":"hierophant:RepressedViolence","floor":15,"key":"SMITH"}],"circlet_count":0,"master_deck":["hierophant:Strike_Hierophant","hierophant:Strike_Hierophant","hierophant:Strike_Hierophant","hierophant:Punish+1","hierophant:Defend_Hierophant","hierophant:Defend_Hierophant","hierophant:Defend_Hierophant","hierophant:Defend_Hierophant","hierophant:ChurchCoffers","hierophant:Doubloon","hierophant:FieryStrike+1","Injury","hierophant:RustyCrate+1","hierophant:Doubloon+1","hierophant:Doubloon+1","hierophant:ThreeLashes+1","hierophant:RepressedViolence+1"],"relics":["hierophant:PropheticMaskRelic","NeowsBlessing","Golden Idol","reliquary:QuartzCube","Toxic Egg 2","Singing Bowl","Replay:Towering Pillar of Hats"],"acts_visited":["Exordium"],"potions_floor_usage":[16],"damage_taken":[{"damage":0,"enemies":"Jaw Worm","floor":1,"turns":1},{"damage":0,"enemies":"Small Slimes","floor":3,"turns":1},{"damage":0,"enemies":"3 Sentries","floor":11,"turns":1},{"damage":0,"enemies":"Cultist","floor":14,"turns":2},{"damage":64,"enemies":"The Guardian","floor":16,"turns":11}],"seed_played":"-7803154910164791693","potions_obtained":[{"floor":11,"key":"SteroidPotion"}],"is_trial":false,"path_per_floor":["M","?","M","?","$","R","?","$","T","R","E","$","R","M","R","B"],"character_chosen":"HIEROPHANT","items_purchased":["hierophant:RustyCrate+1"],"campfire_rested":0,"item_purchase_floors":[8],"current_hp_per_floor":[75,69,69,62,62,62,62,62,62,62,62,62,62,62,62,0,0],"gold":163,"neow_bonus":"THREE_ENEMY_KILL","is_daily":false,"chose_seed":false,"campfire_upgraded":4,"win_rate":0.0,"timestamp":1611493734,"path_taken":["M","?","M","?","$","R","?","?","T","R","E","$","R","?","R","BOSS"],"items_purchased_type":["Card"],"build_version":"2020-12-22","purchased_purges":1,"victory":false,"max_hp_per_floor":[75,69,69,69,69,69,69,69,69,69,69,69,69,69,69,69,69],"card_choices":[{"not_picked":["hierophant:HammerAndAnvil","hierophant:DisplayOfPower"],"picked":"hierophant:Doubloon","floor":1},{"not_picked":["hierophant:Rebuild","hierophant:Doubloon"],"picked":"hierophant:FieryStrike","floor":3},{"not_picked":["hierophant:FlamingChariot","hierophant:AuricShield+1"],"picked":"hierophant:ThreeLashes","floor":11},{"not_picked":["hierophant:PristineSoul+1","hierophant:HolyVerse+1"],"picked":"hierophant:RepressedViolence","floor":14}],"player_experience":140737,"relics_obtained":[{"floor":9,"key":"Singing Bowl"},{"floor":11,"key":"Replay:Towering Pillar of Hats"}],"event_choices":[{"damage_healed":0,"gold_gain":0,"player_choice":"Lose Max HP","damage_taken":0,"relics_obtained":["Golden Idol"],"max_hp_gain":0,"max_hp_loss":6,"event_name":"Golden Idol","floor":2,"gold_loss":0},{"damage_healed":0,"gold_gain":0,"player_choice":"Success","damage_taken":7,"relics_obtained":["reliquary:QuartzCube"],"max_hp_gain":0,"max_hp_loss":0,"event_name":"Scrap Ooze","floor":4,"gold_loss":0}],"is_beta":false,"boss_relics":[],"items_purged_floors":[5],"is_endless":false,"potions_floor_spawned":[11],"killed_by":"The Guardian","ascension_level":0}}