{"host":"b1dzdo8uo7e6jx8g","time":1611520297,"event":{"mods":["AchievementEnabler","Astrologer","BaseMod","BetterRewards","Colored Map","Downfall","Highlight Path","Minty Spire (QoL Compilation)","StSLib","Td1madao Mod","The Animator","The Bug Knight","The Construct","The Cursed","The Disciple","The Jungle","The Necromancer","The Runesmith","The Servant 0.9.4"],"gold_per_floor":[109,123,123,88,98,98,98,98,98,116,141,161,175,155,155,256,256,270,345,20,40,40,40,40],"floor_reached":23,"language":"ENG","playtime":1070,"items_purged":[],"score":293,"play_id":"4ec778fe-f585-41f4-b54f-372bb6ae5c15","local_time":"20210124213137","is_ascension_mode":false,"campfire_choices":[{"data":"Apotheosis","floor":6,"key":"SMITH"},{"floor":8,"key":"REST"},{"floor":15,"key":"REST"}],"circlet_count":0,"master_deck":["Strike_S","Strike_S","Strike_S","Strike_S","Defend_S","Defend_S","KidneyShot","Exchange","Apotheosis+1","TimeWarp","Rewind","ShatteredReality","ReturningBlade","PendulumOfEternity","Potential","Potential","DualDimension","Defy","Dilation","ShatteredReality","Read"],"relics":["Uniform","Regal Pillow","White Beast Statue","Black Star","Meat on the Bone","Nloth\u0027s Gift"],"acts_visited":["Exordium","TheCity"],"potions_floor_usage":[],"damage_taken":[{"damage":12,"enemies":"Small Slimes","floor":1,"turns":3},{"damage":11,"enemies":"Jaw Worm","floor":2,"turns":4},{"damage":0,"enemies":"Cultist","floor":5,"turns":3},{"damage":11,"enemies":"Exordium Wildlife","floor":10,"turns":2},{"damage":15,"enemies":"3 Sentries","floor":11,"turns":4},{"damage":8,"enemies":"Red Slaver","floor":12,"turns":2},{"damage":12,"enemies":"Blue Slaver","floor":13,"turns":2},{"damage":10,"enemies":"Exordium Thugs","floor":14,"turns":4},{"damage":46,"enemies":"Hexaghost","floor":16,"turns":10},{"damage":13,"enemies":"2 Thieves","floor":18,"turns":5},{"damage":3,"enemies":"Chosen","floor":21,"turns":7},{"damage":49,"enemies":"Slavers","floor":23,"turns":5}],"seed_played":"1574927932121551563","potions_obtained":[{"floor":2,"key":"PowerPotion"},{"floor":5,"key":"Regen Potion"},{"floor":10,"key":"Ancient Potion"}],"is_trial":false,"path_per_floor":["M","M","?","?","M","R","?","R","T","M","E","M","M","M","R","B",null,"M","?","$","M","?","E"],"character_chosen":"THE_SERVANT","items_purchased":["Apotheosis","Regal Pillow","Lee\u0027s Waffle","TimeWarp","Read","Meat on the Bone"],"campfire_rested":2,"item_purchase_floors":[0,0,0,0,20,20],"current_hp_per_floor":[60,49,42,60,60,60,60,72,72,61,46,38,26,16,52,6,72,59,52,52,49,49,0,0],"gold":40,"neow_bonus":"","is_daily":false,"chose_seed":false,"campfire_upgraded":1,"win_rate":0.0,"timestamp":1611520297,"path_taken":["M","M","?","?","M","R","?","R","T","M","E","M","?","M","R","BOSS","M","?","?","?","?","E"],"items_purchased_type":["Card","Relic","Relic","Card","Card","Relic"],"build_version":"2020-12-22","purchased_purges":0,"victory":false,"max_hp_per_floor":[72,72,72,72,72,72,72,72,72,72,72,72,72,72,72,72,72,72,72,72,72,72,72,72],"card_choices":[{"not_picked":["ShiftingGears","Spin"],"picked":"Rewind","floor":1},{"not_picked":["Rearm","Snipe"],"picked":"ShatteredReality","floor":2},{"not_picked":["Rearm","Spin","Manipulate"],"picked":"SKIP","floor":5},{"not_picked":["GearUp","Comet"],"picked":"PendulumOfEternity","floor":10},{"not_picked":["Revamp","Alleviate"],"picked":"Potential","floor":11},{"not_picked":["Unruled","Ricochet"],"picked":"Potential","floor":12},{"not_picked":["Spin","Luminosity"],"picked":"DualDimension","floor":13},{"not_picked":["Spin","ReturningBlade"],"picked":"Defy","floor":14},{"not_picked":["Sunlight","PendulumOfEternity"],"picked":"Dilation","floor":16},{"not_picked":["Revamp","Collapse"],"picked":"ShatteredReality","floor":18},{"not_picked":["Defy","Rearm","Advance"],"picked":"SKIP","floor":21}],"player_experience":251123,"relics_obtained":[{"floor":11,"key":"White Beast Statue"}],"event_choices":[{"cards_removed":["Defend_S"],"damage_healed":0,"gold_gain":0,"player_choice":"Card Removal","damage_taken":7,"max_hp_gain":0,"max_hp_loss":0,"event_name":"Golden Wing","floor":3,"gold_loss":0},{"damage_healed":18,"gold_gain":0,"player_choice":"Healed","damage_taken":0,"max_hp_gain":0,"max_hp_loss":0,"event_name":"The Cleric","floor":4,"gold_loss":35},{"damage_healed":0,"gold_gain":0,"cards_transformed":["Defend_S"],"player_choice":"Transformed","damage_taken":0,"max_hp_gain":0,"max_hp_loss":0,"event_name":"Transmorgrifier","floor":7,"gold_loss":0,"cards_obtained":["ReturningBlade"]},{"damage_healed":0,"gold_gain":75,"player_choice":"Touch","damage_taken":7,"max_hp_gain":0,"max_hp_loss":0,"event_name":"FaceTrader","floor":19,"gold_loss":0},{"damage_healed":0,"gold_gain":0,"player_choice":"Traded Relic","damage_taken":0,"relics_obtained":["Nloth\u0027s Gift"],"max_hp_gain":0,"max_hp_loss":0,"event_name":"N\u0027loth","floor":22,"relics_lost":["Lee\u0027s Waffle"],"gold_loss":0}],"is_beta":false,"boss_relics":[{"not_picked":["Runic Dome","Velvet Choker"],"picked":"Black Star"}],"items_purged_floors":[],"is_endless":false,"potions_floor_spawned":[2,5,10,12,13,14,16,18,21],"killed_by":"Slavers","ascension_level":0}}