{"host":"f251oio0chsiwdug","time":1611523459,"event":{"mods":["BaseMod","Colored Map","Downfall","Hermit","Marisa????????","Minty Spire (QoL Compilation)","Replay The Spire","Shop Mod","StSLib","The Cursed"],"gold_per_floor":[119,119,133,83,32,62,77,77,77,96,8,8,25,43,43,43,43,48,48],"floor_reached":18,"language":"DEU","playtime":1027,"items_purged":[],"score":112,"play_id":"21b2d3bf-b585-4978-96d7-c3f530ff1dca","local_time":"20210124222419","is_ascension_mode":false,"campfire_choices":[{"floor":8,"key":"RECALL"},{"floor":17,"key":"REST"}],"circlet_count":0,"master_deck":["hermit:Strike_Hermit","hermit:Strike_Hermit","hermit:Strike_Hermit","hermit:Strike_Hermit","hermit:Defend_Hermit","hermit:Defend_Hermit","hermit:Snapshot","hermit:Covet","Regret","hermit:Quickdraw","hermit:TakeCover","Replay:Parry","hermit:Scavenge"],"relics":["hermit:Momento","Bag of Preparation","Juzu Bracelet"],"acts_visited":["Exordium"],"potions_floor_usage":[13,13],"damage_taken":[{"damage":0,"enemies":"2 Louse","floor":1,"turns":3},{"damage":2,"enemies":"Small Slimes","floor":3,"turns":3},{"damage":29,"enemies":"Replay:BlueRogue","floor":6,"turns":6},{"damage":4,"enemies":"Jaw Worm","floor":7,"turns":5},{"damage":2,"enemies":"Large Slime","floor":10,"turns":6},{"damage":7,"enemies":"Blue Slaver","floor":13,"turns":4},{"damage":4,"enemies":"Exordium Wildlife","floor":14,"turns":3},{"damage":62,"enemies":"Slime Boss","floor":18,"turns":9}],"seed_played":"3136736212334727105","potions_obtained":[{"floor":6,"key":"Fruit Juice"},{"floor":7,"key":"PowerPotion"},{"floor":13,"key":"EssenceOfSteel"}],"is_trial":false,"path_per_floor":["M","?","M","?","$","E","M","R","T","M","$","?","M","M","PTL","PTL","R","B"],"character_chosen":"HERMIT","items_purchased":["hermit:Quickdraw","Replay:Parry"],"campfire_rested":1,"item_purchase_floors":[5,11],"current_hp_per_floor":[82,82,80,80,80,51,47,47,47,45,45,38,36,32,32,32,58,0,0],"gold":48,"neow_bonus":"TEN_PERCENT_HP_BONUS","is_daily":false,"chose_seed":false,"campfire_upgraded":0,"win_rate":0.0,"timestamp":1611523459,"path_taken":["M","?","M","?","$","E","M","R","T","M","?","?","M","M","PTL","PTL","R","BOSS"],"items_purchased_type":["Card","Card"],"build_version":"2020-12-22","purchased_purges":0,"victory":false,"max_hp_per_floor":[82,82,82,82,82,82,82,82,82,82,82,82,87,87,87,87,87,87,87],"card_choices":[{"not_picked":["hermit:ItchyTrigger","hermit:SprayPray","hermit:Glare"],"picked":"SKIP","floor":1},{"not_picked":["hermit:Vantage","hermit:LuckOfTheDraw","hermit:Horror"],"picked":"SKIP","floor":3},{"not_picked":["hermit:Roughhouse","hermit:WideOpen","hermit:FullyLoaded"],"picked":"SKIP","floor":6},{"not_picked":["hermit:ItchyTrigger","hermit:WideOpen","hermit:Manifest"],"picked":"SKIP","floor":7},{"not_picked":["hermit:Gestalt","hermit:TrackingShot"],"picked":"hermit:TakeCover","floor":10},{"not_picked":["hermit:Misfire","hermit:Quickdraw","hermit:Headshot"],"picked":"SKIP","floor":13},{"not_picked":["hermit:BodyArmor","hermit:Coalescence"],"picked":"hermit:Scavenge","floor":14}],"player_experience":47470,"relics_obtained":[{"floor":6,"key":"Juzu Bracelet"}],"event_choices":[{"damage_healed":0,"gold_gain":0,"player_choice":"Box","damage_taken":0,"relics_obtained":["Bag of Preparation"],"max_hp_gain":0,"max_hp_loss":0,"event_name":"Big Fish","floor":2,"gold_loss":0,"cards_obtained":["Regret"]},{"cards_removed":["hermit:Defend_Hermit"],"damage_healed":0,"gold_gain":0,"player_choice":"Card Removal","damage_taken":0,"max_hp_gain":0,"max_hp_loss":0,"event_name":"The Cleric","floor":4,"gold_loss":50},{"cards_removed":["hermit:Defend_Hermit"],"damage_healed":0,"gold_gain":0,"player_choice":"Card Removal","damage_taken":7,"max_hp_gain":0,"max_hp_loss":0,"event_name":"Golden Wing","floor":12,"gold_loss":0}],"is_beta":false,"boss_relics":[],"items_purged_floors":[],"is_endless":false,"potions_floor_spawned":[6,7,13],"killed_by":"Slime Boss","ascension_level":0}}