{"host":"dt8l0my8qdt1qx2n","time":1611490207,"event":{"mods":["Arknights The Spire","BaseMod","Dota2Spire","Marisa£®ÏF”Í°°ƒß¿Ì…≥£©","Minty Spire (QoL Compilation)","Reimu£®≤©¿ˆ¡È√Œ£©","Remilia£®¿Ÿ√◊¿Ú—«£©","StSLib","The Servant 0.9.4","WarShipGirlsR/’ΩΩ¢…Ÿ≈ÆR mod","Yuyuko","[IsaacMod]“‘»ˆº‚À˛","°æ“≈ŒÔø®≈∆°øREMEMod"],"gold_per_floor":[281,17,31,44,62,95,95,122,170,170,199,210,210,244,244,244,244],"floor_reached":16,"language":"ZHS","playtime":492,"items_purged":["Defend_RM"],"score":145,"play_id":"59d56d2f-1e23-4772-b4cf-7e821a014854","local_time":"20210124201007","is_ascension_mode":false,"campfire_choices":[{"data":"ScarletShoot","floor":10,"key":"SMITH"},{"data":"RedMoon","floor":13,"key":"SMITH"},{"data":"ForecastOfChange","floor":15,"key":"SMITH"}],"circlet_count":0,"master_deck":["Strike_RM","Strike_RM","Strike_RM","Strike_RM","Defend_RM","Defend_RM","Defend_RM","RedMoon+1","ScarletShoot+1","SuperhumanBloodyKnife","Stigmanizer","StarOfDavid","ScarletImprint","ForecastOfChange+1"],"relics":["ScarletHat","HushsDoor","REME_ComplimentaryCards","BloodDonationBag","SteamSale","Dota2Spire:DrumOfEndurance","Gremlin Horn","Juzu Bracelet","Bag of Marbles","Odd Mushroom","Dota2Spire:ShadowBlade"],"acts_visited":["Exordium"],"potions_floor_usage":[6,14],"damage_taken":[{"damage":0,"enemies":"Small Slimes","floor":1,"turns":2},{"damage":0,"enemies":"Cultist","floor":3,"turns":2},{"damage":0,"enemies":"2 Louse","floor":4,"turns":1},{"damage":3,"enemies":"Blue Slaver","floor":5,"turns":5},{"damage":15,"enemies":"Lagavulin","floor":6,"turns":4},{"damage":11,"enemies":"Gremlin Nob","floor":8,"turns":4},{"damage":5,"enemies":"The Mushroom Lair","floor":11,"turns":3},{"damage":0,"enemies":"Large Slime","floor":12,"turns":2},{"damage":0,"enemies":"3 Sentries","floor":14,"turns":2},{"damage":26,"enemies":"The Guardian","floor":16,"turns":6}],"seed_played":"-3434435765759000897","potions_obtained":[{"floor":3,"key":"GamblersBrew"},{"floor":4,"key":"Block Potion"},{"floor":8,"key":"Explosive Potion"}],"is_trial":false,"path_per_floor":["M","$","M","M","M","E","?","E","T","R","?","M","R","E","R","B"],"character_chosen":"REMILIA","items_purchased":["SteamSale","Dota2Spire:DrumOfEndurance"],"campfire_rested":0,"item_purchase_floors":[2,2],"current_hp_per_floor":[41,41,41,41,40,28,28,17,17,17,12,12,12,15,15,0,0],"gold":244,"neow_bonus":"TEN_PERCENT_HP_BONUS","is_daily":false,"chose_seed":false,"campfire_upgraded":3,"win_rate":0.0,"timestamp":1611490207,"path_taken":["M","$","M","M","M","E","?","E","T","R","?","M","R","E","R","BOSS"],"items_purchased_type":["Relic","Relic"],"build_version":"2020-12-22","purchased_purges":1,"victory":false,"max_hp_per_floor":[82,82,82,82,82,82,82,82,82,82,82,82,82,82,82,82,82],"card_choices":[{"not_picked":["TwelveNightmare","RedRainbow"],"picked":"Stigmanizer","floor":1},{"not_picked":["CharismaGuard","RedRainbow","EndlessAdversity"],"picked":"SKIP","floor":3},{"not_picked":["BloodyMagicSquare","RedRainbow"],"picked":"StarOfDavid","floor":4},{"not_picked":["StarOfDavid","Maim"],"picked":"ScarletImprint","floor":5},{"not_picked":["VampireClaw","Bomb","StarOfDavid"],"picked":"SKIP","floor":6},{"not_picked":["Stigmanizer","MastersStateliness","EndlessAdversity"],"picked":"SKIP","floor":8},{"not_picked":["Stigmanizer","ScarletDevil","ScarletGensokyo"],"picked":"SKIP","floor":12},{"not_picked":["ScarletDevil","ScarletDevilSign"],"picked":"ForecastOfChange","floor":14}],"player_experience":164536,"relics_obtained":[{"floor":6,"key":"Gremlin Horn"},{"floor":8,"key":"Juzu Bracelet"},{"floor":9,"key":"Bag of Marbles"},{"floor":11,"key":"Odd Mushroom"},{"floor":14,"key":"Dota2Spire:ShadowBlade"}],"event_choices":[{"damage_healed":0,"gold_gain":0,"player_choice":"Fought Mushrooms","damage_taken":0,"max_hp_gain":0,"max_hp_loss":0,"event_name":"Mushrooms","floor":11,"gold_loss":0}],"is_beta":false,"boss_relics":[],"items_purged_floors":[2],"is_endless":false,"potions_floor_spawned":[3,4,8],"killed_by":"The Guardian","ascension_level":0}}