{"host":"fc97bmrl7qvj4ruk","time":1611461918,"event":{"mods":["AchievementEnabler","Act Like it!","BaseMod","ChefMod","Colored Map","Gensokyo","GifTheSpireLib","Hermit","Minty Spire (QoL Compilation)","Replay The Spire","Robot Space Explorer","StSLib","The Death Knight","The Hayseed"],"gold_per_floor":[111,111,309,309,328,353,353,387,434,450,4,39,56,74,74,175,175,193,213,213,224,224,287,347,357,434,434,501,119,151,191,191,371,371,387,402,1,20,59,92,92,155,155,155,171,207,236,236,236,243],"floor_reached":51,"language":"ZHS","playtime":4439,"items_purged":["hermit:Defend_Hermit","hermit:Defend_Hermit"],"score":1401,"play_id":"b370f73f-ba12-42f6-a1dd-eea01b20ea7e","local_time":"20210124001838","is_ascension_mode":true,"campfire_choices":[{"data":"hermit:Dive","floor":7.0,"key":"SMITH"},{"data":"hermit:FlashPowder","floor":27.0,"key":"SMITH"},{"data":"hermit:Determination","floor":32.0,"key":"SMITH"},{"data":"Apotheosis","floor":41.0,"key":"SMITH"},{"data":"hermit:HeroicBravado","floor":44,"key":"SMITH"},{"data":"hermit:EyeOfTheStorm","floor":49,"key":"SMITH"}],"circlet_count":0,"master_deck":["hermit:Strike_Hermit","hermit:Strike_Hermit","hermit:Strike_Hermit","hermit:Strike_Hermit","hermit:Defend_Hermit","hermit:Defend_Hermit","hermit:Snapshot","hermit:Covet","hermit:Cheat+1","hermit:GoldenBullet","hermit:Dive+1","hermit:ItchyTrigger","hermit:Headshot","hermit:Gambit","hermit:TakeAim+1","Apotheosis+1","hermit:RoundhouseKick","hermit:Dive+1","hermit:GhostlyPresence","hermit:GoldenBullet","hermit:CalledShot+1","hermit:Adapt+1","hermit:GoldenBullet+1","hermit:Glare+1","hermit:DeadOrAlive","hermit:RoundhouseKick","hermit:FlashPowder+1","hermit:Combo+1","hermit:Roulette","hermit:Reprieve","hermit:Scavenge","hermit:Showdown+1","hermit:FromBeyond","hermit:Determination+1","hermit:HighNoon","hermit:Gestalt+1","hermit:Combo+1","hermit:LuckOfTheDraw+1","hermit:HeroicBravado+1","hermit:FlashPowder+1","hermit:FullyLoaded+1","hermit:Adapt","hermit:EyeOfTheStorm+1","hermit:WideOpen","hermit:TakeAim","hermit:Gambit"],"relics":["Coffee Dripper","Torii","HornCleat","Happy Flower","Membership Card","Pen Nib","PreservedInsect","Black Star","Nloth\u0027s Gift","WingedGreaves","Ancient Tea Set","ReplayFunnel","Prayer Wheel","Bottled Tornado","Replay:Mystery Machine","Turnip","Vajra","Iron Hammer","Sling","Smiling Mask","Mummified Hand","Oddly Smooth Stone","Potion Belt","SlaversCollar","Lee\u0027s Waffle","Mango","hermit:Spyglass","Omamori","Incense Burner","Juzu Bracelet","Replay:Baseball","Unceasing Top","ReplayTheSpireMod:Lightbulb","Bottled Lightning","Gambling Chip"],"acts_visited":["Exordium","TheCity","TheBeyond"],"potions_floor_usage":[50],"damage_taken":[{"damage":0.0,"enemies":"Small Slimes","floor":1.0,"turns":3.0},{"damage":0.0,"enemies":"2 Louse","floor":5.0,"turns":1.0},{"damage":10.0,"enemies":"3 Sentries","floor":6.0,"turns":8.0},{"damage":11.0,"enemies":"Gremlin Nob","floor":8.0,"turns":3.0},{"damage":0.0,"enemies":"Jaw Worm","floor":10.0,"turns":2.0},{"damage":0.0,"enemies":"Lagavulin","floor":12.0,"turns":5.0},{"damage":1.0,"enemies":"Blue Slaver","floor":13.0,"turns":2.0},{"damage":0.0,"enemies":"Red Slaver","floor":14.0,"turns":3.0},{"damage":8.0,"enemies":"Fading Forest","floor":16.0,"turns":11.0},{"damage":0.0,"enemies":"Shell Parasite","floor":18.0,"turns":6.0},{"damage":0.0,"enemies":"2 Thieves","floor":19.0,"turns":1.0},{"damage":1.0,"enemies":"Centurion and Healer","floor":21.0,"turns":3.0},{"damage":0.0,"enemies":"Gremlin Leader","floor":23.0,"turns":5.0},{"damage":7.0,"enemies":"Replay:Snechameleon","floor":24.0,"turns":4.0},{"damage":0.0,"enemies":"Snake Plant","floor":25.0,"turns":2.0},{"damage":0.0,"enemies":"Slavers","floor":28.0,"turns":2.0},{"damage":0.0,"enemies":"Gremlin Leader","floor":30.0,"turns":2.0},{"damage":0.0,"enemies":"Book of Stabbing","floor":31.0,"turns":3.0},{"damage":0.0,"enemies":"Automaton","floor":33.0,"turns":7.0},{"damage":8.0,"enemies":"3 Shapes","floor":35.0,"turns":3.0},{"damage":37.0,"enemies":"3 Darklings","floor":36.0,"turns":6.0},{"damage":0.0,"enemies":"Spire Growth","floor":38.0,"turns":3.0},{"damage":0.0,"enemies":"Jaw Worm Horde","floor":39.0,"turns":3.0},{"damage":0.0,"enemies":"Giant Head","floor":40.0,"turns":5.0},{"damage":0,"enemies":"Reptomancer","floor":42,"turns":2},{"damage":15,"enemies":"Transient","floor":45,"turns":5},{"damage":0,"enemies":"R_Hoarder","floor":46,"turns":4},{"damage":0,"enemies":"Nemesis","floor":47,"turns":3},{"damage":1,"enemies":"Donu and Deca","floor":50,"turns":6}],"seed_played":"-3126260213512819280","potions_obtained":[{"floor":1.0,"key":"Block Potion"},{"floor":6.0,"key":"LiquidBronze"},{"floor":8.0,"key":"Strength Potion"},{"floor":21.0,"key":"Block Potion"},{"floor":24.0,"key":"Energy Potion"},{"floor":25.0,"key":"Swift Potion"},{"floor":28.0,"key":"Milkshake"},{"floor":30.0,"key":"Elixir"},{"floor":33.0,"key":"Milkshake"},{"floor":36.0,"key":"SkillPotion"},{"floor":47,"key":"SmokeBomb"}],"is_trial":false,"path_per_floor":["M","?","?","T","M","E","R","E","T","M","$","E","M","M","R_BF","B",null,"M","M","?","M","?","E","E","M","T","R","E","$","E","E","R","B",null,"M","M","$","M","M","E","R","E","T","R","M","E","E","?","R","B",null],"character_chosen":"HERMIT","items_purchased":["Membership Card","hermit:TakeAim+1","Pen Nib","Apotheosis","hermit:RoundhouseKick","hermit:Dive","Vajra","Iron Hammer","Sling","hermit:Scavenge","hermit:Showdown+1","Lee\u0027s Waffle","Mango","hermit:Spyglass"],"campfire_rested":0,"item_purchase_floors":[11,11,11,11,11,11,29,29,29,29,29,37,37,37],"current_hp_per_floor":[75,75,57,57,57,47,47,36,36,36,36,36,35,35,35,27,75,75,75,53,52,52,52,45,45,45,45,45,45,45,45,45,45,75,67,30,96,96,96,96,96,96,96,96,81,81,81,89,89,88],"gold":243,"neow_bonus":"BOSS_RELIC","is_daily":false,"chose_seed":false,"campfire_upgraded":6,"win_rate":0.0,"timestamp":1611461918,"path_taken":["M","?","?","?","M","E","R","E","T","M","$","E","M","M","R_BF","BOSS","M","M","?","M","?","E","E","?","T","R","E","?","E","E","R","BOSS","M","M","$","M","M","E","R","E","T","R","M","E","E","?","R","BOSS"],"items_purchased_type":["Relic","Card","Relic","Card","Card","Card","Relic","Relic","Relic","Card","Card","Relic","Relic","Relic"],"build_version":"2020-12-22","purchased_purges":2,"victory":true,"max_hp_per_floor":[75,75,75,75,75,75,75,75,75,75,75,75,75,75,75,75,75,75,75,75,75,75,75,75,75,75,75,75,75,75,75,75,75,75,75,75,96,96,96,96,96,96,96,96,96,96,96,89,89,89],"card_choices":[{"not_picked":["hermit:PistolWhip","hermit:Snipe"],"picked":"hermit:Cheat","floor":1.0},{"not_picked":["hermit:Glare","hermit:Desperado"],"picked":"hermit:GoldenBullet","floor":3.0},{"not_picked":["hermit:NoHoldsBarred","hermit:TakeCover"],"picked":"hermit:Dive","floor":5.0},{"not_picked":["hermit:NoHoldsBarred","hermit:Coalescence"],"picked":"hermit:ItchyTrigger","floor":6.0},{"not_picked":["hermit:BodyArmor","hermit:Ricochet"],"picked":"hermit:Headshot","floor":8.0},{"not_picked":["hermit:Manifest","hermit:LowProfile"],"picked":"hermit:Gambit","floor":10.0},{"not_picked":["hermit:Malice","hermit:Dive"],"picked":"hermit:GhostlyPresence","floor":12.0},{"not_picked":["hermit:CalledShot","hermit:LoneWolf"],"picked":"hermit:GoldenBullet","floor":13.0},{"not_picked":["hermit:SprayPray","hermit:ItchyTrigger"],"picked":"hermit:CalledShot","floor":14.0},{"not_picked":["hermit:FromBeyond","hermit:Gambit"],"picked":"hermit:Adapt","floor":16.0},{"not_picked":["hermit:NoHoldsBarred","hermit:Midnight+1"],"picked":"hermit:GoldenBullet+1","floor":18.0},{"not_picked":["hermit:Horror","hermit:Quickdraw"],"picked":"hermit:Glare","floor":19.0},{"not_picked":["hermit:Vantage","hermit:Misfire"],"picked":"hermit:DeadOrAlive","floor":21.0},{"not_picked":["hermit:Feint+1","hermit:Shortfuse"],"picked":"hermit:RoundhouseKick","floor":23.0},{"not_picked":["hermit:Deadeye","hermit:Magnum"],"picked":"hermit:FlashPowder","floor":24.0},{"not_picked":["hermit:Feint","hermit:ItchyTrigger"],"picked":"hermit:Combo+1","floor":25.0},{"not_picked":["hermit:Coalescence+1","hermit:Feint"],"picked":"hermit:Roulette","floor":25.0},{"not_picked":["hermit:LuckOfTheDraw","hermit:GhostlyPresence"],"picked":"hermit:Reprieve","floor":28.0},{"not_picked":["hermit:FatalDesire","hermit:Snipe"],"picked":"hermit:FromBeyond","floor":30.0},{"not_picked":["hermit:Midnight+1","hermit:Purgatory"],"picked":"hermit:Determination","floor":31.0},{"not_picked":["hermit:Gambit","hermit:RoundhouseKick"],"picked":"hermit:HighNoon","floor":33.0},{"not_picked":["hermit:ItchyTrigger","hermit:SprayPray+1"],"picked":"hermit:Gestalt+1","floor":35.0},{"not_picked":["hermit:HoleUp+1","hermit:SprayPray","hermit:Manifest+1"],"picked":"SKIP","floor":35.0},{"not_picked":["hermit:LuckOfTheDraw+1","hermit:FlashPowder"],"picked":"hermit:Combo+1","floor":36.0},{"not_picked":["hermit:Manifest","hermit:BigShot"],"picked":"hermit:LuckOfTheDraw+1","floor":36.0},{"not_picked":["hermit:Horror","hermit:EyeOfTheStorm"],"picked":"hermit:HeroicBravado","floor":38.0},{"not_picked":["hermit:Vantage+1","hermit:Desperado+1","hermit:Coalescence"],"picked":"SKIP","floor":38.0},{"not_picked":["hermit:Roulette","hermit:EternalForm"],"picked":"hermit:FlashPowder+1","floor":39.0},{"not_picked":["hermit:Coalescence+1","hermit:Vantage","hermit:Snipe+1"],"picked":"SKIP","floor":39.0},{"not_picked":["hermit:TakeAim+1","hermit:ItchyTrigger+1"],"picked":"hermit:FullyLoaded+1","floor":40.0},{"not_picked":["hermit:FromBeyond","hermit:Quickdraw"],"picked":"hermit:Adapt","floor":42},{"not_picked":["hermit:Horror+1","hermit:Enervate+1"],"picked":"hermit:EyeOfTheStorm","floor":45},{"not_picked":["hermit:Glare","hermit:LoneWolf"],"picked":"hermit:WideOpen","floor":45},{"not_picked":["hermit:Coalescence","hermit:FinalCanter"],"picked":"hermit:TakeAim","floor":46},{"not_picked":["hermit:Shortfuse","hermit:Snipe+1"],"picked":"hermit:Gambit","floor":47}],"player_experience":194901,"relics_obtained":[{"floor":4.0,"key":"Torii"},{"floor":6.0,"key":"Bag of Marbles"},{"floor":8.0,"key":"HornCleat"},{"floor":9.0,"key":"Happy Flower"},{"floor":12.0,"key":"PreservedInsect"},{"floor":23.0,"key":"WingedGreaves"},{"floor":23.0,"key":"Ancient Tea Set"},{"floor":24.0,"key":"ReplayFunnel"},{"floor":24.0,"key":"Prayer Wheel"},{"floor":26.0,"key":"Bottled Tornado"},{"floor":28.0,"key":"Replay:Mystery Machine"},{"floor":28.0,"key":"Turnip"},{"floor":30.0,"key":"Smiling Mask"},{"floor":30.0,"key":"Mummified Hand"},{"floor":31.0,"key":"Oddly Smooth Stone"},{"floor":31.0,"key":"Potion Belt"},{"floor":40.0,"key":"Omamori"},{"floor":40.0,"key":"Incense Burner"},{"floor":42,"key":"Juzu Bracelet"},{"floor":42,"key":"Replay:Baseball"},{"floor":43,"key":"Unceasing Top"},{"floor":46,"key":"ReplayTheSpireMod:Lightbulb"},{"floor":46,"key":"Bottled Lightning"},{"floor":47,"key":"Gambling Chip"}],"event_choices":[{"damage_healed":0.0,"max_hp_gain":0.0,"max_hp_loss":0.0,"gold_gain":0.0,"event_name":"Living Wall","player_choice":"Grow","floor":2.0,"gold_loss":0.0,"damage_taken":0.0,"cards_upgraded":["hermit:Cheat"]},{"damage_healed":0.0,"max_hp_gain":0.0,"max_hp_loss":0.0,"gold_gain":0.0,"event_name":"Accursed Blacksmith","player_choice":"Forge","floor":15.0,"gold_loss":0.0,"damage_taken":0.0,"cards_upgraded":["hermit:CalledShot"]},{"damage_healed":0.0,"max_hp_gain":0.0,"max_hp_loss":0.0,"gold_gain":0.0,"event_name":"N\u0027loth","player_choice":"Traded Relic","floor":22.0,"relics_lost":["Bag of Marbles"],"gold_loss":0.0,"damage_taken":0.0,"relics_obtained":["Nloth\u0027s Gift"]}],"is_beta":false,"boss_relics":[{"not_picked":["Painkiller Herb","Ectoplasm"],"picked":"Black Star"},{"not_picked":["Honey Jar","SacredBark"],"picked":"SlaversCollar"}],"items_purged_floors":[29,37],"is_endless":false,"potions_floor_spawned":[1,6,8,21,24,25,28,30,33,36,47],"ascension_level":2}}