{"host":"df48i9djcn92c5sx","time":1611467522,"event":{"mods":["Act Like it!","Arknights The Spire","BaseMod","Decade(王小明)","Downfall","Gensokyo","Marisa（F雨　魔理沙）","Minty Spire (QoL Compilation)","READ ME - Guardian Mod","READ ME - Snecko Mod","Reimu（博丽灵梦）","Remilia（蕾米莉亚）","Shop Mod","StSLib","The Jungle","The Servant 0.9.4"],"gold_per_floor":[99,112,131,144,161,161,210,210,210,210,222,246,34,34,34,34],"floor_reached":15,"language":"ZHS","playtime":653,"items_purged":["ats:Strike V"],"score":85,"play_id":"3736cf39-3228-40df-a578-e4b76fc533d9","local_time":"20210124135202","is_ascension_mode":false,"campfire_choices":[{"data":"ats:Armor Crushing Shot","floor":1,"key":"SMITH"},{"data":"ats:Charging Defense","floor":6,"key":"SMITH"},{"data":"ats:Ignite","floor":8,"key":"SMITH"},{"data":"ats:Ignite","floor":10,"key":"SMITH"}],"circlet_count":0,"master_deck":["ats:Strike G","ats:Strike S","ats:Armor Crushing Shot+1","ats:Defend","ats:Defend","ats:Defend","ats:Defend","ats:Emotion Absorption","ats:Hammer On","ats:Charging Defense+1","ats:Ignite+1","ats:Ignite+1","ats:Shadow Assault","ats:Guardian Obelisk","ats:Flame Of Heaven","ats:Apocalypse"],"relics":["ats:Sanity","Odd Mushroom","ScarletDevilRocket"],"acts_visited":["Exordium"],"potions_floor_usage":[11,13,13],"damage_taken":[{"damage":6,"enemies":"Cultist","floor":2,"turns":3},{"damage":1,"enemies":"Jaw Worm","floor":3,"turns":3},{"damage":5,"enemies":"Small Slimes","floor":4,"turns":3},{"damage":4,"enemies":"Blue Slaver","floor":5,"turns":4},{"damage":0,"enemies":"Lots of Slimes","floor":11,"turns":3},{"damage":10,"enemies":"The Mushroom Lair","floor":12,"turns":5},{"damage":10,"enemies":"downfall:FleeingMerchant","floor":13,"turns":4},{"damage":52,"enemies":"WA_ARCHETYPE_RETAIN","floor":15,"turns":6}],"seed_played":"8614035510888382547","potions_obtained":[{"floor":4,"key":"Fire Potion"},{"floor":5,"key":"DuplicationPotion"},{"floor":11,"key":"ColorlessPotion"}],"is_trial":false,"path_per_floor":["R","M","M","M","M","R","T","R","?","R","M","?","$","?","B"],"character_chosen":"DOCTOR_CLASS","items_purchased":["ats:Flame Of Heaven","ats:Apocalypse"],"campfire_rested":0,"item_purchase_floors":[13,13],"current_hp_per_floor":[79,73,72,67,63,63,63,63,63,63,63,53,43,40,0,0],"gold":34,"neow_bonus":"TEN_PERCENT_HP_BONUS","is_daily":false,"chose_seed":false,"campfire_upgraded":4,"win_rate":0.0,"timestamp":1611467522,"path_taken":["R","M","M","M","M","R","T","R","?","R","M","?","?","?","BOSS"],"items_purchased_type":["Card","Card"],"build_version":"2020-12-22","purchased_purges":1,"victory":false,"max_hp_per_floor":[79,79,79,79,79,79,79,79,79,79,79,79,79,79,79,79],"card_choices":[{"not_picked":["ats:Childhood Dance","ats:Defend Order"],"picked":"ats:Hammer On","floor":2},{"not_picked":["ats:Red Shift","ats:Poison Spread"],"picked":"ats:Charging Defense","floor":3},{"not_picked":["ats:Defend Order","ats:Leaping Hammer"],"picked":"ats:Ignite","floor":4},{"not_picked":["ats:Blood Oath","ats:Steam Pump"],"picked":"ats:Ignite","floor":5},{"not_picked":["ats:Sashimi Platter","ats:Closed Bolt Burst Fire"],"picked":"ats:Shadow Assault","floor":11},{"not_picked":["ats:Counter Healing Mode","ats:Spore Proliferation"],"picked":"ats:Guardian Obelisk","floor":12},{"not_picked":["ats:Hammer On","ats:Leaping Hammer","ats:Closed Bolt Burst Fire"],"picked":"SKIP","floor":13}],"player_experience":1460319,"relics_obtained":[{"floor":12,"key":"Odd Mushroom"}],"event_choices":[{"damage_healed":0,"gold_gain":0,"player_choice":"Fought Mushrooms","damage_taken":0,"max_hp_gain":0,"max_hp_loss":0,"event_name":"Mushrooms","floor":12,"gold_loss":0},{"damage_healed":0,"gold_gain":0,"player_choice":"Success","damage_taken":3,"relics_obtained":["ScarletDevilRocket"],"max_hp_gain":0,"max_hp_loss":0,"event_name":"Scrap Ooze","floor":14,"gold_loss":0}],"is_beta":false,"boss_relics":[],"items_purged_floors":[13],"is_endless":false,"potions_floor_spawned":[4,5,11],"killed_by":"WA_ARCHETYPE_RETAIN","ascension_level":0}}