{"host":"v3mpq6flurzldi5g","time":1611515720,"event":{"mods":["AchievementEnabler","BaseMod","Colored Powertips","Highlight Path","Minty Spire (QoL Compilation)","StSLib"],"gold_per_floor":[116,126,137,137,149,149,165,198,498,532,378,378,68,79,79,182,232,242,252,252,252,32,32,60,60,84,115,130,141,141,156,156,261,261,272,272,42,42,62,62,78,15,15,31,31,58,58,158,158,158],"floor_reached":51,"language":"ENG","playtime":2023,"items_purged":["Strike_B","Strike_B","Strike_B"],"score":1199,"play_id":"f49f39e4-e913-4812-9b2a-42e553837a64","local_time":"20210124141520","is_ascension_mode":true,"campfire_choices":[{"floor":6.0,"key":"REST"},{"floor":12.0,"key":"REST"},{"floor":15.0,"key":"REST"},{"floor":23.0,"key":"REST"},{"data":"Defragment","floor":25.0,"key":"SMITH"},{"floor":30,"key":"REST"},{"data":"Defragment","floor":32,"key":"SMITH"},{"data":"Loop","floor":40,"key":"SMITH"},{"floor":45,"key":"REST"},{"data":"Loop","floor":47,"key":"SMITH"},{"data":"Loop","floor":49,"key":"SMITH"}],"circlet_count":0,"master_deck":["AscendersBane","Strike_B","Defend_B","Defend_B","Defend_B+1","Defend_B","Zap","Chaos","Cold Snap","Leap","Doom and Gloom","Leap","Defragment+1","Defragment+1","Loop+1","Electrodynamics","Compile Driver","Ball Lightning","Rainbow","Glacier","Loop+1","Chaos+1","Rainbow","Barrage","Loop+1","Lockon+1","White Noise+1"],"relics":["Cracked Core","PreservedInsect","Mummified Hand","StrikeDummy","Old Coin","Torii","Emotion Chip","Tiny House","DataDisk","Membership Card","Centennial Puzzle","Happy Flower","HornCleat","SlaversCollar","MealTicket","White Beast Statue","Incense Burner","Darkstone Periapt"],"acts_visited":["Exordium","TheCity","TheBeyond"],"potions_floor_usage":[27,31,33,39,41,46,46,50],"damage_taken":[{"damage":5.0,"enemies":"Cultist","floor":1.0,"turns":4.0},{"damage":2.0,"enemies":"Jaw Worm","floor":2.0,"turns":4.0},{"damage":8.0,"enemies":"Small Slimes","floor":3.0,"turns":3.0},{"damage":11.0,"enemies":"Blue Slaver","floor":5.0,"turns":5.0},{"damage":10.0,"enemies":"Exordium Wildlife","floor":7.0,"turns":3.0},{"damage":19.0,"enemies":"Lagavulin","floor":8.0,"turns":6.0},{"damage":11.0,"enemies":"3 Sentries","floor":10.0,"turns":4.0},{"damage":0.0,"enemies":"2 Fungi Beasts","floor":14.0,"turns":2.0},{"damage":45.0,"enemies":"The Guardian","floor":16.0,"turns":15.0},{"damage":2.0,"enemies":"Chosen","floor":18.0,"turns":5.0},{"damage":18.0,"enemies":"Spheric Guardian","floor":19.0,"turns":4.0},{"damage":15.0,"enemies":"Gremlin Leader","floor":24.0,"turns":5.0},{"damage":12,"enemies":"Slavers","floor":27,"turns":4},{"damage":0,"enemies":"Chosen and Byrds","floor":28,"turns":4},{"damage":0,"enemies":"Snecko","floor":29,"turns":3},{"damage":7,"enemies":"Snake Plant","floor":31,"turns":4},{"damage":52,"enemies":"Champ","floor":33,"turns":8},{"damage":12,"enemies":"3 Shapes","floor":35,"turns":3},{"damage":0,"enemies":"Orb Walker","floor":39,"turns":3},{"damage":8,"enemies":"Transient","floor":41,"turns":5},{"damage":7,"enemies":"Spire Growth","floor":44,"turns":5},{"damage":0,"enemies":"Giant Head","floor":46,"turns":6},{"damage":30,"enemies":"Awakened One","floor":50,"turns":7}],"seed_played":"8190466160090548084","potions_obtained":[{"floor":3.0,"key":"Regen Potion"},{"floor":8.0,"key":"FocusPotion"},{"floor":14.0,"key":"Strength Potion"},{"floor":17.0,"key":"BlessingOfTheForge"},{"floor":29,"key":"Energy Potion"},{"floor":31,"key":"Weak Potion"},{"floor":35,"key":"DistilledChaos"},{"floor":39,"key":"Block Potion"},{"floor":41,"key":"FocusPotion"},{"floor":44,"key":"DistilledChaos"},{"floor":46,"key":"Ancient Potion"}],"is_trial":false,"path_per_floor":["M","M","M","?","M","R","M","E","T","E","$","R","$","M","R","B",null,"M","M","?","?","$","R","E","R","T","E","M","M","R","M","R","B",null,"M","?","$","?","M","R","M","$","T","M","R","E","R","?","R","B",null],"character_chosen":"DEFECT","items_purchased":["Defragment","Emotion Chip","Membership Card","Glacier","MealTicket","White Beast Statue","Loop"],"campfire_rested":6,"item_purchase_floors":[11,13,22,22,37,37,37],"current_hp_per_floor":[63,61,53,53,42,64,54,35,35,24,24,46,46,46,68,23,67,65,47,47,47,47,71,56,56,56,44,44,44,68,61,61,9,62,50,50,50,50,50,50,42,57,57,50,74,74,74,74,74,44],"gold":158,"neow_bonus":"RANDOM_COMMON_RELIC","is_daily":false,"chose_seed":false,"campfire_upgraded":5,"win_rate":0.0,"timestamp":1611515720,"path_taken":["M","?","M","?","M","R","M","E","T","E","$","R","$","M","R","BOSS","M","?","?","?","?","R","E","R","T","E","M","?","R","M","R","BOSS","M","?","$","?","M","R","M","$","T","M","R","E","R","?","R","BOSS"],"items_purchased_type":["Card","Relic","Relic","Card","Relic","Relic","Card"],"build_version":"2020-12-22","purchased_purges":3,"victory":true,"max_hp_per_floor":[75,75,75,75,75,75,75,75,75,75,75,75,75,75,75,75,80,80,80,80,80,80,80,80,80,80,80,80,80,80,80,80,80,80,80,80,80,80,80,80,80,80,80,80,80,80,80,80,80,80],"card_choices":[{"not_picked":["Stack","Compile Driver"],"picked":"Chaos","floor":1.0},{"not_picked":["Hello World","Streamline"],"picked":"Cold Snap","floor":2.0},{"not_picked":["Stack","Rebound"],"picked":"Leap","floor":3.0},{"not_picked":["Aggregate","Steam","Hyperbeam"],"picked":"SKIP","floor":5.0},{"not_picked":["Ball Lightning","Force Field"],"picked":"Doom and Gloom","floor":7.0},{"not_picked":["Turbo","Conserve Battery"],"picked":"Leap","floor":8.0},{"not_picked":["Gash","Amplify"],"picked":"Defragment","floor":10.0},{"not_picked":["Gash","Barrage"],"picked":"Loop","floor":14.0},{"not_picked":["Creative AI","Machine Learning"],"picked":"Electrodynamics","floor":16.0},{"not_picked":["Stack","Streamline"],"picked":"Compile Driver","floor":17.0},{"not_picked":["Chaos","Recycle"],"picked":"Ball Lightning","floor":18.0},{"not_picked":["Beam Cell","Auto Shields"],"picked":"Rainbow","floor":19.0},{"not_picked":["Glacier","Streamline","Sweeping Beam+1"],"picked":"SKIP","floor":24.0},{"not_picked":["Rainbow","Conserve Battery"],"picked":"Loop","floor":27},{"not_picked":["Reprogram","Rip and Tear+1","Conserve Battery"],"picked":"SKIP","floor":28},{"not_picked":["Beam Cell","Rebound","Turbo"],"picked":"SKIP","floor":29},{"not_picked":["Streamline","Conserve Battery"],"picked":"Chaos+1","floor":31},{"not_picked":["Meteor Strike","Multi-Cast"],"picked":"Rainbow","floor":33},{"not_picked":["Auto Shields","Turbo+1"],"picked":"Barrage","floor":35},{"not_picked":["Self Repair","Chaos"],"picked":"Lockon+1","floor":39},{"not_picked":["Hologram+1","Sweeping Beam+1","Reprogram+1"],"picked":"SKIP","floor":41},{"not_picked":["Hologram+1","Barrage+1","Conserve Battery"],"picked":"SKIP","floor":44},{"not_picked":["Hologram","Gash"],"picked":"White Noise+1","floor":46}],"player_experience":1031809,"relics_obtained":[{"floor":8.0,"key":"StrikeDummy"},{"floor":9.0,"key":"Old Coin"},{"floor":10.0,"key":"Torii"},{"floor":24.0,"key":"Centennial Puzzle"},{"floor":26.0,"key":"Happy Flower"},{"floor":27,"key":"HornCleat"},{"floor":43,"key":"Incense Burner"},{"floor":46,"key":"Darkstone Periapt"}],"event_choices":[{"damage_healed":0.0,"max_hp_gain":0.0,"max_hp_loss":0.0,"gold_gain":0.0,"event_name":"WeMeetAgain","player_choice":"Gave Potion","floor":4.0,"gold_loss":0.0,"damage_taken":0.0,"relics_obtained":["Mummified Hand"]},{"damage_healed":0.0,"max_hp_gain":0.0,"max_hp_loss":0.0,"gold_gain":0.0,"event_name":"The Mausoleum","player_choice":"Opened","floor":20.0,"gold_loss":0.0,"damage_taken":0.0,"relics_obtained":["DataDisk"]},{"damage_healed":0.0,"max_hp_gain":0.0,"max_hp_loss":0.0,"gold_gain":0.0,"event_name":"Vampires","player_choice":"Ignored","floor":21.0,"gold_loss":0.0,"damage_taken":0.0},{"damage_healed":0,"gold_gain":0,"player_choice":"Ignored","damage_taken":0,"max_hp_gain":0,"max_hp_loss":0,"event_name":"Tomb of Lord Red Mask","floor":36,"gold_loss":0},{"cards_removed":["Dualcast"],"damage_healed":0,"gold_gain":0,"player_choice":"Removed Skill","damage_taken":0,"max_hp_gain":0,"max_hp_loss":0,"event_name":"Falling","floor":38,"gold_loss":0},{"damage_healed":0,"gold_gain":100,"player_choice":"Pray","damage_taken":0,"max_hp_gain":0,"max_hp_loss":0,"event_name":"Golden Shrine","floor":48,"gold_loss":0}],"is_beta":false,"boss_relics":[{"not_picked":["Pandora\u0027s Box","Runic Pyramid"],"picked":"Tiny House"},{"not_picked":["Velvet Choker","Runic Dome"],"picked":"SlaversCollar"}],"items_purged_floors":[11,22,42],"is_endless":false,"potions_floor_spawned":[3,8,14,18,29,31,35,39,41,44,46],"ascension_level":11}}