{"host":"4mwxwqvoirj3cq7x","time":1611492678,"event":{"mods":["BaseMod","Downfall","Minty Spire (QoL Compilation)","Quick Restart","StSLib","The Marked"],"gold_per_floor":[99,114,114,114,49,149,228,240,240,30,30,30,44,63,78,175,175,175,190,290,290,34,64,132,67,67,83,83,83,100,172,191,293,293,93,112,129,140,155,169,193,193,193,193],"floor_reached":42,"language":"ZHS","playtime":1867,"items_purged":["Regret","bronze:Strike","bronze:Strike"],"score":542,"play_id":"2208d8ec-c124-42de-80db-9eaa9748f4ea","local_time":"20210124205118","is_ascension_mode":true,"campfire_choices":[{"data":"bronze:Replicate","floor":1.0,"key":"SMITH"},{"data":"bronze:DigitalCarnage","floor":9.0,"key":"SMITH"},{"floor":12.0,"key":"REST"},{"floor":18.0,"key":"RECALL"},{"floor":26.0,"key":"REST"},{"data":"bronze:DonuBeam","floor":35.0,"key":"SMITH"}],"circlet_count":0,"master_deck":["bronze:Defend","bronze:Defend","bronze:Defend","bronze:Defend","bronze:Replicate+1","bronze:Goto","bronze:ThunderWave","bronze:DelayedGuard","bronze:DigitalCarnage+1","bronze:DazingPulse","bronze:Explode","bronze:DelayedSlice","bronze:Hardcode","bronze:Iterate","bronze:Branch","bronze:GetLatest","bronze:Repulsor","bronze:Invalidate","bronze:ShipIt","bronze:DonuBeam+1","bronze:Boost","bronze:CleanCode","bronze:Frontload+1","Parasite"],"relics":["bronze:BronzeCore","Smiling Mask","Gremlin Horn","Toolbox","Black Star","Singing Bowl","Nunchaku","Darkstone Periapt","Bottled Tornado","Bird Faced Urn","Runic Dome","downfall:HeartBlessingRed","downfall:HeartBlessingBlue","Regal Pillow"],"acts_visited":["Exordium","TheCity","TheBeyond"],"potions_floor_usage":[],"damage_taken":[{"damage":4.0,"enemies":"2 Louse","floor":2.0,"turns":3.0},{"damage":9.0,"enemies":"2 Louse","floor":4.0,"turns":3.0},{"damage":7.0,"enemies":"downfall:FleeingMerchant","floor":5.0,"turns":4.0},{"damage":2.0,"enemies":"Jaw Worm","floor":8.0,"turns":3.0},{"damage":4.0,"enemies":"downfall:FleeingMerchant","floor":10.0,"turns":4.0},{"damage":0.0,"enemies":"Small Slimes","floor":13.0,"turns":1.0},{"damage":0.0,"enemies":"Blue Slaver","floor":14.0,"turns":2.0},{"damage":8.0,"enemies":"Exordium Wildlife","floor":15.0,"turns":2.0},{"damage":19.0,"enemies":"IC_STATUS_ARCHETYPE","floor":16.0,"turns":6.0},{"damage":0.0,"enemies":"Spheric Guardian","floor":19.0,"turns":1.0},{"damage":16.0,"enemies":"Spheric Guardian","floor":20.0,"turns":5.0},{"damage":7.0,"enemies":"downfall:FleeingMerchant","floor":22.0,"turns":4.0},{"damage":40.0,"enemies":"Gremlin Leader","floor":23.0,"turns":6.0},{"damage":1.0,"enemies":"downfall:FleeingMerchant","floor":25.0,"turns":4.0},{"damage":0.0,"enemies":"3 Byrds","floor":27.0,"turns":2.0},{"damage":6.0,"enemies":"downfall:FleeingMerchant","floor":30.0,"turns":4.0},{"damage":0.0,"enemies":"Snake Plant","floor":32.0,"turns":2.0},{"damage":35.0,"enemies":"SI_MIRROR_ARCHETYPE","floor":33.0,"turns":7.0},{"damage":7.0,"enemies":"Orb Walker","floor":36.0,"turns":2.0},{"damage":0.0,"enemies":"3 Darklings","floor":37.0,"turns":1.0},{"damage":7.0,"enemies":"4 Shapes","floor":38.0,"turns":6.0},{"damage":17.0,"enemies":"Writhing Mass","floor":39.0,"turns":5.0},{"damage":20.0,"enemies":"Spire Growth","floor":40.0,"turns":3.0},{"damage":73,"enemies":"Giant Head","floor":42,"turns":6}],"seed_played":"2718224686937251018","potions_obtained":[{"floor":2.0,"key":"Fruit Juice"},{"floor":4.0,"key":"FearPotion"},{"floor":8.0,"key":"Explosive Potion"},{"floor":15.0,"key":"BlessingOfTheForge"},{"floor":19.0,"key":"Block Potion"},{"floor":21.0,"key":"CultistPotion"},{"floor":32.0,"key":"Ancient Potion"},{"floor":37.0,"key":"Fire Potion"},{"floor":38.0,"key":"Guardian:BlockOnCardUsePotion"}],"is_trial":false,"path_per_floor":["R","M","?","?","$","?","T","M","R","$","?","R","M","M","M","B",null,"R","M","?","?","$","E","T","$","R","M","?","?","$","T","M","B",null,"R","M","M","M","M","M","T","E"],"character_chosen":"THE_AUTOMATON","items_purchased":["Toolbox","bronze:GetLatest","Singing Bowl","Bird Faced Urn"],"campfire_rested":2,"item_purchase_floors":[10,10,22,30],"current_hp_per_floor":[49,50,50,41,34,34,34,32,32,28,28,50,50,50,42,23,75,75,75,59,59,52,14,14,15,38,40,40,40,36,36,38,5,85,95,90,90,87,82,66,66,0,0,0],"gold":193,"neow_bonus":"TRANSFORM_TWO_CARDS","is_daily":false,"chose_seed":false,"campfire_upgraded":3,"win_rate":0.0,"timestamp":1611492678,"path_taken":["R","M","?","?","$","?","T","M","R","$","?","R","?","M","M","BOSS","R","M","?","?","$","E","T","?","R","?","?","?","$","?","M","BOSS","R","M","?","M","M","M","T","E"],"items_purchased_type":["Relic","Card","Relic","Relic"],"build_version":"2020-12-22","purchased_purges":3,"victory":false,"max_hp_per_floor":[70,75,75,75,75,75,75,75,75,75,75,75,75,75,75,75,75,75,75,75,75,75,77,77,79,79,81,81,81,83,83,85,85,85,95,97,97,99,107,109,109,109,109,109],"card_choices":[{"not_picked":["bronze:Overload","bronze:Shield"],"picked":"bronze:DigitalCarnage","floor":2.0},{"not_picked":[],"picked":"bronze:DazingPulse","floor":4.0},{"not_picked":[],"picked":"bronze:Explode","floor":4.0},{"not_picked":["bronze:Backtrace","bronze:Allocate"],"picked":"bronze:DelayedSlice","floor":4.0},{"not_picked":["bronze:Philosophize","bronze:DelayedSlice"],"picked":"bronze:Hardcode","floor":5.0},{"not_picked":["bronze:DigitalCarnage","bronze:BitShift"],"picked":"bronze:Iterate","floor":8.0},{"not_picked":["bronze:AlphaBuild","bronze:ClassDefault"],"picked":"bronze:Branch","floor":10.0},{"not_picked":["bronze:OilSpill","bronze:FineTuning","bronze:DelayedGuard"],"picked":"SKIP","floor":13.0},{"not_picked":["bronze:Shell","bronze:Shield"],"picked":"bronze:Repulsor","floor":14.0},{"not_picked":["bronze:CutThrough","bronze:OilSpill"],"picked":"bronze:Invalidate","floor":15.0},{"not_picked":["bronze:Format","bronze:FindAndReplace"],"picked":"bronze:ShipIt","floor":16.0},{"not_picked":["bronze:BronzeArmor+1","bronze:Flail","bronze:Shell"],"picked":"SKIP","floor":19.0},{"not_picked":[],"picked":"bronze:DonuBeam","floor":20.0},{"not_picked":["bronze:HardenedForm","bronze:Deprecate"],"picked":"bronze:Boost","floor":22.0},{"not_picked":["bronze:Invalidate","bronze:Deprecate","bronze:CutThrough"],"picked":"Singing Bowl","floor":23.0},{"not_picked":["bronze:Terminator","bronze:Constructor","bronze:CloningBeam"],"picked":"Singing Bowl","floor":25.0},{"not_picked":["bronze:Return","bronze:Overheat","bronze:FineTuning+1"],"picked":"Singing Bowl","floor":27.0},{"not_picked":["bronze:DelayedGuard","bronze:FineTuning","bronze:Allocate"],"picked":"Singing Bowl","floor":30.0},{"not_picked":["bronze:Iterate","bronze:Return","bronze:Invalidate+1"],"picked":"Singing Bowl","floor":32.0},{"not_picked":["bronze:InfiniteLoop","bronze:ThunderWave"],"picked":"bronze:CleanCode","floor":33.0},{"not_picked":["bronze:Branch+1","bronze:WildBeam","bronze:Repair"],"picked":"Singing Bowl","floor":36.0},{"not_picked":["bronze:BugBarrage+1","bronze:Turbo+1"],"picked":"bronze:Frontload+1","floor":37.0},{"not_picked":["bronze:BitShift","bronze:DigitalCarnage+1","bronze:DelayedSlice"],"picked":"Singing Bowl","floor":38.0},{"not_picked":["bronze:ForLoop+1","bronze:Overload","bronze:Invalidate"],"picked":"Singing Bowl","floor":39.0},{"not_picked":["bronze:ForceShield+1","bronze:Branch+1","bronze:BugBarrage+1"],"picked":"Singing Bowl","floor":40.0}],"player_experience":620666,"relics_obtained":[{"floor":7.0,"key":"Gremlin Horn"},{"floor":23.0,"key":"Nunchaku"},{"floor":23.0,"key":"Darkstone Periapt"},{"floor":24.0,"key":"Bottled Tornado"},{"floor":41.0,"key":"Regal Pillow"}],"event_choices":[{"damage_healed":0.0,"max_hp_gain":0.0,"max_hp_loss":0.0,"gold_gain":0.0,"event_name":"Big Fish","player_choice":"Box","floor":3.0,"gold_loss":0.0,"damage_taken":0.0,"relics_obtained":["Smiling Mask"],"cards_obtained":["Regret"]},{"damage_healed":0.0,"max_hp_gain":0.0,"max_hp_loss":0.0,"gold_gain":0.0,"event_name":"Ghosts","player_choice":"Ignored","floor":29.0,"gold_loss":0.0,"damage_taken":0.0}],"is_beta":false,"boss_relics":[{"not_picked":["Coffee Dripper","bronze:MakeshiftBattery"],"picked":"Black Star"},{"not_picked":["Fusion Hammer","Philosopher\u0027s Stone"],"picked":"Runic Dome"}],"items_purged_floors":[5,25,30],"is_endless":false,"potions_floor_spawned":[2,4,8,15,19,20,32,37,38],"killed_by":"Giant Head","ascension_level":3}}