{"host":"shb6fs4xkmgx64v4","time":1611516176,"event":{"mods":["AchievementEnabler","BaseMod","Colored Map","Downfall","Minty Spire (QoL Compilation)","StSLib"],"gold_per_floor":[0,19,169,169,181,195,195,95,109,109,109,140,140,50,64,64,64,64],"floor_reached":16,"language":"ENG","playtime":1520,"items_purged":["downfall:Icky"],"score":100,"play_id":"6c8fe8f9-f513-4dcf-93f3-536b411ff77e","local_time":"20210124142256","is_ascension_mode":false,"campfire_choices":[{"floor":1.0,"key":"RECALL"},{"data":"sneckomod:TailWhip","floor":8.0,"key":"SMITH"},{"floor":13.0,"key":"REST"}],"circlet_count":0,"master_deck":["sneckomod:Strike","sneckomod:Strike","sneckomod:Strike","sneckomod:Defend","sneckomod:Defend","sneckomod:Defend","sneckomod:TailWhip+1","sneckomod:SnekBite","sneckomod:Unknown","sneckomod:Unknown","sneckomod:UnknownVulnerable","sneckomod:SnekBite","sneckomod:DiceBlock","sneckomod:UnknownDraw","sneckomod:QuickMove+1","sneckomod:SnakeSap","sneckomod:UnknownBlock","sneckomod:Transmogrify"],"relics":["sneckomod:SneckoSoul","CaptainsWheel","Matryoshka","downfall:HeartBlessingRed","Pen Nib","InkBottle"],"acts_visited":["Exordium"],"potions_floor_usage":[16,16],"damage_taken":[{"damage":0.0,"enemies":"Jaw Worm","floor":2.0,"turns":4.0},{"damage":5.0,"enemies":"Small Slimes","floor":5.0,"turns":3.0},{"damage":0.0,"enemies":"Cultist","floor":6.0,"turns":3.0},{"damage":6.0,"enemies":"Exordium Thugs","floor":9.0,"turns":5.0},{"damage":13.0,"enemies":"3 Sentries","floor":12.0,"turns":5.0},{"damage":5.0,"enemies":"downfall:FleeingMerchant","floor":14.0,"turns":4.0},{"damage":0,"enemies":"Large Slime","floor":15,"turns":4},{"damage":94,"enemies":"SI_SHIV_ARCHETYPE","floor":16,"turns":13}],"seed_played":"-3195734901378110303","potions_obtained":[{"floor":5.0,"key":"SpeedPotion"},{"floor":9.0,"key":"Energy Potion"},{"floor":15,"key":"ColorlessPotion"}],"is_trial":false,"path_per_floor":["R","M","?","?","M","M","T","R","M","T","?","E","R","$","M","B"],"character_chosen":"THE_SNECKO","items_purchased":[],"campfire_rested":1,"item_purchase_floors":[],"current_hp_per_floor":[90,90,90,90,85,85,85,85,79,79,79,66,90,85,85,0,0,0],"gold":64,"neow_bonus":"ONE_RARE_RELIC","is_daily":false,"chose_seed":false,"campfire_upgraded":1,"win_rate":0.0,"timestamp":1611516176,"path_taken":["R","M","?","?","M","?","T","R","M","?","?","E","R","$","M","BOSS"],"items_purchased_type":[],"build_version":"2020-12-22","purchased_purges":1,"victory":false,"max_hp_per_floor":[90,90,90,90,90,90,90,90,90,90,90,90,90,90,90,90,90,90],"card_choices":[{"not_picked":["sneckomod:Nope","sneckomod:SoulRoll"],"picked":"sneckomod:UnknownVulnerable","floor":2.0},{"not_picked":["sneckomod:Nope","sneckomod:SoulCleanse"],"picked":"sneckomod:DiceBlock","floor":5.0},{"not_picked":["sneckomod:UnknownStrike","sneckomod:UnknownCommonSkill"],"picked":"sneckomod:UnknownDraw","floor":6.0},{"not_picked":["sneckomod:SoulDraw","sneckomod:DiceBoulder"],"picked":"sneckomod:QuickMove","floor":9.0},{"not_picked":["sneckomod:UnknownColorless","sneckomod:UnknownDraw"],"picked":"sneckomod:SnakeSap","floor":12.0},{"not_picked":["sneckomod:Unknown1Cost","sneckomod:UnknownClassBLUE"],"picked":"sneckomod:UnknownBlock","floor":14},{"not_picked":["sneckomod:UnknownWeak","sneckomod:Unknown2Cost"],"picked":"sneckomod:Transmogrify","floor":15}],"player_experience":279781,"relics_obtained":[{"floor":7.0,"key":"Matryoshka"},{"floor":10.0,"key":"Pen Nib"},{"floor":10.0,"key":"Mercury Hourglass"},{"floor":12.0,"key":"InkBottle"}],"event_choices":[],"is_beta":false,"boss_relics":[],"items_purged_floors":[14],"is_endless":false,"potions_floor_spawned":[5,9,15],"killed_by":"SI_SHIV_ARCHETYPE","ascension_level":0}}