{"host":"zghbuvjjzzk6yre0","time":1611513783,"event":{"mods":["2.2 Compatiblity","AchievementEnabler","Act Like it!","Aspiration","BaseMod","Bestiary","Card Forge","Colored Powertips","Conspire","Curses Come First","Custom Start","Downfall","Halation","Hubris","Minty Spire (QoL Compilation)","Q\u0027s Relics","Quick Restart","Reorder Act Four","Replay The Spire","StSLib","Strawberry Spire","Synergy Search","vexMod"],"gold_per_floor":[124,135,154,164,179,18,68,53,66,78,141,157,183,196,206,301,301,301,312,329,329,329,429,484,484,495,505,518,438,449,283,300,395,395,395,408,548,398,411,424,424,443,460,475,37,49,49,49,49],"floor_reached":47,"language":"ENG","playtime":4696,"items_purged":[],"score":641,"play_id":"a68805a7-7e8c-45c9-8626-bd34618bf0ef","local_time":"20210124194303","is_ascension_mode":false,"campfire_choices":[{"floor":18.0,"key":"RECALL"},{"floor":25.0,"key":"REST"},{"data":"hexamod:TimeOfNeed","floor":35.0,"key":"SMITH"}],"circlet_count":0,"master_deck":["hexamod:Strike+1","hexamod:Strike+1","hexamod:Strike+1","hexamod:Strike+1","hexamod:Defend+1","hexamod:Defend+1","hexamod:Defend+1","hexamod:Defend+1","hexamod:Sear+1","hexamod:Float+1","hexamod:SoulSteal+1","hexamod:BurningTouch+1","hexamod:ExtraCrispy+1","hexamod:StepThrough+1","hexamod:TimeOfNeed+1","hexamod:BurningTouch+1","hexamod:SpectersWail+1","hexamod:SoulSteal+1","hexamod:DynamicBlow+1","hexamod:GhostOfSpirePresent+1","hexamod:SpectersWail+1","hexamod:VolcanoVisage+1","CurseOfTheBell","hexamod:Firestarter+1","hexamod:ThermalTransfer+1","hexamod:SoulSteal+1","hexamod:ThermalTransfer+1","hexamod:HeatMetal+1","hexamod:SoulSteal+1","hexamod:WildfireWeapon+1","hexamod:EmpoweredFlame+1","hexamod:TimeOfNeed+1","hexamod:Firestarter+1","hexamod:ThermalTransfer+1","hexamod:SpectersWail+1","Parasite","hexamod:PhantomFireball+1","hexamod:HexaLevel+1","hexamod:FirstSeal","hexamod:DynamicBlow+1"],"relics":["hexamod:SpiritBrand","Hammer of Thor","Seething Fire","Anvil of the Gods","hubris:MedicalManual","HandDrill","QRelics:CapacitorSymbiont","QRelics:JumpingSpider","Calling Bell","Happy Flower","QRelics:MetalCrocodile","Gambling Chip","hubris:Towel","halation:EternalFortune","Calipers","QRelics:OgrePowerGlove","Oddly Smooth Stone","strawberrySpire:TannedGloves","Eternal Feather","Replay:WaspNest","ChewingGum","strawberrySpire:StillNotAdequateHouse","QRelics:BirthdayCake","conspire:GlowingRock"],"acts_visited":["Exordium","TheCity","TheBeyond"],"potions_floor_usage":[46,46],"damage_taken":[{"damage":0.0,"enemies":"Small Slimes","floor":2.0,"turns":3.0},{"damage":0.0,"enemies":"conspire:RoseBush","floor":3.0,"turns":3.0},{"damage":0.0,"enemies":"2 Louse","floor":4.0,"turns":2.0},{"damage":7.0,"enemies":"2 Fungi Beasts","floor":5.0,"turns":4.0},{"damage":5.0,"enemies":"downfall:FleeingMerchant","floor":6.0,"turns":4.0},{"damage":10.0,"enemies":"downfall:FleeingMerchant","floor":8.0,"turns":4.0},{"damage":4.0,"enemies":"Large Slime","floor":9.0,"turns":3.0},{"damage":7.0,"enemies":"Blue Slaver","floor":10.0,"turns":2.0},{"damage":5.0,"enemies":"Gremlin Nob","floor":11.0,"turns":3.0},{"damage":0.0,"enemies":"conspire:2 RoseBushes","floor":12.0,"turns":5.0},{"damage":8.0,"enemies":"3 Sentries","floor":13.0,"turns":5.0},{"damage":0.0,"enemies":"2 Fungi Beasts","floor":14.0,"turns":3.0},{"damage":16.0,"enemies":"Large Slime","floor":15.0,"turns":3.0},{"damage":0.0,"enemies":"WA_ARCHETYPE_RETAIN","floor":16.0,"turns":4.0},{"damage":15.0,"enemies":"3 Byrds","floor":19.0,"turns":3.0},{"damage":18.0,"enemies":"conspire:FuzzyDice","floor":20.0,"turns":3.0},{"damage":0.0,"enemies":"Colosseum Nobs","floor":23.0,"turns":3.0},{"damage":16.0,"enemies":"3 Cultists","floor":26.0,"turns":4.0},{"damage":15.0,"enemies":"Snake Plant","floor":27.0,"turns":4.0},{"damage":3.0,"enemies":"Snecko","floor":28.0,"turns":3.0},{"damage":0.0,"enemies":"Centurion and Healer","floor":30.0,"turns":3.0},{"damage":0.0,"enemies":"downfall:FleeingMerchant","floor":31.0,"turns":4.0},{"damage":26.0,"enemies":"conspire:HollyBat","floor":32.0,"turns":9.0},{"damage":42.0,"enemies":"SI_MIRROR_ARCHETYPE","floor":33.0,"turns":6.0},{"damage":5.0,"enemies":"3 Darklings","floor":36.0,"turns":3.0},{"damage":25.0,"enemies":"3 Darklings","floor":37.0,"turns":5.0},{"damage":25.0,"enemies":"3 Shapes","floor":39.0,"turns":3.0},{"damage":27.0,"enemies":"Maw","floor":40.0,"turns":7.0},{"damage":0.0,"enemies":"4 Shapes","floor":42.0,"turns":4.0},{"damage":9.0,"enemies":"Writhing Mass","floor":43.0,"turns":4.0},{"damage":28.0,"enemies":"Maw","floor":44.0,"turns":7.0},{"damage":16,"enemies":"Sphere and 2 Shapes","floor":46,"turns":5},{"damage":21,"enemies":"4 Shapes","floor":47,"turns":3}],"seed_played":"207277880544319244","potions_obtained":[{"floor":2.0,"key":"Explosive Potion"},{"floor":3.0,"key":"Adrenaline Potion"},{"floor":4.0,"key":"hexamod:EctoCoolerPotion"},{"floor":9.0,"key":"SkillPotion"},{"floor":12.0,"key":"Energy Potion"},{"floor":15.0,"key":"Adrenaline Potion"},{"floor":27.0,"key":"Block Potion"},{"floor":32.0,"key":"Toxic Potion"},{"floor":36.0,"key":"CultistPotion"},{"floor":39.0,"key":"Adrenaline Potion"},{"floor":40.0,"key":"Regen Potion"}],"is_trial":false,"path_per_floor":["R","M","M","M","M","$","T","$","M","M","?","M","E","M","M","B",null,"R","M","M","?","?","?","T","R","M","M","M","?","M","$","M","B",null,"R","M","?","?","M","M","T","M","M","M","$","M","M"],"character_chosen":"THE_SPIRIT","items_purchased":["HandDrill","Eternal Feather","Replay:WaspNest","conspire:GlowingRock","hexamod:FirstSeal","Fruit Juice"],"campfire_rested":1,"item_purchase_floors":[6,31,31,45,45,45],"current_hp_per_floor":[77,77,77,77,70,65,65,55,51,44,39,39,31,31,15,15,77,77,62,44,44,47,47,47,71,55,40,37,77,77,77,51,9,80,80,75,56,96,71,44,44,44,35,7,7,17,0,0,0],"gold":49,"neow_bonus":"TEN_PERCENT_HP_BONUS","is_daily":false,"chose_seed":false,"campfire_upgraded":1,"win_rate":0.0,"timestamp":1611513783,"path_taken":["R","M","M","M","M","$","T","$","M","M","?","M","E","M","M","BOSS","R","M","M","?","?","?","T","R","?","M","M","?","M","$","M","BOSS","R","M","?","?","M","?","T","M","M","M","$","M","M"],"items_purchased_type":["Relic","Relic","Relic","Relic","Card","Potion"],"build_version":"2020-12-22","purchased_purges":0,"victory":false,"max_hp_per_floor":[77,77,77,77,77,77,77,77,77,77,77,77,77,77,77,77,77,77,77,77,77,80,80,80,80,80,80,80,80,80,80,80,80,80,80,80,86,96,96,96,96,96,96,96,96,101,101,101,101],"card_choices":[{"not_picked":["hexamod:NightmareStrike","hexamod:FastForward"],"picked":"hexamod:SoulSteal","floor":1.0},{"not_picked":["hexamod:SpectralAdrenaline","hexamod:InspiringFlames"],"picked":"hexamod:Hexaguard","floor":2.0},{"not_picked":["hexamod:GhostflameBarrier","hexamod:Hexaguard"],"picked":"hexamod:BurningTouch","floor":3.0},{"not_picked":["hexamod:ThermalTransfer","hexamod:Hexaguard"],"picked":"hexamod:ExtraCrispy","floor":4.0},{"not_picked":["hexamod:SkipABeat","hexamod:NecessarySacrifice"],"picked":"hexamod:StepThrough","floor":5.0},{"not_picked":["hexamod:SkipABeat","hexamod:DynamicBlow"],"picked":"hexamod:TimeOfNeed","floor":6.0},{"not_picked":["hexamod:SwordOfDarkness","hexamod:Again"],"picked":"hexamod:BurningTouch","floor":8.0},{"not_picked":["hexamod:Hexaguard","hexamod:GhostOfSpirePast"],"picked":"hexamod:SpectersWail","floor":9.0},{"not_picked":["hexamod:BacktrackSmack","hexamod:Incineration"],"picked":"hexamod:SoulSteal","floor":10.0},{"not_picked":["hexamod:NightmareGuise","hexamod:FastForward"],"picked":"hexamod:DynamicBlow","floor":12.0},{"not_picked":["hexamod:NightmareGuise","hexamod:FastForward","hexamod:BacktrackSmack"],"picked":"SKIP","floor":13.0},{"not_picked":["hexamod:BacktrackSmack","hexamod:Hexaguard"],"picked":"hexamod:GhostOfSpirePresent","floor":14.0},{"not_picked":["hexamod:ThermalTransfer","hexamod:NightmareStrike"],"picked":"hexamod:SpectersWail","floor":15.0},{"not_picked":["hexamod:HexaLevel","hexamod:SearingWound"],"picked":"hexamod:VolcanoVisage","floor":16.0},{"not_picked":["hexamod:ShieldOfDarkness","hexamod:EtherealExpedition"],"picked":"hexamod:Firestarter","floor":19.0},{"not_picked":["hexamod:InspiringFlames","hexamod:GhostOfSpirePast+1"],"picked":"hexamod:ThermalTransfer","floor":20.0},{"not_picked":["hexamod:ExtraCrispy+1","hexamod:Hexaguard+1"],"picked":"hexamod:SoulSteal","floor":23.0},{"not_picked":["hexamod:RecurringNightmare+1","hexamod:ThirdSeal"],"picked":"hexamod:ThermalTransfer+1","floor":26.0},{"not_picked":["hexamod:FastForward","hexamod:SwordOfDarkness","hexamod:GhostShield+1"],"picked":"SKIP","floor":27.0},{"not_picked":["hexamod:GhostOfSpireFuture","hexamod:NightmareStrike"],"picked":"hexamod:HeatMetal","floor":28.0},{"not_picked":["hexamod:RecurringNightmare+1","hexamod:GhostShield"],"picked":"hexamod:SoulSteal","floor":30.0},{"not_picked":["hexamod:ChargedBarrage","hexamod:SwordOfDarkness"],"picked":"hexamod:WildfireWeapon","floor":31.0},{"not_picked":["hexamod:GhostflameBarrier","hexamod:RadiantFlame+1"],"picked":"hexamod:EmpoweredFlame","floor":32.0},{"not_picked":["hexamod:TurnItUp","hexamod:SixthSeal"],"picked":"hexamod:TimeOfNeed","floor":33.0},{"not_picked":["hexamod:StepThrough+1","hexamod:FastForward","hexamod:NecessarySacrifice"],"picked":"SKIP","floor":36.0},{"not_picked":["hexamod:RadiantFlame","hexamod:FastForward"],"picked":"hexamod:Firestarter+1","floor":37.0},{"not_picked":["hexamod:NightmareStrike","hexamod:HexaLevel"],"picked":"hexamod:ThermalTransfer+1","floor":39.0},{"not_picked":["hexamod:GhostLash+1","hexamod:NightmareGuise"],"picked":"hexamod:SpectersWail+1","floor":40.0},{"not_picked":["hexamod:NightmareGuise+1","hexamod:NightmareStrike","hexamod:FourthSeal"],"picked":"SKIP","floor":42.0},{"not_picked":["hexamod:GhostShield","hexamod:RadiantFlame+1"],"picked":"hexamod:PhantomFireball+1","floor":43.0},{"not_picked":["hexamod:NightmareStrike+1","hexamod:Firestarter+1"],"picked":"hexamod:HexaLevel","floor":44.0},{"not_picked":["hexamod:HeatMetal","hexamod:FastForward"],"picked":"hexamod:DynamicBlow+1","floor":46}],"player_experience":233110,"relics_obtained":[{"floor":1.0,"key":"hubris:MedicalManual"},{"floor":11.0,"key":"QRelics:CapacitorSymbiont"},{"floor":13.0,"key":"QRelics:JumpingSpider"},{"floor":17.0,"key":"Happy Flower"},{"floor":17.0,"key":"QRelics:MetalCrocodile"},{"floor":17.0,"key":"Gambling Chip"},{"floor":23.0,"key":"Calipers"},{"floor":23.0,"key":"QRelics:OgrePowerGlove"},{"floor":24.0,"key":"Oddly Smooth Stone"},{"floor":37.0,"key":"strawberrySpire:StillNotAdequateHouse"},{"floor":41.0,"key":"QRelics:BirthdayCake"}],"event_choices":[],"is_beta":false,"boss_relics":[{"not_picked":["aspiration:PoetsPen","halation:PinkAlligatorPlush"],"picked":"Calling Bell"},{"not_picked":["QRelics:ShivBandolier","QRelics:DoomedDice"],"picked":"ChewingGum"}],"items_purged_floors":[],"is_endless":false,"potions_floor_spawned":[2,3,4,9,12,15,19,23,27,32,33,36,39,40],"killed_by":"4 Shapes","ascension_level":0}}