{"host":"lnt5dzsuhru0aonl","time":1611474155,"event":{"mods":["2.2 Compatiblity","BaseMod","Colored Map","Colored Powertips","DeckTracker","Keyboard Shortcuts","Minty Spire (QoL Compilation)","Permanent Neow","Rare Cards Sparkle","StSLib","SuperFastMode","everything is the same but u backflip on backflip"],"gold_per_floor":[111,165,165,165,7,7,24,43,70,84,159,83,83,98,98,174,174,188,188,188,188,203,203,4,4,4],"floor_reached":25,"language":"KOR","playtime":385,"items_purged":["Strike_B"],"score":378,"play_id":"f348bd6d-a927-4c7b-82dd-5baa88a825cc","local_time":"20210124164235","is_ascension_mode":true,"campfire_choices":[{"data":"Zap","floor":6,"key":"SMITH"},{"data":"Defragment","floor":13,"key":"SMITH"},{"data":"Capacitor","floor":15,"key":"SMITH"},{"data":"Turbo","floor":23,"key":"SMITH"}],"circlet_count":0,"master_deck":["AscendersBane","Strike_B+1","Strike_B","Defend_B","Defend_B","Defend_B","Defend_B","Zap+1","Dualcast+1","Secret Technique","Sweeping Beam","Capacitor+1","Ball Lightning","Cold Snap","Turbo+1","Defragment+1","Skim","Electrodynamics","Steam","Turbo+1","Conserve Battery+1"],"relics":["Cracked Core","Anchor","Boot","Inserter","Enchiridion","Toxic Egg 2","Membership Card"],"acts_visited":["Exordium","TheCity"],"potions_floor_usage":[16,25,25],"damage_taken":[{"damage":1,"enemies":"Cultist","floor":1,"turns":3},{"damage":0,"enemies":"2 Louse","floor":7,"turns":3},{"damage":5,"enemies":"Small Slimes","floor":8,"turns":3},{"damage":4,"enemies":"2 Fungi Beasts","floor":10,"turns":3},{"damage":0,"enemies":"Looter","floor":14,"turns":2},{"damage":10,"enemies":"Hexaghost","floor":16,"turns":8},{"damage":20,"enemies":"2 Thieves","floor":18,"turns":3},{"damage":12,"enemies":"3 Byrds","floor":22,"turns":3},{"damage":22,"enemies":"Gremlin Leader","floor":25,"turns":2}],"seed_played":"-2822129942154411384","potions_obtained":[{"floor":1,"key":"EssenceOfSteel"},{"floor":8,"key":"Dexterity Potion"},{"floor":22,"key":"Fruit Juice"}],"is_trial":false,"path_per_floor":["M","T","?","?","$","R","M","M","T","M","?","$","R","M","R","B",null,"M","?","?","T","M","R","$","E"],"character_chosen":"DEFECT","items_purchased":["Capacitor","Defragment","Membership Card","Conserve Battery+1"],"campfire_rested":0,"item_purchase_floors":[5,12,24,24],"current_hp_per_floor":[63,63,56,37,37,37,37,32,32,28,17,17,17,17,17,7,50,30,9,22,22,10,10,10,0,0],"gold":4,"neow_bonus":"RANDOM_COLORLESS_2","is_daily":false,"chose_seed":false,"campfire_upgraded":4,"win_rate":0.0,"timestamp":1611474155,"path_taken":["M","?","?","?","$","R","M","M","T","M","?","?","R","M","R","BOSS","M","?","?","?","M","R","$","E"],"items_purchased_type":["Card","Card","Relic","Card"],"build_version":"2020-12-22","purchased_purges":1,"victory":false,"max_hp_per_floor":[64,64,64,64,64,64,64,64,64,64,64,64,64,64,64,64,64,64,64,64,64,64,64,64,69,69],"card_choices":[{"not_picked":["Transmutation","Sadistic Nature"],"picked":"Secret Technique","floor":0},{"not_picked":["Barrage","Gash"],"picked":"Sweeping Beam","floor":1},{"not_picked":["Compile Driver","Streamline"],"picked":"Ball Lightning","floor":7},{"not_picked":["Turbo","Rebound"],"picked":"Cold Snap","floor":8},{"not_picked":["Darkness","Multi-Cast"],"picked":"Turbo","floor":10},{"not_picked":["Leap","Sweeping Beam"],"picked":"Skim","floor":14},{"not_picked":["Hyperbeam","Reboot"],"picked":"Electrodynamics","floor":16},{"not_picked":["Streamline","Barrage+1"],"picked":"Steam","floor":18},{"not_picked":["Barrage","Scrape"],"picked":"Turbo+1","floor":22}],"player_experience":741221,"relics_obtained":[{"floor":2,"key":"Anchor"},{"floor":9,"key":"Boot"},{"floor":19,"key":"Enchiridion"},{"floor":21,"key":"Toxic Egg 2"}],"event_choices":[{"cards_removed":["Strike_B"],"damage_healed":0,"gold_gain":0,"player_choice":"Card Removal","damage_taken":7,"max_hp_gain":0,"max_hp_loss":0,"event_name":"Golden Wing","floor":3,"gold_loss":0},{"damage_healed":0,"gold_gain":0,"player_choice":"Entered Light","damage_taken":19,"max_hp_gain":0,"max_hp_loss":0,"event_name":"Shining Light","floor":4,"gold_loss":0,"cards_upgraded":["Dualcast","Strike_B"]},{"damage_healed":0,"gold_gain":75,"player_choice":"Gather Gold","damage_taken":11,"max_hp_gain":0,"max_hp_loss":0,"event_name":"World of Goop","floor":11,"gold_loss":0},{"damage_healed":0,"gold_gain":0,"player_choice":"Obtained Book","damage_taken":21,"max_hp_gain":0,"max_hp_loss":0,"event_name":"Cursed Tome","floor":19,"gold_loss":0},{"damage_healed":13,"gold_gain":0,"player_choice":"Heal","damage_taken":0,"max_hp_gain":0,"max_hp_loss":0,"event_name":"The Library","floor":20,"gold_loss":0}],"is_beta":false,"boss_relics":[{"not_picked":["Nuclear Battery","Busted Crown"],"picked":"Inserter"}],"items_purged_floors":[5],"is_endless":false,"potions_floor_spawned":[1,8,22],"killed_by":"Gremlin Leader","ascension_level":20}}