{"host":"Naix","time":1611492252,"event":{"mods":["Act Like it!","Aspiration","BaseMod","Energized Spire","Friendly Minions","Gensokyo","HornydragonMod","Kiyohime£®«Âºß£©","Koishi","Minty Spire (QoL Compilation)","Prisma Mod","Reimu£®≤©¿ˆ¡È√Œ£©","Replay The Spire","StSLib","The Alterego","The Jungle","Waifu the Spire","Wide Potions","Yakumo Yukari mod","Youmu£®ªÍ∆«—˝√Œ£©","°æ“≈ŒÔø®≈∆°øREMEMod"],"gold_per_floor":[114,44,44,44,59,89,89,119,194,209,224,263,272,296,396,505,532,556,571,595,595,599,599,618,618,618,633,633,657,264,273,273,273,273],"floor_reached":33,"language":"ZHS","playtime":2155,"items_purged":[],"score":412,"play_id":"8f2e460d-2c8f-4e37-8c33-12dc2b202a51","local_time":"20210124204412","daily_mods":["Draft","Colorless Cards","Terminal"],"is_ascension_mode":false,"campfire_choices":[{"data":"Dramatic Entrance","floor":7.0,"key":"SMITH"},{"data":"Apotheosis","floor":23.0,"key":"SMITH"},{"data":"Mind Blast","floor":32.0,"key":"SMITH"}],"circlet_count":0,"master_deck":["EmptyFist+1","Consecrate","Prostrate","Swift Strike","REME_TheoryOfElimination","EmptyBody+1","SashWhip","FollowUp","Evaluate","FollowUp","Panacea","Blind","Reboot+1","Dark Shackles","Dramatic Entrance+1","CarveReality","ReplayUltimateDefense","Good Instincts","Judgement+1","FlurryOfBlows","Apotheosis+1","CrushJoints+1","FollowUp+1","Replay:Sssssssssstrike","Replay:AtTheReady+1","Crescendo+1","ForeignInfluence+1","Mind Blast+1","Gensokyo:MedicineKit","Gensokyo:SevenSchoolMysteries"],"relics":["PureWater","REME_ComplimentaryCards","Tiny Chest","StrikeDummy","The Courier","CeramicFish","Gensokyo:LunaticRedEyes","Astrolabe","CrazyTorch:ReiMu","REME_PuzzleBoxRelic","ClockworkSouvenir","Guide Book"],"acts_visited":["Exordium","Gensokyo:Gensokyo"],"potions_floor_usage":[],"damage_taken":[{"damage":0.0,"enemies":"Gensokyo:2_Kodama","floor":1.0,"turns":2.0},{"damage":0.0,"enemies":"Gensokyo:Python","floor":5.0,"turns":3.0},{"damage":2.0,"enemies":"Gensokyo:Aya","floor":6.0,"turns":6.0},{"damage":0.0,"enemies":"Gensokyo:Mamizou","floor":8.0,"turns":6.0},{"damage":0.0,"enemies":"Gensokyo:3_Fairies","floor":10.0,"turns":2.0},{"damage":0.0,"enemies":"Gensokyo:3_Kodama","floor":11.0,"turns":1.0},{"damage":0.0,"enemies":"Gensokyo:Cirno","floor":12.0,"turns":5.0},{"damage":0.0,"enemies":"Gensokyo:Gryphon_and_Rabbit","floor":14.0,"turns":4.0},{"damage":0.0,"enemies":"Gensokyo:Reimu","floor":16.0,"turns":3.0},{"damage":0.0,"enemies":"Gensokyo:CosmicMonolith","floor":18.0,"turns":3.0},{"damage":0.0,"enemies":"Gensokyo:2_Gloops","floor":19.0,"turns":2.0},{"damage":0.0,"enemies":"Gensokyo:Wraith","floor":20.0,"turns":2.0},{"damage":7.0,"enemies":"Gensokyo:Mirror_and_Dog","floor":22.0,"turns":3.0},{"damage":0.0,"enemies":"Gensokyo:Tenshi","floor":24.0,"turns":4.0},{"damage":16.0,"enemies":"Gensokyo:Slime_Group","floor":27.0,"turns":3.0},{"damage":3.0,"enemies":"Gensokyo:Swordslinger","floor":29.0,"turns":3.0},{"damage":31,"enemies":"Gensokyo:Eternal_Rivals","floor":33,"turns":4}],"seed_played":"-992185634128019100","potions_obtained":[{"floor":5.0,"key":"Explosive Potion"},{"floor":10.0,"key":"DistilledChaos"},{"floor":12.0,"key":"Fire Potion"},{"floor":14.0,"key":"BlessingOfTheForge"},{"floor":18.0,"key":"Fire Potion"},{"floor":20.0,"key":"FearPotion"},{"floor":22.0,"key":"Milkshake"}],"is_trial":false,"path_per_floor":["M","?","?","$","M","E","R","E","T","M","M","E","?","M","R","B",null,"M","M","M","T","M","R","E","?","T","M","?","M","COS","?","R","B"],"character_chosen":"WATCHER","items_purchased":[],"campfire_rested":0,"item_purchase_floors":[],"current_hp_per_floor":[70,69,68,67,66,64,64,63,62,61,60,59,58,57,56,55,54,53,52,51,50,43,43,43,43,43,27,27,24,24,24,24,0,0],"gold":273,"neow_bonus":"","is_daily":true,"chose_seed":false,"campfire_upgraded":3,"win_rate":0.0,"timestamp":1611492252,"path_taken":["M","?","?","?","?","E","R","E","T","M","?","E","?","M","R","BOSS","M","?","M","?","M","R","E","?","T","M","?","M","COS","?","R","BOSS"],"items_purchased_type":[],"build_version":"2020-12-18","purchased_purges":0,"victory":false,"max_hp_per_floor":[70,69,68,67,66,65,64,63,62,61,60,59,58,57,56,55,54,53,52,51,50,49,48,47,46,45,44,43,42,41,36,35,35,35],"card_choices":[{"not_picked":["ThirdEye","Replay:BluntJabs"],"picked":"EmptyFist","floor":0.0},{"not_picked":["Replay:BluntJabs","Swivel"],"picked":"Consecrate","floor":0.0},{"not_picked":["WheelKick","Evaluate"],"picked":"Prostrate","floor":0.0},{"not_picked":["Wallop","Replay:DivineShield"],"picked":"Swift Strike","floor":0.0},{"not_picked":["Wallop","Adaptation"],"picked":"REME_TheoryOfElimination","floor":0.0},{"not_picked":["CrushJoints","FlyingSleeves"],"picked":"EmptyBody","floor":0.0},{"not_picked":["SashWhip","EmptyBody"],"picked":"JustLucky","floor":0.0},{"not_picked":["Replay:BluntJabs","Protect"],"picked":"SashWhip","floor":0.0},{"not_picked":["Crescendo","Replay:Anticipation"],"picked":"FollowUp","floor":0.0},{"not_picked":["PanicButton","Replay:AtTheReady"],"picked":"Evaluate","floor":0.0},{"not_picked":["Evaluate","Halt"],"picked":"FollowUp","floor":0.0},{"not_picked":["EmptyBody","Prostrate"],"picked":"FlyingSleeves","floor":0.0},{"not_picked":["PathToVictory","FollowUp"],"picked":"Panacea","floor":0.0},{"not_picked":["EmptyMind","Replay:AtTheReady"],"picked":"Blind","floor":0.0},{"not_picked":["REME_TheoryOfElimination","Replay:BluntJabs"],"picked":"BowlingBash","floor":0.0},{"not_picked":["Protect","ThirdEye","REME_MusicOfDeath"],"picked":"SKIP","floor":1.0},{"not_picked":["Prostrate","ThirdEye"],"picked":"Replay:ManipulateFuture","floor":3.0},{"not_picked":["Protect","FollowUp"],"picked":"Dark Shackles","floor":3.0},{"not_picked":["Weave","Replay:Cycle"],"picked":"Dramatic Entrance","floor":5.0},{"not_picked":["CrushJoints","Protect"],"picked":"CarveReality","floor":6.0},{"not_picked":["Replay:BluntJabs","Dark Shackles"],"picked":"ReplayUltimateDefense","floor":8.0},{"not_picked":["FollowUp","Halt","BowlingBash"],"picked":"SKIP","floor":10.0},{"not_picked":["FlyingSleeves","Replay:Hum"],"picked":"Good Instincts","floor":11.0},{"not_picked":["PanicButton","The Bomb"],"picked":"Judgement","floor":12.0},{"not_picked":["EmptyFist","BowlingBash"],"picked":"FlurryOfBlows","floor":14.0},{"not_picked":["ReplayUltimateDefense","Violence"],"picked":"Apotheosis","floor":16.0},{"not_picked":["REME_Repentance","Bandage Up+1"],"picked":"Replay:Sssssssssstrike","floor":18.0},{"not_picked":["ThirdEye","Consecrate+1","LikeWater"],"picked":"SKIP","floor":19.0},{"not_picked":["JustLucky","BowlingBash"],"picked":"Replay:AtTheReady+1","floor":20.0},{"not_picked":["Consecrate+1","CrushJoints"],"picked":"Crescendo+1","floor":22.0},{"not_picked":["REME_BuildACard","ReplayTheSpireMod:Uncanny Aura"],"picked":"ForeignInfluence+1","floor":24.0},{"not_picked":["Halt","Crescendo","Wireheading+1"],"picked":"SKIP","floor":27.0},{"not_picked":["Protect","Crescendo+1"],"picked":"Mind Blast","floor":29.0},{"not_picked":["Gensokyo:SlitMouthedWoman","Gensokyo:GapWoman"],"picked":"Gensokyo:SevenSchoolMysteries","floor":31.0}],"player_experience":706167,"relics_obtained":[{"floor":6.0,"key":"Tiny Chest"},{"floor":8.0,"key":"StrikeDummy"},{"floor":9.0,"key":"The Courier"},{"floor":12.0,"key":"CeramicFish"},{"floor":21.0,"key":"CrazyTorch:ReiMu"},{"floor":24.0,"key":"REME_PuzzleBoxRelic"},{"floor":26.0,"key":"Replay:Bottled Flurry"}],"event_choices":[],"is_beta":true,"boss_relics":[{"not_picked":["Busted Crown","Painkiller Herb"],"picked":"Astrolabe"}],"items_purged_floors":[],"is_endless":false,"potions_floor_spawned":[5,10,12,14,18,20,22],"killed_by":"Gensokyo:Eternal_Rivals","ascension_level":0}}