{"host":"3zb3nk4wvq0dtbuh","time":1611479303,"event":{"mods":["AchievementEnabler","BaseMod","Lobotomy","Minty Spire (QoL Compilation)","StSLib","The Blackbeard"],"gold_per_floor":[117,117,129,404,420,420,433,312,337,153,165,165,183,201,201,299,299,313,330,330,330,181,181,181],"floor_reached":23,"language":"ZHS","playtime":715,"items_purged":["Regret","Strike_R"],"score":183,"play_id":"a4e24828-7d20-44c8-ac85-d7c59c0cb412","local_time":"20210124170823","is_ascension_mode":false,"campfire_choices":[{"data":"Clash","floor":6,"key":"SMITH"},{"data":"Mayhem","floor":12,"key":"SMITH"},{"data":"Barricade","floor":15,"key":"SMITH"}],"circlet_count":0,"master_deck":["Strike_R","Strike_R","Defend_R","Defend_R","Defend_R","Defend_R","Bash+1","Offering","Ghostly Armor","Clash+1","Shrug It Off","Mayhem+1","Barricade+1","Evolve","Limit Break","Flex","Thunderclap+1","Exhume","Reaper","Shrug It Off"],"relics":["Burning Blood"],"acts_visited":["Exordium","TheCity"],"potions_floor_usage":[],"damage_taken":[{"damage":0,"enemies":"Small Slimes","floor":1,"turns":3},{"damage":6,"enemies":"Cultist","floor":3,"turns":2},{"damage":8,"enemies":"2 Louse","floor":5,"turns":2},{"damage":8,"enemies":"Blue Slaver","floor":7,"turns":3},{"damage":6,"enemies":"Exordium Wildlife","floor":11,"turns":3},{"damage":9,"enemies":"2 Fungi Beasts","floor":13,"turns":3},{"damage":11,"enemies":"3 Louse","floor":14,"turns":4},{"damage":48,"enemies":"Slime Boss","floor":16,"turns":18},{"damage":19,"enemies":"Spheric Guardian","floor":18,"turns":14},{"damage":20,"enemies":"Shell Parasite","floor":19,"turns":10},{"damage":38,"enemies":"Centurion and Healer","floor":23,"turns":8}],"seed_played":"-7550221231653375135","potions_obtained":[{"floor":1,"key":"Block Potion"},{"floor":5,"key":"Regen Potion"},{"floor":14,"key":"ColorlessPotion"}],"is_trial":false,"path_per_floor":["M","?","M","?","M","R","M","$","T","$","M","R","M","M","R","B",null,"M","M","?","?","$","M"],"character_chosen":"IRONCLAD","items_purchased":["Shrug It Off","Mayhem","Shrug It Off"],"campfire_rested":0,"item_purchase_floors":[8,10,22],"current_hp_per_floor":[80,80,80,80,78,78,76,76,76,76,76,76,73,68,68,26,80,67,53,53,53,53,30,30],"gold":181,"neow_bonus":"ONE_RANDOM_RARE_CARD","is_daily":false,"chose_seed":false,"campfire_upgraded":3,"win_rate":0.0,"timestamp":1611479303,"path_taken":["M","?","?","?","?","R","M","?","T","$","M","R","M","M","R","BOSS","M","M","?","?","$","M"],"items_purchased_type":["Card","Card","Card"],"build_version":"2020-12-22","purchased_purges":2,"victory":false,"max_hp_per_floor":[80,80,80,80,80,80,80,80,80,80,80,80,80,80,80,80,80,80,80,80,80,80,80,80],"card_choices":[{"not_picked":["Bloodletting","Iron Wave"],"picked":"Ghostly Armor","floor":1},{"not_picked":["Wild Strike","Pommel Strike"],"picked":"Clash","floor":3},{"not_picked":["Disarm","Dark Embrace","Wild Strike"],"picked":"SKIP","floor":5},{"not_picked":["Havoc","Twin Strike","Anger"],"picked":"SKIP","floor":7},{"not_picked":["Havoc","Perfected Strike","Cleave"],"picked":"SKIP","floor":11},{"not_picked":["Warcry","Havoc"],"picked":"Barricade","floor":13},{"not_picked":["Pommel Strike","Dropkick"],"picked":"Evolve","floor":14},{"not_picked":["Brutality","Reaper"],"picked":"Limit Break","floor":16},{"not_picked":["Iron Wave+1","Havoc"],"picked":"Flex","floor":18},{"not_picked":["Cleave","True Grit+1"],"picked":"Thunderclap+1","floor":19}],"player_experience":12072,"relics_obtained":[],"event_choices":[{"damage_healed":0,"gold_gain":0,"player_choice":"Forge","damage_taken":0,"max_hp_gain":0,"max_hp_loss":0,"event_name":"Accursed Blacksmith","floor":2,"gold_loss":0,"cards_upgraded":["Bash"]},{"damage_healed":0,"gold_gain":275,"player_choice":"Desecrate","damage_taken":0,"max_hp_gain":0,"max_hp_loss":0,"event_name":"Golden Shrine","floor":4,"gold_loss":0,"cards_obtained":["Regret"]},{"damage_healed":0,"gold_gain":0,"cards_transformed":["Strike_R","Strike_R"],"player_choice":"Became Test Subject","damage_taken":0,"max_hp_gain":0,"max_hp_loss":0,"event_name":"Drug Dealer","floor":21,"gold_loss":0,"cards_obtained":["Exhume","Reaper"]}],"is_beta":false,"boss_relics":[{"not_picked":["Mark of Pain","SacredBark","Astrolabe"]}],"items_purged_floors":[8,22],"is_endless":false,"potions_floor_spawned":[1,5,14],"killed_by":"Centurion and Healer","ascension_level":0}}