{"host":"4cz9gr89nglr7k8k","time":1611524300,"event":{"mods":["BaseMod","Minty Spire (QoL Compilation)","Relic Stats","Slay-I"],"gold_per_floor":[118,129,54,69,69,94,94,105,105,105,125,144,163,180,180,257,257,277,2,2,2,15,15,15,15],"floor_reached":24,"language":"DEU","playtime":675,"items_purged":[],"score":400,"play_id":"4be4d746-1e2f-424b-8b80-60924c8758e8","local_time":"20210124223820","is_ascension_mode":true,"campfire_choices":[{"floor":7,"key":"REST"},{"floor":10,"key":"REST"},{"floor":15,"key":"REST"},{"floor":23,"key":"REST"}],"circlet_count":0,"master_deck":["AscendersBane","Strike_R","Strike_R","Strike_R","Strike_R","Strike_R","Defend_R","Defend_R","Defend_R","Defend_R","Bash","Perfected Strike","Fire Breathing","Cleave","Sword Boomerang","Sever Soul","Iron Wave","Thunderclap","Combust","Twin Strike","Rupture","Sword Boomerang","Limit Break","Inflame","Rupture","Sever Soul","Good Instincts","Armaments","Shame","Writhe","Cleave"],"relics":["Burning Blood","InkBottle","Magic Flower","Calipers","Velvet Choker","Ancient Tea Set","Frozen Egg 2"],"acts_visited":["Exordium","TheCity"],"potions_floor_usage":[6,12,16,18],"damage_taken":[{"damage":12,"enemies":"Cultist","floor":1,"turns":4},{"damage":12,"enemies":"Jaw Worm","floor":2,"turns":3},{"damage":6,"enemies":"2 Louse","floor":4,"turns":2},{"damage":55,"enemies":"Lagavulin","floor":6,"turns":7},{"damage":21,"enemies":"Blue Slaver","floor":8,"turns":3},{"damage":12,"enemies":"Exordium Thugs","floor":11,"turns":3},{"damage":0,"enemies":"2 Fungi Beasts","floor":12,"turns":1},{"damage":18,"enemies":"Large Slime","floor":13,"turns":4},{"damage":18,"enemies":"Red Slaver","floor":14,"turns":3},{"damage":75,"enemies":"Hexaghost","floor":16,"turns":9},{"damage":23,"enemies":"2 Thieves","floor":18,"turns":3},{"damage":23,"enemies":"3 Byrds","floor":22,"turns":4},{"damage":66,"enemies":"Book of Stabbing","floor":24,"turns":4}],"seed_played":"-7116723058482291855","potions_obtained":[{"floor":4,"key":"Fire Potion"},{"floor":11,"key":"SteroidPotion"},{"floor":12,"key":"Regen Potion"},{"floor":14,"key":"Explosive Potion"}],"is_trial":false,"path_per_floor":["M","M","$","M","T","E","R","M","T","R","M","M","M","M","R","B",null,"M","$","?","?","M","R","E"],"character_chosen":"IRONCLAD","items_purchased":["Cleave","Sword Boomerang","Rupture","Sever Soul","Good Instincts","Armaments"],"campfire_rested":4,"item_purchase_floors":[3,3,19,19,19,19],"current_hp_per_floor":[69,63,63,63,63,14,38,26,26,50,47,56,47,38,62,18,66,52,52,52,52,38,62,0,0],"gold":15,"neow_bonus":"TEN_PERCENT_HP_BONUS","is_daily":false,"chose_seed":false,"campfire_upgraded":0,"win_rate":0.0,"timestamp":1611524300,"path_taken":["M","M","$","?","?","E","R","M","T","R","M","M","M","?","R","BOSS","M","$","?","?","M","R","E"],"items_purchased_type":["Card","Card","Card","Card","Card","Card"],"build_version":"2020-12-22","purchased_purges":0,"victory":false,"max_hp_per_floor":[82,82,82,82,82,82,82,82,82,82,82,82,82,82,82,82,82,82,82,82,82,82,82,82,82],"relic_stats":{"counters":[13,50],"Magic Flower":[32],"obtain_stats":[{"Calipers":9,"Magic Flower":6,"Velvet Choker":17,"Frozen Egg 2":21,"Ancient Tea Set":20,"Burning Blood":0,"InkBottle":5},{"Calipers":5,"Magic Flower":4,"Velvet Choker":10,"Frozen Egg 2":11,"Ancient Tea Set":11,"Burning Blood":0,"InkBottle":3},{"Calipers":19,"Magic Flower":16,"Velvet Choker":39,"Frozen Egg 2":42,"Ancient Tea Set":42,"Burning Blood":0,"InkBottle":9}],"Burning Blood":96,"InkBottle":[9]},"card_choices":[{"not_picked":["Clothesline","Pommel Strike"],"picked":"Perfected Strike","floor":1},{"not_picked":["Pommel Strike","Body Slam"],"picked":"Fire Breathing","floor":2},{"not_picked":["Clothesline","Corruption"],"picked":"Sever Soul","floor":4},{"not_picked":["Body Slam","Evolve"],"picked":"Iron Wave","floor":6},{"not_picked":["Disarm","Warcry"],"picked":"Thunderclap","floor":8},{"not_picked":["Juggernaut","Havoc"],"picked":"Combust","floor":11},{"not_picked":["Reckless Charge","Wild Strike"],"picked":"Twin Strike","floor":12},{"not_picked":["Pommel Strike","Armaments"],"picked":"Rupture","floor":13},{"not_picked":["Feel No Pain","True Grit"],"picked":"Sword Boomerang","floor":14},{"not_picked":["Corruption","Juggernaut"],"picked":"Limit Break","floor":16},{"not_picked":["Anger+1","Entrench"],"picked":"Inflame","floor":18},{"not_picked":["Sword Boomerang","Evolve+1"],"picked":"Cleave","floor":22}],"player_experience":1517305,"relics_obtained":[{"floor":5,"key":"InkBottle"},{"floor":6,"key":"Magic Flower"},{"floor":9,"key":"Calipers"}],"event_choices":[{"damage_healed":0,"gold_gain":0,"player_choice":"Stole Relic","damage_taken":0,"relics_obtained":["Ancient Tea Set"],"max_hp_gain":0,"max_hp_loss":0,"event_name":"Addict","floor":20,"gold_loss":0,"cards_obtained":["Shame"]},{"damage_healed":0,"gold_gain":0,"player_choice":"Opened","damage_taken":0,"relics_obtained":["Frozen Egg 2"],"max_hp_gain":0,"max_hp_loss":0,"event_name":"The Mausoleum","floor":21,"gold_loss":0,"cards_obtained":["Writhe"]}],"is_beta":false,"boss_relics":[{"not_picked":["Empty Cage","Coffee Dripper"],"picked":"Velvet Choker"}],"items_purged_floors":[],"is_endless":false,"potions_floor_spawned":[4,11,12,14],"killed_by":"Book of Stabbing","ascension_level":20}}