{"host":"xq8gnuu783ryoh6z","time":1611475111,"event":{"mods":["Act Like it!","Ascension Reborn","BaseMod","Colored Powertips","Downfall","Duelist Mod","Gensokyo","Hallownest","Lobotomy","Marisa£®ÏF”Í°°ƒß¿Ì…≥£©","Minty Spire (QoL Compilation)","Quick Restart","READ ME - Guardian Mod","Rare Cards Sparkle","Reimu£®≤©¿ˆ¡È√Œ£©","Remilia£®¿Ÿ√◊¿Ú—«£©","Replay The Spire","Say the Spire","Shop Mod","StSLib","Synergy Search","The Animator","The Construct","The Cursed","The Hierophant","The Poker Player","The Servant 0.9.4","Waifu the Spire","WarShipGirlsR/’ΩΩ¢…Ÿ≈ÆR mod","Yakumo Yukari mod","Youmu£®ªÍ∆«—˝√Œ£©","Yuyuko","vexMod","yUi","°æπ¶ƒ‹Mod°øªÏ„Á÷Æª∑–ﬁ∏¥≤π∂°","°æ“≈ŒÔø®≈∆°øREMEMod"],"gold_per_floor":[111,36,116,116,133,133,152,186,186,202,25,25,25,50,50,154,154,170,183,198,216,176,176,176,176,176],"floor_reached":25,"language":"ZHS","playtime":2165,"items_purged":["rmod:defend"],"score":211,"play_id":"64b473b2-eb7f-4758-bace-aacaa35f25a8","local_time":"20210124155831","is_ascension_mode":true,"campfire_choices":[{"data":"rmod:basicallowance","floor":6.0,"key":"SMITH"},{"data":"rmod:supportaircraftcarrier","floor":13.0,"key":"SMITH"},{"floor":15.0,"key":"REST"},{"floor":23,"key":"REST"}],"circlet_count":0,"master_deck":["rmod:strick","rmod:strick","rmod:strick","rmod:defend","rmod:defend","rmod:defend","rmod:basicallowance+1","rmod:maingunfire","AsuraSword","rmod:gendarmerie+1","rmod:intelligenceanalysis","rmod:circuitoustactics","rmod:ammunitionsupply","rmod:supportaircraftcarrier+1","rmod:aluminumsupply","rmod:aluminumsupply","rmod:aluminumsupply","rmod:stealaluminum","CurseOfTheBell","rmod:selfconfidence+1","rmod:fuelsupply+1","rmod:aviationdawn","rmod:aviationdawn+1"],"relics":["rmod:firstchargereward","REME_ComplimentaryCards","Durian","Chameleon Ring","Replay:Wax Seal","Membership Card","vexMod:RedPlottingStone","Calling Bell","Replay:Arrowhead","Quantum Egg","Anchor"],"acts_visited":["Exordium","Gensokyo:Gensokyo"],"potions_floor_usage":[21],"damage_taken":[{"damage":0.0,"enemies":"Gensokyo:Python","floor":1.0,"turns":4.0},{"damage":1.0,"enemies":"Gensokyo:3_Fairies","floor":5.0,"turns":4.0},{"damage":2.0,"enemies":"Gensokyo:2_Kodama","floor":7.0,"turns":4.0},{"damage":5.0,"enemies":"Gensokyo:Mamizou","floor":8.0,"turns":8.0},{"damage":18.0,"enemies":"Gensokyo:Kitsune","floor":10.0,"turns":3.0},{"damage":16.0,"enemies":"Gensokyo:Cirno","floor":14.0,"turns":11.0},{"damage":23.0,"enemies":"Gensokyo:Reimu","floor":16.0,"turns":11.0},{"damage":36.0,"enemies":"Gensokyo:3_Dogs","floor":18.0,"turns":7.0},{"damage":22,"enemies":"Gensokyo:CosmicMonolith","floor":19,"turns":6},{"damage":14,"enemies":"Gensokyo:Wraith","floor":20,"turns":4},{"damage":33,"enemies":"Gensokyo:3_Gloops","floor":21,"turns":5},{"damage":39,"enemies":"Gensokyo:Mirror_and_Dog","floor":25,"turns":3}],"seed_played":"-2558723411744702169","potions_obtained":[{"floor":5.0,"key":"DistilledChaos"},{"floor":7.0,"key":"FearPotion"},{"floor":8.0,"key":"Doom Potion"},{"floor":14.0,"key":"Dexterity Potion"},{"floor":18.0,"key":"EssenceOfSteel"},{"floor":20,"key":"Block Potion"}],"is_trial":false,"path_per_floor":["M","$","?","?","M","R","M","E","T","M","$","T","R","E","R","B",null,"M","M","M","M","?","R","?","M"],"character_chosen":"PRAEFECT","items_purchased":["Membership Card","rmod:aluminumsupply"],"campfire_rested":2,"item_purchase_floors":[11,11],"current_hp_per_floor":[59,59,59,67,66,66,64,59,59,41,41,41,41,25,51,28,88,76,54,40,7,7,33,33,0,0],"gold":176,"neow_bonus":"ONE_RARE_RELIC","is_daily":false,"chose_seed":false,"campfire_upgraded":2,"win_rate":0.0,"timestamp":1611475111,"path_taken":["M","$","?","?","?","R","M","E","T","M","?","?","R","E","R","BOSS","M","?","M","M","?","R","?","?"],"items_purchased_type":["Relic","Card"],"build_version":"2020-12-22","purchased_purges":1,"victory":false,"max_hp_per_floor":[80,80,80,88,88,88,88,88,88,88,88,88,88,88,88,88,88,88,88,88,88,88,88,88,88,88],"card_choices":[{"not_picked":["rmod:firesupport","rmod:bulid"],"picked":"rmod:gendarmerie","floor":1.0},{"not_picked":["rmod:aluminumsupply","rmod:fletcherpendant"],"picked":"rmod:intelligenceanalysis","floor":5.0},{"not_picked":["rmod:supportescort","rmod:fletcherpendant"],"picked":"rmod:circuitoustactics","floor":7.0},{"not_picked":["rmod:supportescort","rmod:firesupport"],"picked":"rmod:ammunitionsupply","floor":8.0},{"not_picked":["rmod:goodfighter","rmod:supportescort"],"picked":"rmod:supportaircraftcarrier","floor":10.0},{"not_picked":["rmod:seals","rmod:fuelsupply"],"picked":"rmod:aluminumsupply","floor":14.0},{"not_picked":["rmod:windflower","rmod:timeschanged"],"picked":"rmod:stealaluminum","floor":16.0},{"not_picked":["rmod:diamondstrike","rmod:intelligenceanalysis"],"picked":"rmod:selfconfidence+1","floor":18.0},{"not_picked":["rmod:advancebysurprise","rmod:steelsupply"],"picked":"rmod:fuelsupply+1","floor":19},{"not_picked":["rmod:selfconfidence","rmod:unsinkable"],"picked":"rmod:aviationdawn","floor":20},{"not_picked":["rmod:diaomin+1","rmod:steelsupply"],"picked":"rmod:aviationdawn+1","floor":21}],"player_experience":355120,"relics_obtained":[{"floor":8.0,"key":"Chameleon Ring"},{"floor":9.0,"key":"Replay:Wax Seal"},{"floor":12.0,"key":"vexMod:RedPlottingStone"},{"floor":17.0,"key":"Replay:Arrowhead"},{"floor":17.0,"key":"Quantum Egg"},{"floor":17.0,"key":"Anchor"}],"event_choices":[],"is_beta":false,"boss_relics":[{"not_picked":["Tiny House","Astrolabe"],"picked":"Calling Bell"}],"items_purged_floors":[2],"is_endless":false,"potions_floor_spawned":[5,7,8,14,18,20],"killed_by":"Gensokyo:Mirror_and_Dog","ascension_level":0}}