{"host":"ctlqibkg0sskiu65","time":1611482312,"event":{"mods":["AchievementEnabler","Aspiration","BaseMod","BetterRewards","Colored Map","Colored Powertips","Conspire","Fiend Mod","Infinite Spire","Minty Spire (QoL Compilation)","Quick Restart","Replay The Spire","Shop Mod","StSLib","The Bladedancer","The Cursed","The Hierophant","The Jungle","The Kombatant","The Servant 0.9.4","TheBandit"],"gold_per_floor":[110,110,35,35,50,65,65,96,96,96,96,107,122,152,152,152,152],"floor_reached":16,"language":"ENG","playtime":582,"items_purged":["Strike_G"],"score":367,"play_id":"bfb0057f-686f-4469-a6b7-f5f7a9a0eb9c","local_time":"20210124035832","is_ascension_mode":true,"campfire_choices":[{"data":"ReplayTheSpireMod:Private Reserves","floor":7.0,"key":"SMITH"},{"floor":11,"key":"REST"},{"data":"Flechettes","floor":15,"key":"SMITH"}],"circlet_count":0,"master_deck":["AscendersBane","Strike_G","Strike_G","Strike_G","Strike_G+1","Defend_G","Defend_G","Defend_G","Defend_G","Defend_G","Survivor","Neutralize+1","Cloak And Dagger","ReplayTheSpireMod:Private Reserves+1","Slice","Cloak And Dagger","Deflect","Sucker Punch","Cloak And Dagger","Flechettes+1","Dagger Spray"],"relics":["Ring of the Snake","Replay:Ringing Soul","Whetstone","Bag of Preparation","Ice Cream"],"acts_visited":["Exordium"],"potions_floor_usage":[8],"damage_taken":[{"damage":2.0,"enemies":"2 Louse","floor":1.0,"turns":4.0},{"damage":0.0,"enemies":"Jaw Worm","floor":5.0,"turns":5.0},{"damage":0.0,"enemies":"Cultist","floor":6.0,"turns":4.0},{"damage":57,"enemies":"Gremlin Nob","floor":8,"turns":7},{"damage":2,"enemies":"Looter","floor":12,"turns":3},{"damage":0,"enemies":"Blue Slaver","floor":13,"turns":4},{"damage":0,"enemies":"3 Sentries","floor":14,"turns":10},{"damage":54,"enemies":"Fading Forest","floor":16,"turns":9}],"seed_played":"-1609472902098998453","potions_obtained":[{"floor":5.0,"key":"LifebloodPotion"},{"floor":8,"key":"Death Potion"}],"is_trial":false,"path_per_floor":["M","?","$","?","M","M","R","E","T","?","R","M","M","E","R","B"],"character_chosen":"THE_SILENT","items_purchased":["Replay:Ringing Soul","Cloak And Dagger","ReplayTheSpireMod:Private Reserves"],"campfire_rested":1,"item_purchase_floors":[0,0,0],"current_hp_per_floor":[63,63,63,63,66,69,69,15,15,15,39,40,43,46,46,0,0],"gold":152,"neow_bonus":"","is_daily":false,"chose_seed":false,"campfire_upgraded":2,"win_rate":0.0,"timestamp":1611482312,"path_taken":["M","?","$","?","M","M","R","E","T","?","R","M","?","E","R","BOSS"],"items_purchased_type":["Relic","Card","Card"],"build_version":"2020-12-22","purchased_purges":1,"victory":false,"max_hp_per_floor":[72,72,72,72,75,78,78,81,81,81,81,84,87,90,90,90,90],"card_choices":[{"not_picked":["Dodge and Roll","Dagger Throw"],"picked":"Slice","floor":1.0},{"not_picked":["Deadly Poison","Backflip"],"picked":"Cloak And Dagger","floor":5.0},{"not_picked":["Sneak Up","ReplayTheSpireMod:Tripwire"],"picked":"Deflect","floor":6.0},{"not_picked":["ReplayTheSpireMod:Exploit Weakness","Quick Slash"],"picked":"Sucker Punch","floor":8},{"not_picked":["Backflip","Acrobatics"],"picked":"Cloak And Dagger","floor":12},{"not_picked":["Choke","Bane"],"picked":"Flechettes","floor":13},{"not_picked":["Distraction","Blade Dance"],"picked":"Dagger Spray","floor":14}],"player_experience":236412,"relics_obtained":[{"floor":8,"key":"Whetstone"},{"floor":14,"key":"Ice Cream"}],"event_choices":[{"damage_healed":0.0,"max_hp_gain":0.0,"max_hp_loss":0.0,"gold_gain":0.0,"event_name":"Golden Idol","player_choice":"Ignored","floor":2.0,"gold_loss":0.0,"damage_taken":0.0},{"damage_healed":0.0,"max_hp_gain":0.0,"max_hp_loss":0.0,"gold_gain":0.0,"event_name":"The Cleric","player_choice":"Leave","floor":4.0,"gold_loss":0.0,"damage_taken":0.0},{"damage_healed":0,"gold_gain":0,"player_choice":"Gave Potion","damage_taken":0,"relics_obtained":["Bag of Preparation"],"max_hp_gain":0,"max_hp_loss":0,"event_name":"WeMeetAgain","floor":10,"gold_loss":0}],"is_beta":false,"boss_relics":[],"items_purged_floors":[3],"is_endless":false,"potions_floor_spawned":[5,8],"killed_by":"Fading Forest","ascension_level":17}}