{"host":"tq99ucv8ezzqzioe","time":1611452161,"event":{"mods":["BaseMod","Colored Map","Downfall","Highlight Path","Minty Spire (QoL Compilation)","StSLib"],"gold_per_floor":[99,99,99,99,99,99,125,150,67,67,67,67,99,116,133,133,133,133],"floor_reached":16,"language":"ENG","playtime":1001,"items_purged":[],"score":148,"play_id":"ba32bd68-92c1-49bb-ac1c-3f45992f5c5e","local_time":"20210123203601","is_ascension_mode":true,"campfire_choices":[{"floor":1,"key":"RECALL"},{"data":"sneckomod:UnknownClassPURPLE","floor":6,"key":"SMITH"},{"data":"sneckomod:UnknownExhaust","floor":12,"key":"SMITH"}],"circlet_count":0,"master_deck":["sneckomod:Strike+1","sneckomod:Strike","sneckomod:Defend","sneckomod:Defend","sneckomod:Defend","sneckomod:TailWhip+1","sneckomod:SnekBite","sneckomod:Unknown","sneckomod:Unknown+1","sneckomod:UnknownBlock","downfall:Malfunctioning","sneckomod:UnknownClassPURPLE+1","sneckomod:UnknownExhaust+1","sneckomod:UnknownCommonAttack","sneckomod:UnknownColorless+1","sneckomod:UnknownClassGUARDIAN","sneckomod:UnlimitedRolls","sneckomod:PureSnecko"],"relics":["sneckomod:SneckoSoul","downfall:HeartsMalice","Dream Catcher","Vajra"],"acts_visited":["Exordium"],"potions_floor_usage":[9,16,16],"damage_taken":[{"damage":0,"enemies":"Jaw Worm","floor":2,"turns":1},{"damage":0,"enemies":"2 Louse","floor":4,"turns":1},{"damage":0,"enemies":"3 Sentries","floor":8,"turns":1},{"damage":0,"enemies":"downfall:FleeingMerchant","floor":9,"turns":4},{"damage":76,"enemies":"Lagavulin","floor":13,"turns":13},{"damage":0,"enemies":"Cultist","floor":14,"turns":3},{"damage":8,"enemies":"Blue Slaver","floor":15,"turns":5},{"damage":10,"enemies":"SI_SHIV_ARCHETYPE","floor":16,"turns":7}],"seed_played":"-145357325329190131","potions_obtained":[{"floor":8,"key":"Energy Potion"},{"floor":13,"key":"SmokeBomb"},{"floor":14,"key":"Ancient Potion"},{"floor":15,"key":"Weak Potion"}],"is_trial":false,"path_per_floor":["R","M","?","M","?","R","T","E","$","?","?","R","E","M","M","B"],"character_chosen":"THE_SNECKO","items_purchased":["sneckomod:UnknownColorless"],"campfire_rested":0,"item_purchase_floors":[9],"current_hp_per_floor":[90,90,90,90,90,90,90,90,90,90,90,90,14,14,6,0,0,0],"gold":133,"neow_bonus":"THREE_ENEMY_KILL","is_daily":false,"chose_seed":false,"campfire_upgraded":2,"win_rate":0.0,"timestamp":1611452161,"path_taken":["R","M","?","M","?","R","T","E","$","?","?","R","E","M","M","BOSS"],"items_purchased_type":["Card"],"build_version":"2020-12-22","purchased_purges":0,"victory":false,"max_hp_per_floor":[90,90,90,90,90,90,90,90,90,90,90,90,90,90,90,90,90,90],"card_choices":[{"not_picked":["sneckomod:SlitherStrike","sneckomod:UnknownClassSLIMEBOUND"],"picked":"sneckomod:UnknownBlock","floor":2},{"not_picked":["sneckomod:UnknownClassBLUE","sneckomod:UnknownDraw"],"picked":"sneckomod:UnknownClassPURPLE","floor":4},{"not_picked":["sneckomod:SoulRoll","sneckomod:SnekBeam"],"picked":"sneckomod:UnknownExhaust","floor":8},{"not_picked":["sneckomod:SoulCleanse","sneckomod:QuickMove"],"picked":"sneckomod:UnknownCommonAttack","floor":9},{"not_picked":["sneckomod:UnknownClassSLIMEBOUND","sneckomod:Nope"],"picked":"sneckomod:UnknownClassGUARDIAN","floor":13},{"not_picked":["sneckomod:Nope","sneckomod:UnknownUncommonSkill"],"picked":"sneckomod:UnlimitedRolls","floor":14},{"not_picked":["sneckomod:DiceBlock","sneckomod:UnknownCommonSkill"],"picked":"sneckomod:PureSnecko","floor":15}],"player_experience":737010,"relics_obtained":[{"floor":8,"key":"Dream Catcher"},{"floor":13,"key":"Vajra"}],"event_choices":[{"cards_removed":["sneckomod:Strike"],"damage_healed":0,"gold_gain":0,"player_choice":"Card Removal","damage_taken":0,"max_hp_gain":0,"max_hp_loss":0,"event_name":"The Cleric","floor":5,"gold_loss":0}],"is_beta":false,"boss_relics":[],"items_purged_floors":[],"is_endless":false,"potions_floor_spawned":[8,13,14,15],"killed_by":"SI_SHIV_ARCHETYPE","ascension_level":3}}