{"host":"fxrgx7wt2cpkbhka","time":1611463090,"event":{"mods":["AchievementEnabler","BaseMod","Colored Powertips","Minty Spire (QoL Compilation)","Permanent Neow","Quick Restart","Slay-I","StSLib","Waifu the Spire"],"gold_per_floor":[114,114,40,115,135,135,149,162,187,187,198,198,213,232,232,331,331,331,331,331,108,63,63,63,63,63,63,63,63,63,63,63,63,63],"floor_reached":33,"language":"ENG","playtime":838,"items_purged":[],"score":386,"play_id":"4899796c-4780-49e7-b4b6-0a3f5fd69524","local_time":"20210123203810","is_ascension_mode":true,"campfire_choices":[{"data":"Caltrops","floor":6,"key":"SMITH"},{"data":"Bane","floor":12,"key":"SMITH"},{"data":"Backstab","floor":15,"key":"SMITH"},{"floor":23,"key":"REST"},{"data":"Neutralize","floor":28,"key":"SMITH"},{"floor":32,"key":"REST"}],"circlet_count":0,"master_deck":["AscendersBane","Strike_G+1","Strike_G+1","Strike_G+1","Strike_G+1","Strike_G+1","Defend_G+1","Defend_G+1","Defend_G+1","Defend_G+1","Defend_G+1","Survivor","Neutralize+1","Poisoned Stab","Caltrops+1","Backstab+1","Poisoned Stab","Poisoned Stab+1","Bane+1","Die Die Die+1","Caltrops","Terror+1"],"relics":["Ring of the Snake","NeowsBlessing","War Paint","Ectoplasm","Red Mask","Whetstone","Paper Crane","Bronze Scales"],"acts_visited":["Exordium","TheCity"],"potions_floor_usage":[31,33,33,33],"damage_taken":[{"damage":0,"enemies":"Cultist","floor":1,"turns":1},{"damage":0,"enemies":"Jaw Worm","floor":5,"turns":1},{"damage":0,"enemies":"Small Slimes","floor":7,"turns":1},{"damage":11,"enemies":"Red Slaver","floor":8,"turns":3},{"damage":3,"enemies":"Blue Slaver","floor":11,"turns":3},{"damage":11,"enemies":"3 Louse","floor":13,"turns":3},{"damage":0,"enemies":"Looter","floor":14,"turns":3},{"damage":28,"enemies":"Slime Boss","floor":16,"turns":14},{"damage":16,"enemies":"Spheric Guardian","floor":18,"turns":4},{"damage":12,"enemies":"Masked Bandits","floor":19,"turns":3},{"damage":0,"enemies":"2 Thieves","floor":22,"turns":3},{"damage":14,"enemies":"Cultist and Chosen","floor":25,"turns":4},{"damage":64,"enemies":"Gremlin Leader","floor":29,"turns":7},{"damage":6,"enemies":"Snake Plant","floor":31,"turns":3},{"damage":35,"enemies":"Collector","floor":33,"turns":5}],"seed_played":"7157232036950528554","potions_obtained":[{"floor":5,"key":"SteroidPotion"},{"floor":7,"key":"ColorlessPotion"},{"floor":11,"key":"Strength Potion"},{"floor":18,"key":"Regen Potion"},{"floor":29,"key":"Dexterity Potion"},{"floor":31,"key":"Energy Potion"}],"is_trial":false,"path_per_floor":["M","?","$","?","M","R","M","M","T","?","M","R","M","M","R","B",null,"M","?","?","$","M","R","?","M","T","?","R","E","?","M","R","B"],"character_chosen":"THE_SILENT","items_purchased":["Caltrops","Caltrops","Whetstone"],"campfire_rested":2,"item_purchase_floors":[3,21,21],"current_hp_per_floor":[63,68,68,57,57,57,57,46,46,75,72,72,61,61,61,33,65,49,37,37,37,37,59,59,45,45,70,70,6,6,9,31,0,0],"gold":63,"neow_bonus":"THREE_ENEMY_KILL","is_daily":false,"chose_seed":false,"campfire_upgraded":4,"win_rate":0.0,"timestamp":1611463090,"path_taken":["M","?","$","?","M","R","M","M","T","?","?","R","M","M","R","BOSS","M","?","?","$","M","R","?","M","T","?","R","E","?","M","R","BOSS"],"items_purchased_type":["Card","Card","Relic"],"build_version":"2020-12-22","purchased_purges":0,"victory":false,"max_hp_per_floor":[70,75,75,75,75,75,75,75,75,75,75,75,75,75,75,75,75,75,75,75,75,75,75,75,75,75,75,75,75,75,75,75,75,75],"card_choices":[{"not_picked":["Flying Knee","Crippling Poison"],"picked":"Poisoned Stab","floor":1},{"not_picked":["Quick Slash","Outmaneuver"],"picked":"Backstab","floor":5},{"not_picked":["Dash","Underhanded Strike"],"picked":"Poisoned Stab","floor":7},{"not_picked":["Bane","Finisher"],"picked":"Poisoned Stab","floor":8},{"not_picked":["Blade Dance","Deadly Poison"],"picked":"Bane","floor":11},{"not_picked":["Dagger Throw","Dagger Spray","Expertise"],"picked":"SKIP","floor":13},{"not_picked":["Predator","Dagger Throw","Flying Knee"],"picked":"SKIP","floor":14},{"not_picked":["Wraith Form v2","Corpse Explosion"],"picked":"Die Die Die","floor":16},{"not_picked":["Dagger Throw+1","Prepared","Expertise"],"picked":"SKIP","floor":18},{"not_picked":["PiercingWail","Acrobatics","Flying Knee"],"picked":"SKIP","floor":22},{"not_picked":["Quick Slash","Prepared+1","Sucker Punch"],"picked":"SKIP","floor":25},{"not_picked":["Distraction","Tools of the Trade","Dodge and Roll"],"picked":"SKIP","floor":29},{"not_picked":["Poisoned Stab","Deadly Poison"],"picked":"Terror+1","floor":31}],"player_experience":733328,"relics_obtained":[{"floor":9,"key":"War Paint"},{"floor":19,"key":"Red Mask"},{"floor":26,"key":"Paper Crane"},{"floor":29,"key":"Bronze Scales"}],"event_choices":[{"damage_healed":0,"gold_gain":0,"player_choice":"Donut","damage_taken":0,"max_hp_gain":5,"max_hp_loss":0,"event_name":"Big Fish","floor":2,"gold_loss":0},{"damage_healed":0,"gold_gain":75,"player_choice":"Gather Gold","damage_taken":11,"max_hp_gain":0,"max_hp_loss":0,"event_name":"World of Goop","floor":4,"gold_loss":0},{"damage_healed":29,"gold_gain":0,"player_choice":"Full Heal","damage_taken":0,"max_hp_gain":0,"max_hp_loss":0,"event_name":"Wheel of Change","floor":10,"gold_loss":0},{"damage_healed":0,"gold_gain":0,"player_choice":"Fought Bandits","damage_taken":0,"max_hp_gain":0,"max_hp_loss":0,"event_name":"Masked Bandits","floor":19,"gold_loss":0},{"damage_healed":0,"gold_gain":0,"player_choice":"Simplicity","damage_taken":0,"max_hp_gain":0,"max_hp_loss":0,"event_name":"Back to Basics","floor":20,"gold_loss":0,"cards_upgraded":["Strike_G","Strike_G","Strike_G","Strike_G","Strike_G","Defend_G","Defend_G","Defend_G"]},{"damage_healed":25,"gold_gain":0,"player_choice":"Heal","damage_taken":0,"max_hp_gain":0,"max_hp_loss":0,"event_name":"The Library","floor":27,"gold_loss":0},{"damage_healed":0,"gold_gain":0,"player_choice":"Ignored","damage_taken":0,"max_hp_gain":0,"max_hp_loss":0,"event_name":"Vampires","floor":30,"gold_loss":0}],"is_beta":false,"boss_relics":[{"not_picked":["Philosopher\u0027s Stone","Runic Pyramid"],"picked":"Ectoplasm"}],"items_purged_floors":[],"is_endless":false,"potions_floor_spawned":[5,7,11,16,18,19,29,31],"killed_by":"Collector","ascension_level":10}}