{"host":"nlt3cun66idbuazp","time":1611521173,"event":{"mods":["2.2 Compatiblity","Act Like it!","Aspiration","Astrologer","BaseMod","Better Altar","Better Match","Better Skull","Better Third Choice","BetterRewards","Downfall","Evolution","Grow up Mod","Halation","Hermit","Hubris","Jorbs\u0027s Wanderer Trilogy","Koishi","Minty Spire (QoL Compilation)","MostiFishMod","Prisma Mod","Rare Cards Sparkle","Remove Card Discount Mod","Shade Mod","Spicy Shops","StSLib","The Alterego","The Animator","The Blackbeard","The Construct","The Disciple","The Gatherer","The Marked","The Mystic","The Saiyan","Yuri Mod","vexMod"],"gold_per_floor":[111,111,9582,9582,9582,6843,6875,6875,6921,6946,4890,4890,4924,4924,4924,5028,5028,5044,5044,5067,1934,1894,1930,1972,1972,1972,1972,1972,1982,2008,1862,1862,1982,1982,1993,814,789,789,3990,4032,4078,4132,4156,4156,4176,4190,4090,4090,4090,4199,2799,2813,2813,2813,2813,1398,1398,1398],"floor_reached":57,"language":"ENG","playtime":2805,"items_purged":["Decay"],"score":1376,"play_id":"acaa3639-9abf-4d9b-957a-e6f219e5ce20","local_time":"20210124154613","daily_mods":["Vintage","Allstar","Heirloom","Time Dilation","Flight"],"is_ascension_mode":false,"campfire_choices":[{"data":"hubris:DuctTapeCard","floor":8,"key":"SMITH"},{"data":"1","floor":8,"key":"LIFT"},{"data":"alterego_mod:Pet","floor":12,"key":"SMITH"},{"data":"Gatherer:BomberForm","floor":12,"key":"SMITH"},{"data":"Saiyan:SuperSaiyanThree","floor":15,"key":"SMITH"},{"data":"construct:SiegeForm","floor":15,"key":"SMITH"},{"data":"Demon Form","floor":27,"key":"SMITH"},{"data":"mysticmod:GeminiForm","floor":32,"key":"SMITH"},{"data":"Guardian:ConstructionForm","floor":32,"key":"SMITH"},{"data":"alterego_mod:Palingenesis+2","floor":44,"key":"SMITH"},{"data":"alterego_mod:Palingenesis+3","floor":44,"key":"SMITH"},{"data":"sneckomod:SerpentMind","floor":49,"key":"SMITH"}],"circlet_count":6,"master_deck":["Demon Form+1","Wraith Form v2+1","Gatherer:BomberForm+1","bronze:Verify+1","stsjorbsmod:ArcaneForm+1","Saiyan:SuperSaiyanForm+1","construct:SiegeForm+1","OracleForm+1","blackbeard:UndeadForm+1","sneckomod:SerpentMind+1","astrologer:Starfield+1","mysticmod:GeminiForm+1","Guardian:ConstructionForm+1","stsjorbsmod:WastingForm+1","Slimebound:DuplicatedForm+1","Saiyan:SuperSaiyanThree+1","yuri:DragonForm","yuri:GhostForm+1","hexamod:HexaLevel","champ:GladiatorForm","MostiFishMod:Awakening+1","MostiFishMod:JungleRules+1","MostiFishMod:KingOfFree+1","MostiFishMod:PerfectForm+1","Mind Blast+1","hubris:DuctTapeCard+2","alterego_mod:Lingerie+1","alterego_mod:BiFurious+1","alterego_mod:BustOut+1","alterego_mod:Nekomimi+1","alterego_mod:Smother+1","alterego_mod:Nekomimi+1","alterego_mod:PerceptionDisorder+1","alterego_mod:ChallengeComplete+1","alterego_mod:Maid+1","alterego_mod:Pet+1","Mind Blast+1","MostiFishMod:Kaleido+1","alterego_mod:Antipathy+1","alterego_mod:Tantrum+1","alterego_mod:Santa+1","alterego_mod:Weigh+1","alterego_mod:Bounce+1","alterego_mod:SakuraPetals+1","alterego_mod:STier+1","alterego_mod:Venus+1","alterego_mod:GachaTicket+1","alterego_mod:Rake+1","alterego_mod:VirginLaserPalladion+1","alterego_mod:Palingenesis+4","alterego_mod:SideboobHour+1","alterego_mod:DestructionOfProperty+1","alterego_mod:Rake+1","Transmutation+1","Discovery+1","MostiFishMod:PerfectForm+1"],"relics":["alterego_mod:MasochisticConstitution","DaveBox","Ice Cream","ShadowXiaoBlade","The Courier","SynthV:TestCard","Dream Catcher","hubris:GlazedTorus","hubris:DuctTape","Unceasing Top","Slimebound:PreparedRelic","halation:TwoAmDonut","vexMod:Dragonfruit","Bag of Marbles","vexMod:FocusSash","hubris:OldNail","hexamod:BolsterEngine","Girya","Technique","PreservedInsect","hubris:DisguiseKit","Eternal Feather","aspiration:ArtOfWarUpgrade","champ:DuelingGlove","hubris:CrystalStatue","Frozen Egg 2","yuri:PortableGlitches","CombinedTypeHook","aspiration:StickyExplosives","Juzu Bracelet","HornCleat","halation:SwordOfLegend","hubris:SlimyHat","halation:LettersToHer","Sundial","Matryoshka","Lantern","hubris:Zylophone","Blue Candle","hubris:Metronome","Bronze Scales","Meat on the Bone","Molten Egg 2","bronze:BronzeIdol","hubris:PeanutButter","Vajra","Nunchaku","Dead Branch","aspiration:FrozenJewel","Guardian:PocketSentry","construct:FoamFinger","halation:PenCase","hubris:TenFootPole","Strawberry","halation:QuantumPhysicsTextbook","Tiny Chest","sneckomod:BlankCard","Blood Vial","Incense Burner","Akabeko","halation:AfternoonTea","hubris:ToyBattleship","Letter Opener","Kunai","Ornamental Fan","White Beast Statue","Slimebound:StickyStick","Bag of Preparation","Omamori","Prayer Wheel","War Paint","CaptainsWheel","ClockworkSouvenir","Potion Belt","Toxic Egg 2","Bottled Flame","SynthV:C4","Anchor","aspiration:FetidBarrel","Pantograph","Pen Nib","aspiration:ChemicalBlood","Centennial Puzzle","MawBank","Mummified Hand","Orichalcum","halation:IllGainedPizza","Oddly Smooth Stone","Lee\u0027s Waffle","Strange Spoon","vexMod:ScavengeHelm","aspiration:Lifesprig","aspiration:HummingbirdHeart","Whetstone","TungstenRod","Regal Pillow","halation:OrihimeAndHikoboshiSamaAndTears","Calipers","JellyFishMachine","CeramicFish","halation:PrussianBluePaint","Question Card","hubris:SphereOfDissonance","Chemical X","Sling","InkBottle","hexamod:CandleOfCauterizing","halation:WeightlessCrab","Gremlin Horn","ImprovedEquipment","Singing Bowl","Mercury Hourglass","vexMod:InvisibilityCloak","halation:Toothbrush","StrikeDummy","Shuriken","Pear","OriginationStaff","Gambling Chip","MostiFishMod:Haymaker","DianPoetry","Shovel","vexMod:HeadHunter","Lizard Tail","DianDianMeat","vexMod:RedPlottingStone","Bird Faced Urn","Du-Vu Doll","hexamod:Sixitude","SentryEyes","aspiration:AnachronicSnailShell","halation:VictoryRuler","ArrowTower","aspiration:HatOfInfinitePower","halation:Trompette","champ:DeflectingBracers","construct:BoolHorns","halation:BlackBeret","FossilizedHelix","vexMod:PlasmaPancake","Mango","Torii","hubris:MedicalManual","Thread and Needle","hubris:Potato","BionicSphere","aspiration:SneckoTail","vexMod:CardConverter","hubris:AstralHammer","Ginger","Turnip","StoneCalendar","vexMod:RetaliationKit","hubris:BundleOfHerbs","construct:RocketBooster","hubris:CuriousFeather","Circlet","SynthV:MejaisSoulstealer","vexMod:ConsolationPrize","halation:CatFaceCupcake","aspiration:VileToxins","vexMod:BarristanHead","DollysMirror","Darkstone Periapt","Toy Ornithopter","hubris:TinFlute","halation:KoshaPiece","DaCapo"],"acts_visited":["Exordium","TheCity","TheBeyond","Exordium"],"potions_floor_usage":[2],"damage_taken":[{"damage":20,"enemies":"Small Slimes","floor":1,"turns":2},{"damage":0,"enemies":"Lagavulin","floor":7,"turns":1},{"damage":0,"enemies":"Cultist","floor":10,"turns":1},{"damage":0,"enemies":"Gremlin Nob","floor":13,"turns":1},{"damage":0,"enemies":"Hexaghost","floor":16,"turns":1},{"damage":0,"enemies":"3 Byrds","floor":18,"turns":1},{"damage":0,"enemies":"Gremlin Leader","floor":23,"turns":1},{"damage":0,"enemies":"Slavers","floor":24,"turns":1},{"damage":0,"enemies":"Spheric Guardian","floor":29,"turns":1},{"damage":0,"enemies":"hubris:MusketHawk","floor":33,"turns":1},{"damage":0,"enemies":"3 Darklings","floor":35,"turns":1},{"damage":0,"enemies":"Reptomancer","floor":40,"turns":1},{"damage":0,"enemies":"Giant Head","floor":41,"turns":1},{"damage":0,"enemies":"Reptomancer","floor":42,"turns":1},{"damage":0,"enemies":"Orb Walker","floor":45,"turns":1},{"damage":0,"enemies":"Spire Growth","floor":46,"turns":1},{"damage":0,"enemies":"Time Eater","floor":50,"turns":1},{"damage":0,"enemies":"Jaw Worm","floor":52,"turns":1},{"damage":0,"enemies":"3 Sentries","floor":57,"turns":1}],"seed_played":"-5654030038922921363","potions_obtained":[{"floor":2,"key":"Fruit Juice"},{"floor":2,"key":"Guardian:BlockOnCardUsePotion"},{"floor":2,"key":"bronze:BurnAndBuffPotion"},{"floor":29,"key":"EntropicBrew"}],"is_trial":true,"path_per_floor":["M","?","$","?","T","$","E","R","T","M","$","R","E","?","R","B",null,"M","HB","T","$","?","E","E","?","T","R","?","M","T","?","R","B",null,"M","$","?","?","$","E","E","E","T","R","M","M","NS","HB","R","B",null,"M","HB","T","?","$","E"],"character_chosen":"The_Alterego","items_purchased":["Dream Catcher","hubris:GlazedTorus","hubris:DuctTape","Unceasing Top","Slimebound:PreparedRelic","halation:TwoAmDonut","vexMod:Dragonfruit","Bag of Marbles","vexMod:FocusSash","hubris:OldNail","hexamod:BolsterEngine","Girya","Technique","PreservedInsect","hubris:DisguiseKit","Eternal Feather","Art of War","champ:DuelingGlove","hubris:CrystalStatue","Frozen Egg 2","yuri:PortableGlitches","CombinedTypeHook","aspiration:StickyExplosives","Juzu Bracelet","HornCleat","halation:SwordOfLegend","hubris:SlimyHat","halation:LettersToHer","Sundial","Matryoshka","Lantern","hubris:Zylophone","Blue Candle","hubris:Metronome","Bronze Scales","Meat on the Bone","Molten Egg 2","bronze:BronzeIdol","hubris:PeanutButter","Vajra","Nunchaku","Dead Branch","aspiration:FrozenJewel","Guardian:PocketSentry","construct:FoamFinger","halation:PenCase","hubris:TenFootPole","Strawberry","halation:QuantumPhysicsTextbook","Tiny Chest","sneckomod:BlankCard","Blood Vial","Incense Burner","Akabeko","halation:AfternoonTea","hubris:ToyBattleship","Letter Opener","Kunai","alterego_mod:Lingerie+1","alterego_mod:BiFurious+1","alterego_mod:BustOut+1","alterego_mod:Nekomimi+1","alterego_mod:Smother+1","alterego_mod:Nekomimi+1","alterego_mod:PerceptionDisorder+1","alterego_mod:ChallengeComplete+1","alterego_mod:Maid+1","alterego_mod:Pet","Mind Blast+1","MostiFishMod:Kaleido","Slimebound:StickyStick","Bag of Preparation","Omamori","Prayer Wheel","War Paint","CaptainsWheel","ClockworkSouvenir","Potion Belt","DuplicationPotion","SkillPotion","ColorlessPotion","Toxic Egg 2","Bottled Flame","SynthV:C4","Anchor","aspiration:FetidBarrel","Pantograph","Pen Nib","alterego_mod:Antipathy+1","Orichalcum","halation:IllGainedPizza","Oddly Smooth Stone","Lee\u0027s Waffle","Strange Spoon","vexMod:ScavengeHelm","aspiration:Lifesprig","aspiration:HummingbirdHeart","Whetstone","alterego_mod:Tantrum+1","EntropicBrew","TungstenRod","Regal Pillow","halation:OrihimeAndHikoboshiSamaAndTears","Question Card","hubris:SphereOfDissonance","Chemical X","Sling","InkBottle","hexamod:CandleOfCauterizing","vexMod:BerryBomb","halation:WeightlessCrab","Gremlin Horn","ImprovedEquipment","Singing Bowl","Mercury Hourglass","vexMod:InvisibilityCloak","halation:Toothbrush","alterego_mod:Bounce+1","alterego_mod:Complex+1","StrikeDummy","Shuriken","Lizard Tail","DianDianMeat","vexMod:RedPlottingStone","Bird Faced Urn","alterego_mod:Venus+1","alterego_mod:GachaTicket+1","Du-Vu Doll","hexamod:Sixitude","SentryEyes","aspiration:AnachronicSnailShell","halation:VictoryRuler","ArrowTower","aspiration:HatOfInfinitePower","halation:Trompette","champ:DeflectingBracers","construct:BoolHorns","halation:BlackBeret","FossilizedHelix","vexMod:PlasmaPancake","Mango","Torii","hubris:MedicalManual","Thread and Needle","hubris:Potato","BionicSphere","aspiration:SneckoTail","vexMod:CardConverter","hubris:AstralHammer","Ginger","Turnip","StoneCalendar","vexMod:RetaliationKit","hubris:BundleOfHerbs","construct:RocketBooster","hubris:CuriousFeather","aspiration:VileToxins","vexMod:BarristanHead","Transmutation+1","Discovery+1","DollysMirror","Darkstone Periapt","Toy Ornithopter","hubris:TinFlute","halation:KoshaPiece","DaCapo"],"campfire_rested":0,"item_purchase_floors":[3,3,3,3,3,3,3,3,3,3,3,3,3,3,3,3,3,3,3,3,3,3,3,3,3,3,3,3,3,3,3,3,3,3,3,3,3,3,3,3,3,3,3,3,3,3,3,3,3,3,3,3,3,3,3,3,3,3,3,3,3,3,3,3,3,3,3,6,6,6,6,6,6,6,6,6,6,6,6,6,6,6,6,6,6,6,6,6,6,11,11,11,11,11,11,11,11,11,11,11,11,11,11,21,21,21,21,21,21,21,21,21,21,21,21,21,21,21,21,21,21,36,36,36,36,36,36,39,39,39,39,39,39,39,39,39,39,39,39,39,39,39,39,39,39,39,39,39,39,39,39,39,39,39,39,39,56,56,56,56,56,56,56,56,56,56],"current_hp_per_floor":[87,102,124,134,144,154,166,178,188,198,215,225,235,245,255,265,275,285,153,163,179,189,211,221,231,241,251,161,173,186,199,239,284,319,329,342,352,362,398,416,441,470,480,490,500,510,526,273,283,304,314,324,334,344,354,403,403,403],"gold":1398,"neow_bonus":"","is_daily":false,"chose_seed":false,"campfire_upgraded":11,"win_rate":0.0,"timestamp":1611521173,"path_taken":["M","?","$","?","?","$","E","R","T","M","$","R","E","?","R","BOSS","M","HB","?","$","?","E","E","?","T","R","?","M","?","?","R","BOSS","M","$","?","?","$","E","E","E","T","R","M","M","NS","HB","R","BOSS","M","HB","?","?","$","E"],"items_purchased_type":["Relic","Relic","Relic","Relic","Relic","Relic","Relic","Relic","Relic","Relic","Relic","Relic","Relic","Relic","Relic","Relic","Relic","Relic","Relic","Relic","Relic","Relic","Relic","Relic","Relic","Relic","Relic","Relic","Relic","Relic","Relic","Relic","Relic","Relic","Relic","Relic","Relic","Relic","Relic","Relic","Relic","Relic","Relic","Relic","Relic","Relic","Relic","Relic","Relic","Relic","Relic","Relic","Relic","Relic","Relic","Relic","Relic","Relic","Card","Card","Card","Card","Card","Card","Card","Card","Card","Card","Card","Card","Relic","Relic","Relic","Relic","Relic","Relic","Relic","Relic","Potion","Potion","Potion","Relic","Relic","Relic","Relic","Relic","Relic","Relic","Card","Relic","Relic","Relic","Relic","Relic","Relic","Relic","Relic","Relic","Card","Potion","Relic","Relic","Relic","Relic","Relic","Relic","Relic","Relic","Relic","Relic","Relic","Relic","Relic","Relic","Relic","Relic","Relic","Card","Card","Relic","Relic","Relic","Relic","Relic","Relic","Card","Card","Relic","Relic","Relic","Relic","Relic","Relic","Relic","Relic","Relic","Relic","Relic","Relic","Relic","Relic","Relic","Relic","Relic","Relic","Relic","Relic","Relic","Relic","Relic","Relic","Relic","Relic","Relic","Relic","Relic","Relic","Relic","Card","Card","Relic","Relic","Relic","Relic","Relic","Relic"],"build_version":"2020-12-22","purchased_purges":1,"victory":false,"max_hp_per_floor":[91,106,128,138,148,158,168,178,188,198,215,225,235,245,255,265,275,285,153,163,179,189,211,221,231,241,251,261,271,281,291,301,309,319,329,342,352,362,398,416,441,470,480,490,500,510,526,273,283,304,314,324,334,344,354,403,403,403],"card_choices":[{"not_picked":["alterego_mod:SakuraPetals+1","alterego_mod:Rip","alterego_mod:HighServant+1","alterego_mod:TrashNCrash+1","Compile Driver"],"picked":"alterego_mod:Jiggle+1","floor":7},{"not_picked":["alterego_mod:1TonWallop+1","alterego_mod:Rip","alterego_mod:HighServant+1","alterego_mod:Pet+1","Rebound"],"picked":"alterego_mod:Santa+1","floor":13},{"not_picked":["alterego_mod:TrickOrTreatment+1","alterego_mod:Valkyrie+1","alterego_mod:PainIsPleasure+1","alterego_mod:SideboobHour+1","Echo Form"],"picked":"alterego_mod:Weigh+1","floor":16},{"not_picked":["alterego_mod:BusterCard+1","alterego_mod:DustData+1","alterego_mod:DiscoLights+1","alterego_mod:Bounce+1","alterego_mod:Bloomers+1","alterego_mod:Support+1","Gash"],"picked":"Singing Bowl","floor":23},{"not_picked":["alterego_mod:Rip","alterego_mod:SakuraLabyrinth+1","alterego_mod:IndependentAction+1","alterego_mod:MagicResistance+1","alterego_mod:Cycle+1","Coolheaded"],"picked":"alterego_mod:SakuraPetals+1","floor":24},{"not_picked":["alterego_mod:BrynhildrRomantia+1","alterego_mod:Rake+1","alterego_mod:Palingenesis+1","alterego_mod:ClassAdvantage+1","alterego_mod:Antipathy+1","MostiFishMod:SeaWaves"],"picked":"alterego_mod:STier+1","floor":33},{"not_picked":["alterego_mod:SideboobHour","alterego_mod:Venus","alterego_mod:VirginLaserPalladion"],"picked":"alterego_mod:Rake","floor":40},{"not_picked":["alterego_mod:DustData+1","alterego_mod:Belle+1","alterego_mod:TrashNCrash+1","alterego_mod:DeftHands+1","alterego_mod:SuperDuperMasochism+1","alterego_mod:Skirt+1","Static Discharge"],"picked":"Singing Bowl","floor":40},{"not_picked":["alterego_mod:Valkyrie","alterego_mod:Vow","alterego_mod:Lift"],"picked":"alterego_mod:VirginLaserPalladion","floor":41},{"not_picked":["alterego_mod:Bunnysuit+1","alterego_mod:TrashNCrash+1","alterego_mod:GoddessCore+1","alterego_mod:Smother+1","alterego_mod:DeftHands+1","Scrape"],"picked":"alterego_mod:Palingenesis+1","floor":41},{"not_picked":["alterego_mod:Weigh","alterego_mod:Rake","alterego_mod:VirginLaserPalladion"],"picked":"alterego_mod:SideboobHour","floor":42},{"not_picked":["alterego_mod:Valentines+1","alterego_mod:Skirt+1","alterego_mod:Jiggle+1","alterego_mod:Tantrum+1","alterego_mod:HighServant+1","Compile Driver"],"picked":"alterego_mod:DestructionOfProperty+1","floor":42},{"not_picked":["alterego_mod:Tantrum+1","alterego_mod:ClassAdvantage+1","alterego_mod:BrynhildrRomantia+1","alterego_mod:Palingenesis+1","alterego_mod:Vow+1","hubris:DoWhile"],"picked":"alterego_mod:Rake+1","floor":50}],"player_experience":168682,"relics_obtained":[{"floor":1,"key":"The Courier"},{"floor":1,"key":"SynthV:TestCard"},{"floor":5,"key":"halation:LettersToHer"},{"floor":5,"key":"Ornamental Fan"},{"floor":5,"key":"White Beast Statue"},{"floor":7,"key":"aspiration:ChemicalBlood"},{"floor":9,"key":"halation:LettersToHer"},{"floor":9,"key":"Centennial Puzzle"},{"floor":9,"key":"MawBank"},{"floor":10,"key":"Mummified Hand"},{"floor":13,"key":"Calipers"},{"floor":18,"key":"CeramicFish"},{"floor":20,"key":"halation:LettersToHer"},{"floor":20,"key":"halation:PrussianBluePaint"},{"floor":23,"key":"Pear"},{"floor":24,"key":"OriginationStaff"},{"floor":26,"key":"halation:LettersToHer"},{"floor":26,"key":"Gambling Chip"},{"floor":29,"key":"MostiFishMod:Haymaker"},{"floor":30,"key":"DianPoetry"},{"floor":30,"key":"halation:LettersToHer"},{"floor":35,"key":"vexMod:HeadHunter"},{"floor":40,"key":"Circlet"},{"floor":41,"key":"Circlet"},{"floor":42,"key":"Circlet"},{"floor":43,"key":"halation:LettersToHer"},{"floor":43,"key":"Circlet"},{"floor":45,"key":"Circlet"},{"floor":46,"key":"Circlet"},{"floor":52,"key":"vexMod:ConsolationPrize"},{"floor":54,"key":"halation:LettersToHer"}],"event_choices":[{"damage_healed":0,"gold_gain":0,"player_choice":"Got Potions","damage_taken":0,"max_hp_gain":0,"max_hp_loss":0,"event_name":"Lab","floor":2,"gold_loss":0},{"damage_healed":0,"gold_gain":0,"player_choice":"Upgraded","damage_taken":0,"max_hp_gain":0,"max_hp_loss":0,"event_name":"Upgrade Shrine","floor":4,"gold_loss":0,"cards_upgraded":["MostiFishMod:JungleRules"]},{"damage_healed":0,"gold_gain":0,"player_choice":"Ignored","damage_taken":0,"max_hp_gain":0,"max_hp_loss":0,"event_name":"Purifier","floor":14,"gold_loss":0},{"damage_healed":0,"gold_gain":0,"player_choice":"Upgraded Two","damage_taken":0,"max_hp_gain":0,"max_hp_loss":0,"event_name":"Designer","floor":22,"gold_loss":40,"cards_upgraded":["stsjorbsmod:WastingForm","stsjorbsmod:ArcaneForm"]},{"damage_healed":0,"gold_gain":0,"player_choice":"UP UP UP UP UP ","damage_taken":221,"relics_obtained":[],"max_hp_gain":0,"max_hp_loss":0,"event_name":"betterSkull:BetterSkull","floor":28,"gold_loss":0,"cards_upgraded":["Wraith Form v2","astrologer:Starfield","Slimebound:DuplicatedForm","bronze:Verify","OracleForm"]},{"damage_healed":0,"gold_gain":0,"player_choice":"Paid Gold","damage_taken":0,"relics_obtained":["Shovel"],"max_hp_gain":0,"max_hp_loss":0,"event_name":"WeMeetAgain","floor":31,"gold_loss":146},{"damage_healed":0,"gold_gain":0,"player_choice":"Bought 0 Potions","damage_taken":0,"max_hp_gain":0,"max_hp_loss":0,"event_name":"The Woman in Blue","floor":38,"gold_loss":0}],"is_beta":false,"boss_relics":[{"not_picked":["RhineSuit","Transparent"],"picked":"JellyFishMachine"},{"not_picked":["hubris:CrackedHourglass","HereWithMe","halation:SmartPhone"]},{"not_picked":["FixedStarFall","hubris:TerracottaHorce"],"picked":"SynthV:MejaisSoulstealer"}],"items_purged_floors":[39],"is_endless":true,"potions_floor_spawned":[7,10,13,16,18,23,24,29,33,35,40,41,42,45,46,50,52],"killed_by":"3 Sentries","ascension_level":0}}