{"host":"kxbvub3a5s21lqnr","time":1611499130,"event":{"mods":["Bard","BaseMod","Dota2Spire","Minty Spire (QoL Compilation)","MostiFishMod","Reimu£®≤©¿ˆ¡È√Œ£©","Remilia£®¿Ÿ√◊¿Ú—«£©","StSLib","The Cursed","The Hierophant","Yakumo Yukari mod","Youmu£®ªÍ∆«—˝√Œ£©","Yuyuko"],"gold_per_floor":[114,114,114,132,149,182,225,256,256,256,256,58,100,128,128,255,255,250,274,36,36,58,83,83,172,217,217,217,295,349,349,349,437,437,517,517,626,144,124,194,194,295,319,411,494,626,626,694,694,643,643,643,16,120,122,122],"floor_reached":55,"language":"ZHS","playtime":2760,"items_purged":["MostiFishMod:Neptune"],"score":1044,"play_id":"ebc44b68-a4d4-4791-bcd1-d42556c90a33","local_time":"20210124223850","is_ascension_mode":true,"campfire_choices":[{"floor":15,"key":"REST"},{"floor":24,"key":"RECALL"},{"data":"MostiFishMod:NightSea","floor":27,"key":"SMITH"},{"floor":32,"key":"REST"},{"floor":41,"key":"REST"},{"floor":47,"key":"REST"},{"data":"MostiFishMod:FantasySummer","floor":49,"key":"SMITH"},{"data":"hierophant:Purify","floor":52,"key":"SMITH"}],"circlet_count":0,"master_deck":["hierophant:Strike_Hierophant","hierophant:Strike_Hierophant","hierophant:Strike_Hierophant","hierophant:Strike_Hierophant+1","hierophant:Punish","hierophant:Defend_Hierophant+1","hierophant:Defend_Hierophant+1","hierophant:Defend_Hierophant","hierophant:ChurchCoffers","hierophant:Sermon","hierophant:SealAway","hierophant:Doubloon","hierophant:PassingBell+1","hierophant:PristineSoul","hierophant:ThreeLashes","hierophant:RepressedViolence","hierophant:Blessing","MostiFishMod:TheEndOfMoonlight","MostiFishMod:SparklingWater+1","MostiFishMod:FantasySummer+1","MostiFishMod:NightSea+1","hierophant:ArchangelShield","hierophant:Embezzle","hierophant:BulkyChest","hierophant:Martyrdom+1","hierophant:Doubloon","hierophant:ConvertCurrency+1","hierophant:Doubloon","hierophant:Generosity","hierophant:Racketeering","hierophant:SealAway","hierophant:LocustPlague","hierophant:Shelter+1","hierophant:Empathy+1","hierophant:Encroach+1","hierophant:Bribe+1","hierophant:Purify+1","hierophant:Shelter+1"],"relics":["hierophant:PropheticMaskRelic","DaveBox","SynthV","NeowsBlessing","SynthV:TestCard","War Paint","Omamori","Dota2Spire:AghanimScepter","Golden Idol","Dota2Spire:UrnOfShadows","MoonlightInvasionPlan","Dota2Spire:PowerTreads","Dota2Spire:BattleFury","Dota2Spire:Butterfly","Question Card","Dota2Spire:LinkenSphere","Dota2Spire:Bloodstone","Dota2Spire:HeartOfTarrasque","Whetstone","Meat on the Bone","Centennial Puzzle","Dota2Spire:EchoSabre","Pen Nib","Torii","Anchor","ThornShield","Kunai","SynthV:C4"],"acts_visited":["Exordium","TheCity","TheBeyond","TheEnding"],"potions_floor_usage":[8,13,14,16,16,22,30,33,40,40,50,50,55,55],"damage_taken":[{"damage":0.0,"enemies":"Cultist","floor":1.0,"turns":1.0},{"damage":0.0,"enemies":"Jaw Worm","floor":4.0,"turns":1.0},{"damage":0.0,"enemies":"Small Slimes","floor":5.0,"turns":1.0},{"damage":9.0,"enemies":"3 Sentries","floor":6.0,"turns":6.0},{"damage":13.0,"enemies":"2 Fungi Beasts","floor":7.0,"turns":3.0},{"damage":23,"enemies":"Lagavulin","floor":8,"turns":8},{"damage":0,"enemies":"Large Slime","floor":13,"turns":4},{"damage":1,"enemies":"Lots of Slimes","floor":14,"turns":4},{"damage":33,"enemies":"The Guardian","floor":16,"turns":15},{"damage":26,"enemies":"2 Thieves","floor":18,"turns":4},{"damage":0,"enemies":"3 Byrds","floor":22,"turns":2},{"damage":5,"enemies":"Gremlin Leader","floor":23,"turns":6},{"damage":33,"enemies":"Book of Stabbing","floor":25,"turns":3},{"damage":0,"enemies":"Shelled Parasite and Fungi","floor":29,"turns":2},{"damage":14,"enemies":"Snake Plant","floor":30,"turns":6},{"damage":8,"enemies":"Champ","floor":33,"turns":6},{"damage":12,"enemies":"3 Darklings","floor":35,"turns":5},{"damage":21,"enemies":"Mind Bloom Boss Battle","floor":37,"turns":9},{"damage":51,"enemies":"Giant Head","floor":40,"turns":10},{"damage":14,"enemies":"Reptomancer","floor":42,"turns":7},{"damage":0,"enemies":"Orb Walker","floor":44,"turns":1},{"damage":50,"enemies":"Spire Growth","floor":45,"turns":6},{"damage":0,"enemies":"2 Orb Walkers","floor":46,"turns":1},{"damage":7,"enemies":"Giant Head","floor":48,"turns":4},{"damage":46,"enemies":"Time Eater","floor":50,"turns":15},{"damage":0,"enemies":"Shield and Spear","floor":54,"turns":4},{"damage":92,"enemies":"The Heart","floor":55,"turns":12}],"seed_played":"7035651243546021065","potions_obtained":[{"floor":4.0,"key":"Explosive Potion"},{"floor":5.0,"key":"SpeedPotion"},{"floor":7.0,"key":"Energy Potion"},{"floor":8,"key":"Block Potion"},{"floor":14,"key":"Dexterity Potion"},{"floor":18,"key":"DistilledChaos"},{"floor":23,"key":"LiquidBronze"},{"floor":29,"key":"Block Potion"},{"floor":37,"key":"Dexterity Potion"},{"floor":39,"key":"SkillPotion"},{"floor":42,"key":"Ancient Potion"},{"floor":44,"key":"SneckoOil"},{"floor":45,"key":"Block Potion"},{"floor":54,"key":"DuplicationPotion"}],"is_trial":false,"path_per_floor":["M","?","?","M","M","E","M","E","T","?","?","$","M","M","R","B",null,"M","T","$","?","M","E","R","E","T","R","?","M","M","T","R","B",null,"M","?","?","$","?","E","R","E","T","M","M","?","R","E","R","B",null,"R","$","E","B"],"character_chosen":"HIEROPHANT","items_purchased":["Dota2Spire:UrnOfShadows","Dota2Spire:HealingSalve","Dota2Spire:BattleFury","Whetstone","Meat on the Bone","hierophant:LocustPlague","ThornShield","Kunai"],"campfire_rested":4,"item_purchase_floors":[12,12,20,38,38,38,53,53],"current_hp_per_floor":[75,68,68,68,68,59,46,23,23,23,23,23,35,34,56,48,75,49,49,49,49,51,61,61,32,32,32,32,32,25,25,47,75,75,71,71,74,74,74,46,70,60,60,60,29,41,65,62,62,53,83,83,83,83,0,0],"gold":122,"neow_bonus":"THREE_ENEMY_KILL","is_daily":false,"chose_seed":false,"campfire_upgraded":3,"win_rate":0.0,"timestamp":1611499130,"path_taken":["M","?","?","M","M","E","M","E","T","?","?","?","M","?","R","BOSS","M","?","$","?","?","E","R","E","T","R","?","M","M","?","R","BOSS","M","?","?","$","?","E","R","E","T","M","?","?","R","E","R","BOSS","R","$","E","BOSS"],"items_purchased_type":["Relic","Potion","Relic","Relic","Relic","Card","Relic","Relic"],"build_version":"2020-12-22","purchased_purges":1,"victory":false,"max_hp_per_floor":[75,75,75,75,75,75,75,75,75,75,75,75,75,75,75,75,75,75,75,75,75,75,75,75,75,75,75,75,75,75,75,75,75,75,75,75,83,83,83,83,83,83,83,83,83,83,83,83,83,83,83,83,83,83,83,83],"card_choices":[{"not_picked":["hierophant:Remorse","hierophant:Smite"],"picked":"hierophant:Sermon","floor":1.0},{"not_picked":["hierophant:OrnateJavelin","hierophant:Rebuild","hierophant:AuricShield","hierophant:PassingBell"],"picked":"hierophant:SealAway","floor":4.0},{"not_picked":["hierophant:RustyCrate","hierophant:Mercenaries","hierophant:TollTheBells","hierophant:MirrorShield"],"picked":"hierophant:Doubloon","floor":5.0},{"not_picked":["hierophant:HolyVerse","hierophant:Doubloon","hierophant:DisplayOfPower","hierophant:Racketeering"],"picked":"hierophant:PassingBell","floor":6.0},{"not_picked":["hierophant:OrnateBuckler","hierophant:Sermon","hierophant:SealAway","hierophant:Glossolalia"],"picked":"hierophant:PristineSoul","floor":7.0},{"not_picked":["hierophant:Glossolalia","hierophant:OrnateJavelin","hierophant:LocustPlague","hierophant:EyeForCoin"],"picked":"hierophant:ThreeLashes","floor":8},{"not_picked":["hierophant:Glossolalia","hierophant:Smite","hierophant:RustyCrate","hierophant:Anathema"],"picked":"hierophant:RepressedViolence","floor":13},{"not_picked":["hierophant:FieryStrike","hierophant:Sermon","hierophant:RustyCrate","hierophant:Zeal"],"picked":"hierophant:Blessing","floor":14},{"not_picked":["hierophant:Kindle","hierophant:Cornucopia","hierophant:LocustPlague","hierophant:Anathema"],"picked":"hierophant:Determination","floor":16},{"not_picked":["hierophant:MorningPrayer","hierophant:OrnateBuckler","hierophant:AuricBeam","hierophant:Alms"],"picked":"hierophant:ArchangelShield","floor":18},{"not_picked":["hierophant:Alms","hierophant:HolyVerse","hierophant:MirrorShield","hierophant:OrnateBuckler"],"picked":"hierophant:Embezzle","floor":22},{"not_picked":["hierophant:ArchangelShield","hierophant:DisplayOfPower","hierophant:CoinFling","hierophant:Flagellation+1"],"picked":"hierophant:BulkyChest","floor":23},{"not_picked":["hierophant:PassingBell","hierophant:HammerAndAnvil","hierophant:Charity","hierophant:Cornucopia","hierophant:Patience"],"picked":"SKIP","floor":25},{"not_picked":["hierophant:FieryStrike+1","hierophant:Embezzle","hierophant:Shelter","hierophant:MorningPrayer+1","hierophant:PristineSoul"],"picked":"hierophant:Martyrdom+1","floor":29},{"not_picked":["hierophant:AuricBeam","hierophant:MirrorShield+1","hierophant:Endure","hierophant:PassingBell","hierophant:RepressedViolence"],"picked":"hierophant:ConvertCurrency+1","floor":30},{"not_picked":["hierophant:Batter","hierophant:DeathKnell","hierophant:Anathema","hierophant:LocustPlague","hierophant:Invocation"],"picked":"hierophant:Generosity","floor":33},{"not_picked":["hierophant:RepressedViolence+1","hierophant:Sermon+1","hierophant:MorningPrayer","hierophant:Purify+1","hierophant:AuricBeam+1"],"picked":"hierophant:Racketeering","floor":35},{"not_picked":["hierophant:Levitation","hierophant:TollTheBells","hierophant:Mercenaries","hierophant:DisplayOfPower","hierophant:SolarFlare+1"],"picked":"hierophant:SealAway","floor":37},{"not_picked":["hierophant:EyeForCoin","hierophant:TollTheBells+1","hierophant:DeathKnell","hierophant:PristineSoul+1","hierophant:Doubloon+1"],"picked":"hierophant:Shelter+1","floor":40},{"not_picked":["hierophant:PassingBell","hierophant:Shelter","hierophant:Flagellation+1","hierophant:Chorus","hierophant:ArchangelShield"],"picked":"hierophant:Empathy+1","floor":42},{"not_picked":["hierophant:FlamingChariot","hierophant:Doubloon+1","hierophant:SealAway","hierophant:DisplayOfPower","hierophant:HolyVerse"],"picked":"hierophant:Encroach+1","floor":44},{"not_picked":["hierophant:FlamingChariot","hierophant:FieryStrike+1","hierophant:RustyCrate+1","hierophant:DisplayOfPower","hierophant:RepressedViolence+1"],"picked":"hierophant:Bribe+1","floor":45},{"not_picked":["hierophant:Upheaval+1","hierophant:OrnateJavelin+1","hierophant:FlamingChariot+1","hierophant:SealAway","hierophant:Doubloon"],"picked":"hierophant:Purify","floor":46},{"not_picked":["hierophant:MintersHammer","hierophant:ThreeLashes","hierophant:PassingBell+1","hierophant:HolyVerse+1","hierophant:Zeal","hierophant:Doubloon"],"picked":"SKIP","floor":48},{"not_picked":["hierophant:RustyCrate+1","hierophant:SolarFlare","hierophant:Embezzle+1","hierophant:HammerAndAnvil+1","hierophant:Rebuild"],"picked":"hierophant:Shelter+1","floor":54}],"player_experience":75401,"relics_obtained":[{"floor":1.0,"key":"SynthV:TestCard"},{"floor":6.0,"key":"War Paint"},{"floor":8,"key":"Omamori"},{"floor":9,"key":"Dota2Spire:AghanimScepter"},{"floor":19,"key":"Dota2Spire:PowerTreads"},{"floor":23,"key":"Dota2Spire:Butterfly"},{"floor":25,"key":"Question Card"},{"floor":31,"key":"Dota2Spire:LinkenSphere"},{"floor":37,"key":"Dota2Spire:HeartOfTarrasque"},{"floor":40,"key":"Centennial Puzzle"},{"floor":42,"key":"Dota2Spire:EchoSabre"},{"floor":43,"key":"Pen Nib"},{"floor":46,"key":"Torii"},{"floor":48,"key":"Anchor"},{"floor":54,"key":"SynthV:C4"}],"event_choices":[{"cards_removed":["hierophant:Defend_Hierophant"],"damage_healed":0.0,"max_hp_gain":0.0,"max_hp_loss":0.0,"gold_gain":0.0,"event_name":"Golden Wing","player_choice":"Card Removal","floor":2.0,"gold_loss":0.0,"damage_taken":7.0},{"damage_healed":0.0,"max_hp_gain":0.0,"max_hp_loss":0.0,"gold_gain":0.0,"event_name":"The Cleric","player_choice":"Leave","floor":3.0,"gold_loss":0.0,"damage_taken":0.0},{"damage_healed":0,"gold_gain":0,"player_choice":"Ignored","damage_taken":0,"max_hp_gain":0,"max_hp_loss":0,"event_name":"Shining Light","floor":10,"gold_loss":0},{"damage_healed":0,"gold_gain":0,"player_choice":"Take Wound","damage_taken":0,"relics_obtained":["Golden Idol"],"max_hp_gain":0,"max_hp_loss":0,"event_name":"Golden Idol","floor":11,"gold_loss":0,"cards_obtained":["Injury"]},{"damage_healed":0,"gold_gain":0,"player_choice":"Upgraded","damage_taken":0,"max_hp_gain":0,"max_hp_loss":0,"event_name":"Upgrade Shrine","floor":21,"gold_loss":0,"cards_upgraded":["MostiFishMod:SparklingWater"]},{"damage_healed":0,"gold_gain":0,"player_choice":"Ignored","damage_taken":0,"max_hp_gain":0,"max_hp_loss":0,"event_name":"Beggar","floor":28,"gold_loss":0},{"cards_removed":["hierophant:Determination"],"damage_healed":0,"gold_gain":0,"player_choice":"Removed Power","damage_taken":0,"max_hp_gain":0,"max_hp_loss":0,"event_name":"Falling","floor":36,"gold_loss":0},{"damage_healed":0,"gold_gain":0,"player_choice":"Fight","damage_taken":0,"max_hp_gain":0,"max_hp_loss":0,"event_name":"MindBloom","floor":37,"gold_loss":0},{"damage_healed":0,"gold_gain":0,"player_choice":"Bought 1 Potion","damage_taken":0,"max_hp_gain":0,"max_hp_loss":0,"event_name":"The Woman in Blue","floor":39,"gold_loss":0},{"damage_healed":0,"gold_gain":0,"player_choice":"Fight","damage_taken":0,"max_hp_gain":0,"max_hp_loss":0,"event_name":"Mysterious Sphere","floor":46,"gold_loss":0}],"is_beta":false,"boss_relics":[{"not_picked":["BloodWine","RhineFirstAidKit"],"picked":"MoonlightInvasionPlan"},{"not_picked":["HereWithMe","RhineCircuit"],"picked":"Dota2Spire:Bloodstone"}],"items_purged_floors":[53],"is_endless":false,"potions_floor_spawned":[4,5,7,8,14,18,23,29,37,42,44,45,48,54],"killed_by":"The Heart","ascension_level":1}}