{"host":"8rqsnaeml9gxb0kp","time":1611462831,"event":{"mods":["AchievementEnabler","BaseMod","Dark Map","Minty Spire (QoL Compilation)","StSLib"],"gold_per_floor":[110,129,143,153,6,6,39,39,39,39,57,88,104,104,104,208,208,224,238,251,19,38,38,51,85,110,110,110],"floor_reached":27,"language":"ENG","playtime":1021,"items_purged":["Strike_R"],"score":371,"play_id":"4aee77e0-7ac5-4b73-9ab6-69563bea4cb3","local_time":"20210123203351","is_ascension_mode":true,"campfire_choices":[{"data":"Carnage","floor":6,"key":"SMITH"},{"floor":8,"key":"REST"},{"data":"Bludgeon","floor":10,"key":"SMITH"},{"floor":15,"key":"REST"},{"data":"Bludgeon","floor":23,"key":"SMITH"}],"circlet_count":0,"master_deck":["AscendersBane","Strike_R","Strike_R","Strike_R","Strike_R","Defend_R","Defend_R","Defend_R","Defend_R","Bash","Perfected Strike","Carnage+1","Thunderclap","Clothesline","Bludgeon+1","Bludgeon+1","Armaments","Demon Form","Clothesline+1","Dual Wield+1","Clothesline+1"],"relics":["Runic Pyramid","Oddly Smooth Stone","Mercury Hourglass","Paper Frog","Matryoshka","Velvet Choker","Lee\u0027s Waffle","Eternal Feather","Bronze Scales","Blood Vial"],"acts_visited":["Exordium","TheCity"],"potions_floor_usage":[12,16,16,25,27],"damage_taken":[{"damage":10,"enemies":"Small Slimes","floor":1,"turns":4},{"damage":1,"enemies":"Cultist","floor":2,"turns":3},{"damage":2,"enemies":"Jaw Worm","floor":3,"turns":3},{"damage":9,"enemies":"2 Fungi Beasts","floor":4,"turns":2},{"damage":32,"enemies":"3 Sentries","floor":7,"turns":6},{"damage":0,"enemies":"Large Slime","floor":11,"turns":4},{"damage":28,"enemies":"Lagavulin","floor":12,"turns":4},{"damage":2,"enemies":"Blue Slaver","floor":13,"turns":2},{"damage":25,"enemies":"The Guardian","floor":16,"turns":9},{"damage":5,"enemies":"Spheric Guardian","floor":18,"turns":3},{"damage":8,"enemies":"Shell Parasite","floor":19,"turns":3},{"damage":10,"enemies":"Snecko","floor":20,"turns":4},{"damage":0,"enemies":"Snake Plant","floor":22,"turns":2},{"damage":9,"enemies":"Centurion and Healer","floor":24,"turns":4},{"damage":44,"enemies":"Book of Stabbing","floor":25,"turns":5},{"damage":42,"enemies":"Gremlin Leader","floor":27,"turns":6}],"seed_played":"856868030361832876","potions_obtained":[{"floor":2,"key":"Dexterity Potion"},{"floor":7,"key":"Energy Potion"},{"floor":12,"key":"LiquidBronze"},{"floor":13,"key":"Dexterity Potion"},{"floor":16,"key":"BlessingOfTheForge"},{"floor":18,"key":"Ancient Potion"}],"is_trial":false,"path_per_floor":["M","M","M","M","$","R","E","R","T","R","M","E","M","?","R","B",null,"M","M","M","$","M","R","M","E","T","E"],"character_chosen":"IRONCLAD","items_purchased":["Oddly Smooth Stone","Lee\u0027s Waffle"],"campfire_rested":2,"item_purchase_floors":[5,21],"current_hp_per_floor":[62,61,59,50,50,50,18,42,42,42,42,14,12,12,36,11,63,58,50,40,87,87,87,78,34,34,0,0],"gold":110,"neow_bonus":"BOSS_RELIC","is_daily":false,"chose_seed":false,"campfire_upgraded":3,"win_rate":0.0,"timestamp":1611462831,"path_taken":["M","M","M","M","$","R","E","R","T","R","M","E","M","?","R","BOSS","M","M","M","$","M","R","M","E","T","E"],"items_purchased_type":["Relic","Relic"],"build_version":"2020-12-22","purchased_purges":1,"victory":false,"max_hp_per_floor":[80,80,80,80,80,80,80,80,80,80,80,80,80,80,80,80,80,80,80,80,87,87,87,87,87,87,87,87],"card_choices":[{"not_picked":["Sword Boomerang","Intimidate"],"picked":"Perfected Strike","floor":1},{"not_picked":["Pommel Strike","Perfected Strike"],"picked":"Carnage","floor":2},{"not_picked":["Dropkick","Ghostly Armor"],"picked":"Thunderclap","floor":3},{"not_picked":["Hemokinesis","Wild Strike"],"picked":"Clothesline","floor":4},{"not_picked":["Perfected Strike","Heavy Blade"],"picked":"Bludgeon","floor":7},{"not_picked":["True Grit","Sword Boomerang","Rampage"],"picked":"SKIP","floor":11},{"not_picked":["Anger","Wild Strike"],"picked":"Bludgeon","floor":12},{"not_picked":["Dropkick","Infernal Blade"],"picked":"Armaments","floor":13},{"not_picked":["Berserk","Exhume"],"picked":"Demon Form","floor":16},{"not_picked":["Body Slam+1","Heavy Blade"],"picked":"Clothesline+1","floor":18},{"not_picked":["Clash+1","Twin Strike","Sentinel"],"picked":"SKIP","floor":19},{"not_picked":["Twin Strike+1","Anger+1","True Grit"],"picked":"SKIP","floor":20},{"not_picked":["Inflame","Anger","Clash+1"],"picked":"SKIP","floor":22},{"not_picked":["True Grit","Feel No Pain"],"picked":"Dual Wield+1","floor":24},{"not_picked":["Dual Wield","Evolve"],"picked":"Clothesline+1","floor":25}],"player_experience":130165,"relics_obtained":[{"floor":7,"key":"Mercury Hourglass"},{"floor":9,"key":"Paper Frog"},{"floor":12,"key":"Matryoshka"},{"floor":25,"key":"Eternal Feather"},{"floor":26,"key":"Bronze Scales"},{"floor":26,"key":"Blood Vial"}],"event_choices":[{"damage_healed":0,"gold_gain":0,"player_choice":"Leave","damage_taken":0,"max_hp_gain":0,"max_hp_loss":0,"event_name":"FaceTrader","floor":14,"gold_loss":0}],"is_beta":false,"boss_relics":[{"not_picked":["Runic Cube","Black Star"],"picked":"Velvet Choker"}],"items_purged_floors":[21],"is_endless":false,"potions_floor_spawned":[2,7,12,13,16,18,22],"killed_by":"Gremlin Leader","ascension_level":10}}