{"host":"c52z9ixzgdjttcmx","time":1611448021,"event":{"mods":["BaseMod","Colored Powertips","Downfall","Filter the Spire","Minty Spire (QoL Compilation)","Rare Cards Sparkle","Relic Stats","StSLib"],"gold_per_floor":[211,6,16,35,35,35,110,110,161,161,6,6,47,70,70,199,199,213,233,252,292,292,292,392,392,392,406,427,279,314,327,327,450,450,464,464,479,106,126,126,149,164,164,207,7,7,7,26,26,26],"floor_reached":51,"language":"ENG","playtime":5650,"items_purged":["Writhe","Strike_P"],"score":847,"play_id":"f8b8b84c-725e-4d2c-8fdf-a18e8efe4421","local_time":"20210123182701","is_ascension_mode":false,"campfire_choices":[{"data":"Eruption","floor":6.0,"key":"SMITH"},{"data":"Prostrate","floor":8.0,"key":"SMITH"},{"data":"Tantrum","floor":10.0,"key":"SMITH"},{"data":"Omniscience","floor":15.0,"key":"SMITH"},{"floor":23.0,"key":"REST"},{"floor":25.0,"key":"REST"},{"floor":32.0,"key":"REST"},{"floor":40.0,"key":"REST"},{"floor":46.0,"key":"REST"},{"floor":49.0,"key":"REST"}],"circlet_count":0,"master_deck":["Defend_P","Defend_P","Defend_P","Defend_P","Eruption+1","Vigilance","MentalFortress","Tantrum+1","EmptyBody","ClearTheMind+1","FearNoEvil","Injury","Prostrate+1","Omniscience+1","FlurryOfBlows","EmptyFist","EmptyBody+1","Pray","Judgement","CurseOfTheBell","CurseOfTheBell","Doubt","DevaForm+1","Pray+1","ThirdEye","TalkToTheHand","Nirvana+1","EmptyBody","InnerPeace","LessonLearned","Alpha","Weave+1","BowlingBash+1","Ragnarok+1","Nirvana+1","Prostrate+1","SandsOfTime","Wallop+1","Wireheading+1","Halt+1","Establishment+1","BattleHymn+1","JustLucky","Brilliance","ThirdEye","Secret Technique","Panacea","Trip","Crescendo+1"],"relics":["PureWater","Membership Card","Golden Idol","Vajra","Ancient Tea Set","ClockworkSouvenir","Orichalcum","Shuriken","Boot","Fusion Hammer","Red Mask","Pen Nib","downfall:ExtraCursedBell","Blood Vial","Frozen Egg 2","Ginger","Eternal Feather","Art of War","Astrolabe","Mango","Bag of Preparation","Lee\u0027s Waffle","Gremlin Horn","Mummified Hand","Toolbox"],"acts_visited":["Exordium","TheCity","TheBeyond"],"potions_floor_usage":[50,50,50],"damage_taken":[{"damage":2.0,"enemies":"Cultist","floor":1.0,"turns":4.0},{"damage":0.0,"enemies":"2 Louse","floor":3.0,"turns":2.0},{"damage":3.0,"enemies":"Jaw Worm","floor":4.0,"turns":3.0},{"damage":15.0,"enemies":"3 Sentries","floor":7.0,"turns":11.0},{"damage":0.0,"enemies":"3 Sentries","floor":13.0,"turns":6.0},{"damage":0.0,"enemies":"Exordium Wildlife","floor":14.0,"turns":5.0},{"damage":33.0,"enemies":"The Guardian","floor":16.0,"turns":11.0},{"damage":18.0,"enemies":"3 Byrds","floor":18.0,"turns":6.0},{"damage":0.0,"enemies":"Spheric Guardian","floor":19.0,"turns":3.0},{"damage":0.0,"enemies":"Cultist and Chosen","floor":20.0,"turns":4.0},{"damage":16.0,"enemies":"Masked Bandits","floor":21.0,"turns":5.0},{"damage":10.0,"enemies":"Snecko","floor":27.0,"turns":5.0},{"damage":8.0,"enemies":"3 Cultists","floor":28.0,"turns":5.0},{"damage":37.0,"enemies":"Slavers","floor":30.0,"turns":8.0},{"damage":3.0,"enemies":"Shelled Parasite and Fungi","floor":31.0,"turns":5.0},{"damage":57.0,"enemies":"Champ","floor":33.0,"turns":11.0},{"damage":1.0,"enemies":"Orb Walker","floor":35.0,"turns":3.0},{"damage":7.0,"enemies":"3 Shapes","floor":37.0,"turns":8.0},{"damage":43.0,"enemies":"Jaw Worm Horde","floor":39.0,"turns":5.0},{"damage":1.0,"enemies":"Maw","floor":41.0,"turns":4.0},{"damage":12.0,"enemies":"Sphere and 2 Shapes","floor":42.0,"turns":5.0},{"damage":25.0,"enemies":"Giant Head","floor":44.0,"turns":8.0},{"damage":11.0,"enemies":"3 Darklings","floor":48.0,"turns":5.0},{"damage":88,"enemies":"Donu and Deca","floor":50,"turns":8}],"seed_played":"7308637498383123025","potions_obtained":[{"floor":1.0,"key":"Fire Potion"},{"floor":14.0,"key":"PowerPotion"},{"floor":16.0,"key":"champ:CounterPotion"},{"floor":19.0,"key":"Swift Potion"},{"floor":28.0,"key":"Energy Potion"},{"floor":33.0,"key":"StancePotion"},{"floor":35.0,"key":"Regen Potion"},{"floor":39.0,"key":"hexamod:SoulburnPotion"},{"floor":44.0,"key":"Swift Potion"}],"is_trial":false,"path_per_floor":["M","$","M","M","?","R","?","R","T","R","$","?","E","M","R","B",null,"M","M","M","?","?","R","?","R","T","M","M","$","E","M","R","B",null,"M","?","M","$","M","R","M","M","T","E","$","R","?","M","R","B",null],"character_chosen":"WATCHER","items_purchased":["Membership Card","Tantrum","EmptyBody","ClockworkSouvenir","Orichalcum","ThirdEye","TalkToTheHand","Nirvana+1","EmptyBody","Mango","Bag of Preparation","Lee\u0027s Waffle","SandsOfTime","Toolbox","BattleHymn+1","JustLucky","Brilliance","ThirdEye"],"campfire_rested":6,"item_purchase_floors":[2,2,2,11,11,29,29,29,29,38,38,38,38,45,45,45,45,45],"current_hp_per_floor":[70,70,70,67,67,67,52,52,52,52,52,45,45,45,45,12,72,54,54,54,38,38,59,59,72,72,62,56,56,21,20,62,7,72,71,82,75,103,72,103,102,91,91,68,68,103,93,84,103,15],"gold":26,"neow_bonus":"HUNDRED_GOLD","is_daily":false,"chose_seed":false,"campfire_upgraded":4,"win_rate":0.0,"timestamp":1611448021,"path_taken":["M","$","?","M","?","R","?","R","T","R","?","?","E","M","R","BOSS","M","M","M","?","?","R","?","R","T","M","M","$","E","M","R","BOSS","M","?","M","$","?","R","M","M","T","E","$","R","?","M","R","BOSS"],"items_purchased_type":["Relic","Card","Card","Relic","Relic","Card","Card","Card","Card","Relic","Relic","Relic","Card","Relic","Card","Card","Card","Card"],"build_version":"2020-12-22","purchased_purges":2,"victory":true,"max_hp_per_floor":[72,72,72,72,72,72,72,72,72,72,72,72,72,72,72,72,72,72,72,72,72,72,72,72,72,72,72,72,72,72,72,72,72,72,72,82,82,103,103,103,103,103,103,103,103,103,103,103,103,103],"relic_stats":{"Lee\u0027s Waffle":14,"Gremlin Horn":[5,5],"counters":[24,140],"Golden Idol":179,"Astrolabe":["Weave","BowlingBash","Ragnarok"],"Eternal Feather":88,"Pen Nib":[15],"Bag of Preparation":[12],"Ginger":[19],"Orichalcum":[90],"Boot":[80],"Blood Vial":13,"Shuriken":[40],"Mummified Hand":[16],"Art of War":[9],"obtain_stats":[{"Gremlin Horn":43,"Vajra":7,"Mango":38,"Bag of Preparation":38,"Ginger":24,"Ancient Tea Set":9,"Boot":13,"ClockworkSouvenir":11,"Blood Vial":24,"Mummified Hand":44,"Toolbox":45,"Fusion Hammer":17,"Red Mask":21,"downfall:ExtraCursedBell":24,"Lee\u0027s Waffle":38,"Golden Idol":5,"Astrolabe":34,"Eternal Feather":26,"Pen Nib":22,"Orichalcum":11,"Frozen Egg 2":24,"Shuriken":12,"Art of War":30,"Membership Card":2,"PureWater":0},{"Gremlin Horn":21,"Vajra":4,"Mango":18,"Bag of Preparation":18,"Ginger":11,"Ancient Tea Set":4,"Boot":5,"ClockworkSouvenir":4,"Blood Vial":11,"Mummified Hand":22,"Toolbox":22,"Fusion Hammer":7,"Red Mask":11,"downfall:ExtraCursedBell":11,"Lee\u0027s Waffle":18,"Golden Idol":3,"Astrolabe":16,"Eternal Feather":11,"Pen Nib":11,"Orichalcum":4,"Frozen Egg 2":11,"Shuriken":4,"Art of War":14,"Membership Card":1,"PureWater":0},{"Gremlin Horn":119,"Vajra":20,"Mango":105,"Bag of Preparation":105,"Ginger":60,"Ancient Tea Set":20,"Boot":26,"ClockworkSouvenir":20,"Blood Vial":60,"Mummified Hand":127,"Toolbox":127,"Fusion Hammer":42,"Red Mask":60,"downfall:ExtraCursedBell":60,"Lee\u0027s Waffle":105,"Golden Idol":9,"Astrolabe":94,"Eternal Feather":60,"Pen Nib":60,"Orichalcum":20,"Frozen Egg 2":60,"Shuriken":20,"Art of War":78,"Membership Card":4,"PureWater":0}]},"card_choices":[{"not_picked":["Halt","Sanctity"],"picked":"MentalFortress","floor":1.0},{"not_picked":["Conclude","JustLucky"],"picked":"ClearTheMind","floor":3.0},{"not_picked":["EmptyBody","Indignation"],"picked":"FearNoEvil","floor":4.0},{"not_picked":["EmptyBody","Crescendo"],"picked":"Prostrate","floor":7.0},{"not_picked":["Fasting2","SashWhip"],"picked":"Omniscience","floor":13.0},{"not_picked":["Swivel","ReachHeaven"],"picked":"FlurryOfBlows","floor":14.0},{"not_picked":["Judgement","Omniscience"],"picked":"DevaForm","floor":16.0},{"not_picked":["ClearTheMind+1","LikeWater+1"],"picked":"EmptyFist","floor":18.0},{"not_picked":["Protect","PathToVictory"],"picked":"EmptyBody+1","floor":19.0},{"not_picked":["BowlingBash+1","FollowUp"],"picked":"Pray","floor":20.0},{"not_picked":["Wireheading","CrushJoints"],"picked":"Judgement","floor":21.0},{"not_picked":["FollowUp","Evaluate","Sanctity"],"picked":"SKIP","floor":27.0},{"not_picked":["Consecrate+1","EmptyFist"],"picked":"Pray+1","floor":28.0},{"not_picked":["BowlingBash+1","ClearTheMind"],"picked":"InnerPeace","floor":30.0},{"not_picked":["Protect","Adaptation+1"],"picked":"LessonLearned","floor":31.0},{"not_picked":["DevaForm+1","Blasphemy"],"picked":"Alpha","floor":33.0},{"not_picked":["PathToVictory","CrushJoints+1"],"picked":"Nirvana+1","floor":35.0},{"not_picked":["ThirdEye","Crescendo"],"picked":"Prostrate+1","floor":37.0},{"not_picked":["EmptyBody","ClearTheMind"],"picked":"Wallop+1","floor":39.0},{"not_picked":["Prostrate","ReachHeaven"],"picked":"Wireheading+1","floor":41.0},{"not_picked":["FlyingSleeves+1","SashWhip"],"picked":"Halt+1","floor":42.0},{"not_picked":["CrushJoints","Halt+1"],"picked":"Establishment+1","floor":44.0},{"not_picked":["Dramatic Entrance","Purity"],"picked":"Secret Technique","floor":47.0},{"not_picked":["HandOfGreed","Mind Blast"],"picked":"Panacea","floor":47.0},{"not_picked":["HandOfGreed","Impatience"],"picked":"Trip","floor":47.0},{"not_picked":["Prostrate+1","SashWhip"],"picked":"Crescendo+1","floor":48.0}],"player_experience":3324377,"relics_obtained":[{"floor":7.0,"key":"Vajra"},{"floor":9.0,"key":"Ancient Tea Set"},{"floor":13.0,"key":"Boot"},{"floor":21.0,"key":"Red Mask"},{"floor":24.0,"key":"Blood Vial"},{"floor":24.0,"key":"Frozen Egg 2"},{"floor":24.0,"key":"Ginger"},{"floor":26.0,"key":"Eternal Feather"},{"floor":30.0,"key":"Art of War"},{"floor":43.0,"key":"Gremlin Horn"},{"floor":44.0,"key":"Mummified Hand"}],"event_choices":[{"damage_healed":0.0,"max_hp_gain":0.0,"max_hp_loss":0.0,"gold_gain":0.0,"event_name":"Golden Idol","player_choice":"Take Wound","floor":5.0,"gold_loss":0.0,"damage_taken":0.0,"relics_obtained":["Golden Idol"],"cards_obtained":["Injury"]},{"damage_healed":0.0,"max_hp_gain":0.0,"max_hp_loss":0.0,"gold_gain":0.0,"event_name":"Dead Adventurer","player_choice":"Searched \u00271\u0027 times","floor":7.0,"gold_loss":0.0,"damage_taken":0.0},{"damage_healed":0.0,"max_hp_gain":0.0,"max_hp_loss":0.0,"gold_gain":0.0,"event_name":"Scrap Ooze","player_choice":"Success","floor":12.0,"gold_loss":0.0,"damage_taken":7.0,"relics_obtained":["Shuriken"]},{"damage_healed":0.0,"max_hp_gain":0.0,"max_hp_loss":0.0,"gold_gain":0.0,"event_name":"Masked Bandits","player_choice":"Fought Bandits","floor":21.0,"gold_loss":0.0,"damage_taken":0.0},{"damage_healed":0.0,"max_hp_gain":0.0,"max_hp_loss":0.0,"gold_gain":0.0,"event_name":"The Mausoleum","player_choice":"Opened","floor":22.0,"gold_loss":0.0,"damage_taken":0.0,"relics_obtained":["Pen Nib"]},{"cards_removed":["DevaForm"],"damage_healed":1.0,"max_hp_gain":10.0,"max_hp_loss":0.0,"gold_gain":0.0,"event_name":"Bonfire Elementals","player_choice":"Offered Rare","floor":36.0,"gold_loss":0.0,"damage_taken":0.0},{"damage_healed":0.0,"max_hp_gain":0.0,"max_hp_loss":0.0,"gold_gain":0.0,"event_name":"SensoryStone","player_choice":"Memory 3","floor":47.0,"gold_loss":0.0,"damage_taken":10.0}],"is_beta":false,"boss_relics":[{"not_picked":["Snecko Eye","SacredBark"],"picked":"Fusion Hammer"},{"not_picked":["Velvet Choker","Sozu"],"picked":"Astrolabe"}],"items_purged_floors":[29,38],"is_endless":false,"potions_floor_spawned":[1,14,16,19,28,33,35,39,44,48],"ascension_level":0}}