{"host":"btkahjvw3wdsn6lk","time":1611495732,"event":{"mods":["ATMod(°¢èªMod)","Act Like it!","BaseMod","Dota2Spire","Gensokyo","Highlight Path","Minty Spire (QoL Compilation)","RumiaBox-Â¶Ã×æ«µÄÉñÃØºÐ×Ó","Spicy Shops","StSLib","Yuri Mod","¡¾ÒÅÎï¿¨ÅÆ¡¿REMEMod"],"gold_per_floor":[110,110,130,144,160,195,195,206,206,9499,9611,8968,8992,8604,8604,8705,8705,8705,8705],"floor_reached":18,"language":"ZHS","playtime":1765,"items_purged":["yuri:yuriStab","yuri:yuriStrike","yuri:ReloadGame"],"score":245,"play_id":"80a03bc5-e3e1-4be2-a6fb-f16406846a6d","local_time":"20210124214212","is_ascension_mode":false,"campfire_choices":[{"data":"AT_FamilyPortrait","floor":7.0,"key":"SMITH"},{"floor":15,"key":"RECALL"}],"circlet_count":0,"master_deck":["yuri:yuriStrike+1","yuri:yuriStrike","yuri:yuriStrike","yuri:yuriStrike","yuri:yuriDefend","yuri:yuriDefend","yuri:yuriDefend","yuri:yuriDefend","yuri:yuriDefend","yuri:Oolong","Gensokyo:DreamlikeParadise","AT_FamilyPortrait+1","Clumsy","yuri:ArmBrace","Injury","REME_WheelOfFate+1","Normality","REME_EyeOfCthun+1","Flash of Steel","Gensokyo:Shovel","AT_FamilyPortrait+1"],"relics":["yuri:BloodyKnife","AT_ATBox","REME_ComplimentaryCards","Gensokyo:NagashiBinaDoll","Dota2Spire:MagicBottle","Potion Belt","Toolbox","AT_EbonyIvory","Membership Card","AT_SilvercatRing","Cauldron","AT_ArchangelStaff","Whetstone","Ancient Tea Set","Medical Kit","DollysMirror","AT_TrinityForce","Tiny Chest"],"acts_visited":["Exordium","Gensokyo:Gensokyo"],"potions_floor_usage":[8],"damage_taken":[{"damage":2.0,"enemies":"Gensokyo:Python","floor":1.0,"turns":3.0},{"damage":4.0,"enemies":"Gensokyo:3_Fairies","floor":3.0,"turns":4.0},{"damage":1.0,"enemies":"Gensokyo:Gryphon","floor":4.0,"turns":2.0},{"damage":7.0,"enemies":"Gensokyo:CorruptedTreant","floor":5.0,"turns":4.0},{"damage":18.0,"enemies":"Gensokyo:Cirno","floor":6.0,"turns":8.0},{"damage":1,"enemies":"Gensokyo:LivingMonolith","floor":8,"turns":3},{"damage":0,"enemies":"Gensokyo:Aya","floor":11,"turns":7},{"damage":0,"enemies":"Gensokyo:Yukari","floor":16,"turns":10},{"damage":1063,"enemies":"Gensokyo:CosmicMonolith","floor":18,"turns":2}],"seed_played":"-4098137250688070854","potions_obtained":[{"floor":1.0,"key":"Fire Potion"},{"floor":3.0,"key":"ColorlessPotion"},{"floor":4.0,"key":"LiquidBronze"},{"floor":5.0,"key":"SkillPotion"},{"floor":12,"key":"Ancient Potion"},{"floor":12,"key":"DistilledChaos"},{"floor":12,"key":"Weak Potion"},{"floor":16,"key":"Block Potion"}],"is_trial":false,"path_per_floor":["M","?","M","M","M","E","R","M","T","$","E","$","T","COS","R","B",null,"M"],"character_chosen":"YURI","items_purchased":["Potion Belt","REME_WheelOfFate","Toolbox","Membership Card","AT_SilvercatRing","Cauldron","AT_ArchangelStaff","REME_EyeOfCthun","Whetstone","Flash of Steel"],"campfire_rested":0,"item_purchase_floors":[10,10,10,12,12,12,12,12,12,12],"current_hp_per_floor":[87,87,87,88,85,70,70,75,75,75,83,83,83,83,83,87,90,0,0],"gold":8705,"neow_bonus":"TEN_PERCENT_HP_BONUS","is_daily":false,"chose_seed":false,"campfire_upgraded":1,"win_rate":0.0,"timestamp":1611495732,"path_taken":["M","?","M","M","M","E","R","M","T","?","E","$","?","COS","R","BOSS","M"],"items_purchased_type":["Relic","Card","Relic","Relic","Relic","Relic","Relic","Card","Relic","Card"],"build_version":"2020-12-22","purchased_purges":3,"victory":false,"max_hp_per_floor":[88,88,88,88,88,88,88,90,90,90,90,90,90,90,90,90,90,90,90],"card_choices":[{"not_picked":["yuri:RepairCode","yuri:ThrowBook","yuri:Skip"],"picked":"SKIP","floor":1.0},{"not_picked":["yuri:GreenTea","yuri:AdaptiveAI"],"picked":"yuri:ArmBrace","floor":3.0},{"not_picked":["yuri:Stare","yuri:MPose","yuri:ReactiveMadness"],"picked":"SKIP","floor":4.0},{"not_picked":["yuri:Stare","yuri:yuriQuickStrike","yuri:ReactiveMadness"],"picked":"SKIP","floor":5.0},{"not_picked":["yuri:HeavierStrike","yuri:Stare"],"picked":"yuri:ReloadGame","floor":6.0},{"not_picked":["yuri:yuriHeavyStrike","yuri:Spin","yuri:DebugCard"],"picked":"SKIP","floor":8},{"not_picked":["yuri:Spin","yuri:ExploitStrike","yuri:Skip"],"picked":"SKIP","floor":11},{"not_picked":["yuri:DisableStrike","yuri:BlackTea"],"picked":"yuri:Suicide","floor":16}],"player_experience":386320,"relics_obtained":[{"floor":6.0,"key":"Dota2Spire:MagicBottle"},{"floor":11,"key":"AT_EbonyIvory"},{"floor":13,"key":"Ancient Tea Set"}],"event_choices":[],"is_beta":false,"boss_relics":[{"not_picked":["SoulBox","REME_DemonsWealth"],"picked":"AT_TrinityForce"}],"items_purged_floors":[10,10,12],"is_endless":false,"potions_floor_spawned":[1,3,4,5,16],"killed_by":"Gensokyo:CosmicMonolith","ascension_level":0}}