{"host":"5nj7t8259370g0gl","time":1611465270,"event":{"mods":["AchievementEnabler","BaseMod","Bestiary","Colored Map","Colored Powertips","Displayed Cursed Tome","Downfall","Minty Spire (QoL Compilation)","Permanent Neow","Relic Sorter","Shop Mod","StSLib"],"gold_per_floor":[114,500114,499523,499523,498828,498828,498857,498886,498912,498407,498442,497785,497804,497837,497837,497935,497935,497935,497935,497935,497850,496948,496948,496948,496948,496948,496284,495720,495720,495720,495720,495720,495720,495720,495720,495720,495257,495257,495257,495257,495257,495257,495257,494991,494991,494991,494622,494622,494622,494622],"floor_reached":51,"language":"ENG","playtime":2965,"items_purged":["bronze:CloningBeam","bronze:Frontload","bronze:Shell","bronze:Iterate","bronze:Frontload","bronze:ChosenStrike","bronze:AlphaBuild","bronze:Allocate"],"score":1569,"play_id":"96067cd2-e2a5-473c-acf4-142bc3610f47","local_time":"20210124161430","daily_mods":["SealedDeck","Heirloom","Flight"],"is_ascension_mode":true,"campfire_choices":[{"data":"Trip","floor":6,"key":"SMITH"},{"data":"1","floor":15,"key":"LIFT"},{"data":"2","floor":24,"key":"LIFT"},{"data":"3","floor":32,"key":"LIFT"},{"data":"Apotheosis","floor":41,"key":"SMITH"},{"data":"bronze:FineTuning","floor":45,"key":"SMITH"},{"data":"bronze:ChosenStrike","floor":49,"key":"SMITH"}],"circlet_count":0,"master_deck":["bronze:Frontload+1","bronze:ChosenStrike+1","bronze:FineTuning+1","bronze:Iterate","bronze:ClassDefault","Trip+1","bronze:ChildClass","bronze:FineTuning","bronze:Mutator+1","bronze:FineTuning+1","bronze:FineTuning+1","Apotheosis+1","bronze:Verify+1","bronze:MaxOutput+1","Impatience+1","bronze:FineTuning+1"],"relics":["bronze:PlatinumCore","FossilizedHelix","hexamod:BolsterEngine","OrangePellets","Centennial Puzzle","Girya","Peace Pipe","Bottled Tornado","Incense Burner","Happy Flower","Nunchaku","Juzu Bracelet","Frozen Egg 2","sneckomod:BlankCard","ClockworkSouvenir","Regal Pillow","Bronze Scales","Ectoplasm","Unceasing Top","Gremlin Horn","War Paint","DollysMirror","Smiling Mask","bronze:ProtectiveGoggles","Ornamental Fan","HandDrill","Prayer Wheel","Ancient Tea Set","Pear","Sundial","Mercury Hourglass","Pantograph","Membership Card","Turnip","MealTicket","Mummified Hand","Vajra","PreservedInsect","Toxic Egg 2","Blood Vial","champ:Barbells","Omamori","Strange Spoon","Meat on the Bone","Blue Candle","TungstenRod"],"acts_visited":["Exordium","TheCity","TheBeyond"],"potions_floor_usage":[35],"damage_taken":[{"damage":0,"enemies":"Cultist","floor":1,"turns":3},{"damage":0,"enemies":"Gremlin Nob","floor":7,"turns":3},{"damage":0,"enemies":"3 Sentries","floor":8,"turns":5},{"damage":0,"enemies":"Gremlin Nob","floor":11,"turns":2},{"damage":0,"enemies":"Small Slimes","floor":13,"turns":1},{"damage":0,"enemies":"Lagavulin","floor":14,"turns":3},{"damage":0,"enemies":"Slime Boss","floor":16,"turns":5},{"damage":0,"enemies":"Spheric Guardian","floor":18,"turns":3},{"damage":0,"enemies":"Book of Stabbing","floor":23,"turns":4},{"damage":0,"enemies":"Gremlin Leader","floor":25,"turns":2},{"damage":0,"enemies":"Book of Stabbing","floor":29,"turns":2},{"damage":0,"enemies":"Gremlin Leader","floor":30,"turns":1},{"damage":0,"enemies":"Champ","floor":33,"turns":2},{"damage":0,"enemies":"3 Shapes","floor":35,"turns":1},{"damage":3,"enemies":"Nemesis","floor":40,"turns":5},{"damage":0,"enemies":"Reptomancer","floor":42,"turns":1},{"damage":0,"enemies":"Nemesis","floor":46,"turns":1},{"damage":0,"enemies":"Giant Head","floor":48,"turns":1},{"damage":0,"enemies":"Awakened One","floor":50,"turns":4}],"seed_played":"4085435166054754988","potions_obtained":[{"floor":1,"key":"Energy Potion"},{"floor":7,"key":"sneckomod:MuddlingPotion"},{"floor":36,"key":"PowerPotion"}],"is_trial":true,"path_per_floor":["M","?","$","?","$","R","E","E","T","$","E","$","M","E","R","B",null,"M","?","?","?","$","E","R","E","T","$","$","E","E","?","R","B",null,"M","?","$","?","?","E","R","E","T","$","R","E","$","E","R","B",null],"character_chosen":"THE_AUTOMATON","items_purchased":["hexamod:BolsterEngine","OrangePellets","Centennial Puzzle","bronze:ClassDefault","Girya","Peace Pipe","Nunchaku","Juzu Bracelet","bronze:Optimize","Energy Potion","sneckomod:BlankCard","ClockworkSouvenir","Regal Pillow","bronze:Optimize+1","Gremlin Horn","War Paint","DollysMirror","Apotheosis","HandDrill","Prayer Wheel","Ancient Tea Set","Pear","Sundial","Membership Card","Turnip","MealTicket","bronze:BronzeOrb","Toxic Egg 2","Blood Vial","champ:Barbells","Strange Spoon","Meat on the Bone","Blue Candle","Impatience+1"],"campfire_rested":0,"item_purchase_floors":[3,3,3,3,5,5,10,10,10,10,12,12,12,12,22,22,22,22,27,27,27,28,28,37,37,37,37,44,44,44,47,47,47,47],"current_hp_per_floor":[70,70,70,70,70,70,70,70,70,70,70,70,70,70,70,70,70,70,70,70,70,70,70,70,70,70,70,80,80,80,80,80,80,80,80,80,80,80,80,77,77,77,77,80,80,80,80,80,80,80],"gold":494622,"neow_bonus":"","is_daily":false,"chose_seed":false,"campfire_upgraded":4,"win_rate":0.0,"timestamp":1611465270,"path_taken":["M","?","?","?","$","R","E","E","T","$","E","$","M","E","R","BOSS","M","?","?","?","$","E","R","E","T","$","$","E","E","?","R","BOSS","M","?","$","?","?","E","R","E","T","$","R","E","$","E","R","BOSS"],"items_purchased_type":["Relic","Relic","Relic","Card","Relic","Relic","Relic","Relic","Card","Potion","Relic","Relic","Relic","Card","Relic","Relic","Relic","Card","Relic","Relic","Relic","Relic","Relic","Relic","Relic","Relic","Card","Relic","Relic","Relic","Relic","Relic","Relic","Card"],"build_version":"2020-12-22","purchased_purges":8,"victory":true,"max_hp_per_floor":[70,70,70,70,70,70,70,70,70,70,70,70,70,70,70,70,70,70,70,70,70,70,70,70,70,70,70,80,80,80,80,80,80,80,80,80,80,80,80,80,80,80,80,80,80,80,80,80,80,80],"card_choices":[{"not_picked":["bronze:GetLatest","bronze:Shield","bronze:ClassDefault"],"picked":"SKIP","floor":1},{"not_picked":["bronze:WhirlingStrike","bronze:SpaghettiCode"],"picked":"bronze:ChildClass","floor":7},{"not_picked":["bronze:Branch","bronze:DelayedSlice"],"picked":"bronze:FineTuning","floor":8},{"not_picked":["bronze:DelayedGuard","bronze:DelayedSlice"],"picked":"bronze:Mutator+1","floor":11},{"not_picked":["bronze:FollowUp","bronze:DelayedSlice","bronze:WhirlingStrike"],"picked":"SKIP","floor":13},{"not_picked":["bronze:ForLoop","bronze:Branch"],"picked":"bronze:FineTuning","floor":14},{"not_picked":["bronze:Break","bronze:Virus"],"picked":"bronze:AlphaBuild","floor":16},{"not_picked":["bronze:FineTuning+1","bronze:ClassDefault+1","bronze:DelayedGuard+1"],"picked":"SKIP","floor":18},{"not_picked":["bronze:BronzeOrb","bronze:Invalidate","bronze:DarkDash"],"picked":"SKIP","floor":23},{"not_picked":["bronze:DarkDash","bronze:Philosophize","bronze:Invalidate+1"],"picked":"SKIP","floor":25},{"not_picked":["bronze:WhirlingStrike","bronze:Overheat","bronze:DarkDash"],"picked":"SKIP","floor":29},{"not_picked":["bronze:Turbo","bronze:Branch","bronze:DarkDash"],"picked":"SKIP","floor":30},{"not_picked":["bronze:Assembly","bronze:Virus"],"picked":"bronze:Verify+1","floor":33},{"not_picked":["bronze:BugBarrage+1","bronze:DelayedSlice","bronze:CutThrough"],"picked":"SKIP","floor":35},{"not_picked":["bronze:DelayedGuard+1","bronze:BuggyMess","bronze:Repair"],"picked":"SKIP","floor":35},{"not_picked":["bronze:BitShift+1","bronze:Iterate","bronze:Optimize+1"],"picked":"SKIP","floor":40},{"not_picked":["bronze:Philosophize","bronze:Shield"],"picked":"bronze:MaxOutput+1","floor":42},{"not_picked":["bronze:Repair+1","bronze:DelayedGuard+1","bronze:Backtrace+1"],"picked":"SKIP","floor":46},{"not_picked":["bronze:CutThrough","bronze:DelayedSlice+1"],"picked":"bronze:FineTuning+1","floor":48}],"player_experience":808108,"relics_obtained":[{"floor":7,"key":"Bottled Tornado"},{"floor":8,"key":"Incense Burner"},{"floor":9,"key":"Happy Flower"},{"floor":11,"key":"Frozen Egg 2"},{"floor":14,"key":"Bronze Scales"},{"floor":23,"key":"Smiling Mask"},{"floor":25,"key":"bronze:ProtectiveGoggles"},{"floor":26,"key":"Ornamental Fan"},{"floor":29,"key":"Mercury Hourglass"},{"floor":30,"key":"Pantograph"},{"floor":40,"key":"Mummified Hand"},{"floor":42,"key":"Vajra"},{"floor":43,"key":"PreservedInsect"},{"floor":46,"key":"Omamori"},{"floor":48,"key":"TungstenRod"}],"event_choices":[{"damage_healed":0,"gold_gain":0,"player_choice":"Leave","damage_taken":0,"max_hp_gain":0,"max_hp_loss":0,"event_name":"FaceTrader","floor":2,"gold_loss":0},{"damage_healed":0,"gold_gain":0,"player_choice":"1 cards matched","damage_taken":0,"max_hp_gain":0,"max_hp_loss":0,"event_name":"Match and Keep!","floor":4,"gold_loss":0,"cards_obtained":["Trip"]},{"damage_healed":0,"gold_gain":0,"cards_transformed":["bronze:Optimize"],"player_choice":"Transformed","damage_taken":0,"max_hp_gain":0,"max_hp_loss":0,"event_name":"Transmorgrifier","floor":19,"gold_loss":0,"cards_obtained":["bronze:Allocate"]},{"damage_healed":0,"gold_gain":0,"player_choice":"Ignored","damage_taken":0,"max_hp_gain":0,"max_hp_loss":0,"event_name":"Ghosts","floor":20,"gold_loss":0},{"damage_healed":0,"gold_gain":0,"player_choice":"Obtained Relic","damage_taken":0,"relics_obtained":["Unceasing Top"],"max_hp_gain":0,"max_hp_loss":0,"event_name":"Addict","floor":21,"gold_loss":85},{"cards_removed":["bronze:Optimize"],"damage_healed":0,"gold_gain":0,"player_choice":"Offered Uncommon","damage_taken":0,"max_hp_gain":0,"max_hp_loss":0,"event_name":"Bonfire Elementals","floor":31,"gold_loss":0},{"damage_healed":0,"gold_gain":0,"player_choice":"Got Potions","damage_taken":0,"max_hp_gain":0,"max_hp_loss":0,"event_name":"Lab","floor":36,"gold_loss":0},{"damage_healed":0,"gold_gain":0,"player_choice":"Bought 0 Potions","damage_taken":0,"max_hp_gain":0,"max_hp_loss":0,"event_name":"The Woman in Blue","floor":38,"gold_loss":0},{"cards_removed":["bronze:BronzeOrb"],"damage_healed":0,"gold_gain":0,"player_choice":"Removed Attack","damage_taken":0,"max_hp_gain":0,"max_hp_loss":0,"event_name":"Falling","floor":39,"gold_loss":0}],"is_beta":false,"boss_relics":[{"not_picked":["Empty Cage","Sozu"],"picked":"Ectoplasm"},{"not_picked":["bronze:MakeshiftBattery","Astrolabe"],"picked":"bronze:PlatinumCore"}],"items_purged_floors":[3,5,10,12,22,27,28,37],"is_endless":false,"potions_floor_spawned":[1,7,14,23,25,40,42,46],"ascension_level":1}}