{"host":"refsn2q8at3dn95k","time":1611512984,"event":{"mods":["BaseMod","Hubris","Infinite Spire","Minty Spire (QoL Compilation)","Replay The Spire","StSLib","The Jungle"],"gold_per_floor":[109,109,109,122,139,164,164,164,191,222,222,233,233,264,264,359,359,370,381,8,24,24,24],"floor_reached":22,"language":"ENG","playtime":2618,"items_purged":["Defend_R"],"score":240,"play_id":"dd3d822a-69b7-4635-8c93-e1541cfca3ad","local_time":"20210124122944","is_ascension_mode":true,"campfire_choices":[{"floor":8,"key":"REST"},{"floor":11,"key":"REST"}],"circlet_count":0,"master_deck":["Strike_R","Strike_R","Strike_R","Strike_R","Strike_R","Defend_R","Defend_R","Defend_R","Bash","Clash","Fire Breathing","Rupture+1","Barricade+1","Limit Break+1"],"relics":["Burning Blood","NeowsBlessing","hubris:TenFootPole","PreservedInsect","hubris:OldNail","Golden Egg","infinitespire:WardingShard","hubris:TinFlute","Replay:Grab Bag","Busted Crown","ReplayTheSpireMod:Onyx Gauntlets","hubris:ScarierMask","Nunchaku","Replay:Mystery Machine"],"acts_visited":["Exordium","Exordium"],"potions_floor_usage":[6,10,14,16,22],"damage_taken":[{"damage":0,"enemies":"Jaw Worm","floor":1,"turns":1},{"damage":0,"enemies":"Small Slimes","floor":4,"turns":1},{"damage":0,"enemies":"Cultist","floor":5,"turns":1},{"damage":41,"enemies":"Lagavulin","floor":6,"turns":8},{"damage":51,"enemies":"3 Sentries","floor":10,"turns":8},{"damage":18,"enemies":"3 Louse","floor":12,"turns":4},{"damage":0,"enemies":"Gremlin Nob","floor":14,"turns":2},{"damage":91,"enemies":"The Guardian","floor":16,"turns":18},{"damage":32,"enemies":"theJungle:GiantWrat","floor":18,"turns":7},{"damage":0,"enemies":"theJungle:MUSHROOMGANG","floor":19,"turns":5},{"damage":18,"enemies":"theJungle:JungleHuntersEncounter","floor":21,"turns":5},{"damage":53,"enemies":"theJungle:Lyon","floor":22,"turns":5}],"seed_played":"8342243550851535072","potions_obtained":[{"floor":1,"key":"Regen Potion"},{"floor":5,"key":"BloodPotion"},{"floor":10,"key":"BloodPotion"},{"floor":12,"key":"AttackPotion"},{"floor":21,"key":"Fruit Juice"}],"is_trial":false,"path_per_floor":["M","?","?","M","M","E","?","R","T","E","R","M","T","E","R","B",null,"M","M","$","M","M"],"character_chosen":"IRONCLAD","items_purchased":["Nunchaku","Replay:Mystery Machine"],"campfire_rested":2,"item_purchase_floors":[20,20],"current_hp_per_floor":[80,80,80,80,80,61,61,80,80,50,74,62,62,68,80,11,80,54,60,60,48,0,0],"gold":24,"neow_bonus":"THREE_ENEMY_KILL","is_daily":false,"chose_seed":false,"campfire_upgraded":0,"win_rate":0.0,"timestamp":1611512984,"path_taken":["M","?","?","M","?","E","?","R","T","E","R","M","?","E","R","BOSS","M","M","$","M","?"],"items_purchased_type":["Relic","Relic"],"build_version":"2020-12-22","purchased_purges":1,"victory":false,"max_hp_per_floor":[80,80,80,80,80,80,80,80,80,80,80,80,80,80,80,80,80,80,80,80,80,85,85],"card_choices":[{"not_picked":["Replay:Undeath\u0027s Touch","Body Slam","Ghostly Armor"],"picked":"SKIP","floor":1},{"not_picked":["Seeing Red","Carnage"],"picked":"Fire Breathing","floor":4},{"not_picked":["Thunderclap","ReplayTheSpireMod:Muscle Training"],"picked":"Rupture","floor":5},{"not_picked":["Anger","Iron Wave","Havoc"],"picked":"SKIP","floor":6},{"not_picked":["hubris:ReadiedAction","Replay:Undeath\u0027s Touch","Armaments"],"picked":"SKIP","floor":10},{"not_picked":["Perfected Strike","Sword Boomerang","Disarm"],"picked":"SKIP","floor":12},{"not_picked":["Battle Trance","Evolve"],"picked":"Barricade","floor":14},{"not_picked":["Impervious","hubris:StunningStrike"],"picked":"Limit Break","floor":16},{"not_picked":["Ghostly Armor"],"picked":"SKIP","floor":18},{"not_picked":["Replay:Undeath\u0027s Touch"],"picked":"SKIP","floor":19},{"not_picked":["Pummel+1"],"picked":"SKIP","floor":21}],"player_experience":1702857,"relics_obtained":[{"floor":6,"key":"hubris:TenFootPole"},{"floor":9,"key":"hubris:OldNail"},{"floor":10,"key":"Golden Egg"},{"floor":13,"key":"infinitespire:WardingShard"},{"floor":14,"key":"hubris:TinFlute"}],"event_choices":[{"damage_healed":0,"gold_gain":0,"player_choice":"0 cards matched","damage_taken":0,"max_hp_gain":0,"max_hp_loss":0,"event_name":"Match and Keep!","floor":3,"gold_loss":0,"cards_obtained":[]},{"damage_healed":0,"gold_gain":0,"player_choice":"Searched \u00271\u0027 times","damage_taken":0,"relics_obtained":["PreservedInsect"],"max_hp_gain":0,"max_hp_loss":0,"event_name":"Dead Adventurer","floor":7,"gold_loss":0}],"is_beta":false,"boss_relics":[{"not_picked":["infinitespire:Cupcake","hubris:BlackHole"],"picked":"Replay:Grab Bag"},{"not_picked":["Ooze Armor","hubris:RunicObelisk"],"picked":"Busted Crown"},{"not_picked":["ChewingGum","Coffee Dripper"],"picked":"ReplayTheSpireMod:Onyx Gauntlets"},{"not_picked":["Kintsugi","Calling Bell"],"picked":"hubris:ScarierMask"}],"items_purged_floors":[20],"is_endless":false,"potions_floor_spawned":[1,5,10,12,21],"killed_by":"theJungle:Lyon","ascension_level":1}}