{"host":"dggqshehf2ar9kzd","time":1611526083,"event":{"mods":["BaseMod","Highlight Path","Minty Spire (QoL Compilation)"],"gold_per_floor":[118,129,142,142,142,176,176,189,212,224,224,1,1,44,44,44,44],"floor_reached":16,"language":"ENG","playtime":759,"items_purged":["Defend_R"],"score":110,"play_id":"97b15dcf-9988-4ac7-a918-ff1576f6a32d","local_time":"20210124170803","is_ascension_mode":false,"campfire_choices":[{"data":"Rampage","floor":7,"key":"SMITH"},{"data":"Rage","floor":15,"key":"SMITH"}],"circlet_count":0,"master_deck":["Strike_R","Strike_R","Strike_R+1","Strike_R","Strike_R","Defend_R","Defend_R","Bash+1","Bloodletting","Warcry","Rampage+1","Rage+1","Injury"],"relics":["Burning Blood","PreservedInsect","Pen Nib","Blood Vial","Art of War","Bag of Marbles","Golden Idol","Frozen Egg 2"],"acts_visited":["Exordium"],"potions_floor_usage":[16,16,16],"damage_taken":[{"damage":9,"enemies":"2 Louse","floor":1,"turns":4},{"damage":4,"enemies":"Small Slimes","floor":2,"turns":6},{"damage":3,"enemies":"Cultist","floor":3,"turns":5},{"damage":11,"enemies":"3 Sentries","floor":6,"turns":6},{"damage":3,"enemies":"2 Fungi Beasts","floor":8,"turns":4},{"damage":8,"enemies":"Red Slaver","floor":10,"turns":3},{"damage":6,"enemies":"Gremlin Nob","floor":14,"turns":3},{"damage":56,"enemies":"Slime Boss","floor":16,"turns":12}],"seed_played":"-5953473771579089418","potions_obtained":[{"floor":3,"key":"LiquidMemories"},{"floor":8,"key":"PowerPotion"},{"floor":10,"key":"ColorlessPotion"}],"is_trial":false,"path_per_floor":["M","M","M","?","?","E","R","M","T","M","?","$","?","E","R","B"],"character_chosen":"IRONCLAD","items_purchased":["Bag of Marbles"],"campfire_rested":0,"item_purchase_floors":[12],"current_hp_per_floor":[77,79,80,73,57,52,52,55,55,55,52,52,52,54,54,0,0],"gold":44,"neow_bonus":"RANDOM_COMMON_RELIC","is_daily":false,"chose_seed":false,"campfire_upgraded":2,"win_rate":0.0,"timestamp":1611526083,"path_taken":["M","M","M","?","?","E","R","M","T","M","?","$","?","E","R","BOSS"],"items_purchased_type":["Relic"],"build_version":"2020-12-22","purchased_purges":1,"victory":false,"max_hp_per_floor":[80,80,80,80,80,80,80,80,80,80,80,80,80,80,80,80,80],"card_choices":[{"not_picked":["Cleave","Sword Boomerang","Flex"],"picked":"SKIP","floor":1},{"not_picked":["Clash","True Grit"],"picked":"Bloodletting","floor":2},{"not_picked":["Dark Embrace","Sword Boomerang"],"picked":"Warcry","floor":3},{"not_picked":["Sword Boomerang","Perfected Strike"],"picked":"Rampage","floor":6},{"not_picked":["Twin Strike","Thunderclap","Clash"],"picked":"SKIP","floor":8},{"not_picked":["Rupture","Cleave"],"picked":"Rage","floor":10},{"not_picked":["Offering","True Grit","Dropkick"],"picked":"SKIP","floor":14}],"player_experience":313391,"relics_obtained":[{"floor":6,"key":"Pen Nib"},{"floor":9,"key":"Blood Vial"},{"floor":14,"key":"Frozen Egg 2"}],"event_choices":[{"cards_removed":["Defend_R"],"damage_healed":0,"gold_gain":0,"player_choice":"Card Removal","damage_taken":7,"max_hp_gain":0,"max_hp_loss":0,"event_name":"Golden Wing","floor":4,"gold_loss":0},{"damage_healed":0,"gold_gain":0,"player_choice":"Entered Light","damage_taken":16,"max_hp_gain":0,"max_hp_loss":0,"event_name":"Shining Light","floor":5,"gold_loss":0,"cards_upgraded":["Bash","Strike_R"]},{"damage_healed":0,"gold_gain":0,"player_choice":"Success","damage_taken":3,"relics_obtained":["Art of War"],"max_hp_gain":0,"max_hp_loss":0,"event_name":"Scrap Ooze","floor":11,"gold_loss":0},{"damage_healed":0,"gold_gain":0,"player_choice":"Take Wound","damage_taken":0,"relics_obtained":["Golden Idol"],"max_hp_gain":0,"max_hp_loss":0,"event_name":"Golden Idol","floor":13,"gold_loss":0,"cards_obtained":["Injury"]}],"is_beta":false,"boss_relics":[],"items_purged_floors":[12],"is_endless":false,"potions_floor_spawned":[3,8,10],"killed_by":"Slime Boss","ascension_level":0}}