{"host":"urvvf8749ekcxo1a","time":1611456883,"event":{"mods":["AchievementEnabler","Bartender","BaseMod","BetterRewards","Colored Powertips","Displayed Cursed Tome","Evolution","Gold Saver","Grow up Mod","KinomotoSakuraMod(????)","Minty Spire (QoL Compilation)","Quick Restart","Relic Filter","StSLib","SuperFastMode","The Animator","The Cursed","The Hierophant","The Marked","The Servant 0.9.4","TheHero"],"gold_per_floor":[744,819,819,819,635,635,328,344,369,399,399,399,419,454,454,549,599,618,618,638,162,180,180,200,200,225,150,162,175,223,246,246,380,380,425,178,178,228,275,333,344,344,344,344,388,428,455,37,37,67,67,67,67,126,126],"floor_reached":56,"language":"ENG","playtime":1319,"items_purged":["animeID:Dabi","animeID:DefendMH","animeID:HowitzerImpact"],"score":1262,"play_id":"17b2bb70-8b51-4785-b336-7fd41b37c37c","local_time":"20210123215443","is_ascension_mode":false,"campfire_choices":[{"data":"animeID:DetroitDelaware","floor":6,"key":"SMITH"},{"data":"animeID:Deku","floor":12,"key":"SMITH"},{"data":"animeID:Rei","floor":15,"key":"SMITH"},{"data":"animeID:TodorokiShoto","floor":23,"key":"SMITH"},{"data":"animeID:HighFive","floor":25,"key":"SMITH"},{"data":"animeID:Hawks","floor":32,"key":"SMITH"},{"data":"animeID:Endeavor","floor":42,"key":"SMITH"},{"floor":44,"key":"RECALL"},{"data":"animeID:PlusUltra","floor":49,"key":"SMITH"},{"data":"animeID:Dabi","floor":52,"key":"SMITH"}],"circlet_count":0,"master_deck":["animeID:Deku+1","animeID:Bakugo","animeID:Smash","animeID:Smash","animeID:Smash+1","animeID:Smash","animeID:DefendMH","animeID:DefendMH+1","animeID:DetroitDelaware+1","animeID:Rei+1","animeID:Mezo","animeID:DelawareSmash","animeID:DelawareSmash+1","animeID:Shigaraki+1","animeID:HighFive+1","animeID:TodorokiShoto+1","animeID:Dabi+1","animeID:GentleCriminal+1","animeID:Hawks+1","animeID:FullCowl+1","animeID:Endeavor+1","animeID:PlusUltra+1","animeID:Tomura"],"relics":["animeID:HeroCostume","EVO:Axolotl","Omamori","MealTicket","HandDrill","Singing Bowl","Cleaning_Rag","Happy Flower","Bag of Preparation","Tiny House","Mercury Hourglass","Medical Kit","Kunai","Tiny Chest","Philosopher\u0027s Stone","Bronze Scales","Smiling Mask","Bottled Tornado","Membership Card","Bottled Flame","Whetstone","Bag of Marbles"],"acts_visited":["Exordium","TheCity","TheBeyond","TheEnding"],"potions_floor_usage":[10,39,55,55,55],"damage_taken":[{"damage":9,"enemies":"Cultist","floor":1,"turns":4},{"damage":0,"enemies":"Small Slimes","floor":8,"turns":3},{"damage":66,"enemies":"Lagavulin","floor":10,"turns":9},{"damage":5,"enemies":"2 Louse","floor":13,"turns":2},{"damage":22,"enemies":"3 Sentries","floor":14,"turns":5},{"damage":68,"enemies":"Slime Boss","floor":16,"turns":8},{"damage":25,"enemies":"Spheric Guardian","floor":18,"turns":6},{"damage":14,"enemies":"Shell Parasite","floor":20,"turns":3},{"damage":36,"enemies":"3 Cultists","floor":22,"turns":4},{"damage":19,"enemies":"Cultist and Chosen","floor":24,"turns":4},{"damage":30,"enemies":"Snake Plant","floor":28,"turns":4},{"damage":18,"enemies":"Snecko","floor":29,"turns":5},{"damage":35,"enemies":"Centurion and Healer","floor":30,"turns":6},{"damage":43,"enemies":"Automaton","floor":33,"turns":7},{"damage":73,"enemies":"3 Darklings","floor":35,"turns":6},{"damage":16,"enemies":"Orb Walker","floor":38,"turns":3},{"damage":14,"enemies":"Jaw Worm Horde","floor":39,"turns":4},{"damage":63,"enemies":"Reptomancer","floor":40,"turns":4},{"damage":26,"enemies":"Sphere and 2 Shapes","floor":41,"turns":3},{"damage":42,"enemies":"Spire Growth","floor":45,"turns":4},{"damage":14,"enemies":"4 Shapes","floor":46,"turns":3},{"damage":44,"enemies":"Donu and Deca","floor":50,"turns":5},{"damage":120,"enemies":"Shield and Spear","floor":54,"turns":4},{"damage":95,"enemies":"The Heart","floor":55,"turns":5}],"seed_played":"2297714758581482662","potions_obtained":[{"floor":8,"key":"Strength Potion"},{"floor":17,"key":"Dexterity Potion"},{"floor":22,"key":"Strength Potion"},{"floor":29,"key":"Fire Potion"},{"floor":38,"key":"DuplicationPotion"},{"floor":39,"key":"Dexterity Potion"}],"is_trial":false,"path_per_floor":["M","?","?","?","$","R","$","M","T","E","?","R","M","E","R","B",null,"M","?","M","$","M","R","M","R","T","$","M","M","M","T","R","B",null,"M","$","?","M","M","E","M","R","T","R","M","M","T","$","R","B",null,"R","$","E","B",null],"character_chosen":"THE_HERO","items_purchased":["animeID:DetroitDelaware","HandDrill","Singing Bowl","animeID:Rei","Mercury Hourglass","Medical Kit","animeID:Dabi","Bronze Scales","Membership Card","Bottled Flame","Whetstone","animeID:Tomura"],"campfire_rested":0,"item_purchase_floors":[5,5,7,7,21,21,21,36,48,48,48,48],"current_hp_per_floor":[88,87,90,105,130,140,160,172,182,128,131,141,148,138,148,96,267,252,262,260,285,261,271,268,278,288,313,295,291,270,280,290,263,443,386,411,421,419,419,368,356,366,376,386,358,358,368,393,403,373,621,631,641,535,454],"gold":126,"neow_bonus":"RANDOM_COMMON_RELIC","is_daily":false,"chose_seed":false,"campfire_upgraded":9,"win_rate":0.0,"timestamp":1611456883,"path_taken":["M","?","?","?","$","R","$","M","T","E","?","R","?","E","R","BOSS","M","?","M","$","M","R","M","R","T","$","?","?","M","?","R","BOSS","M","$","?","M","M","E","M","R","T","R","M","?","?","$","R","BOSS","R","$","E","BOSS"],"items_purchased_type":["Card","Relic","Relic","Card","Relic","Relic","Card","Relic","Relic","Relic","Relic","Card"],"build_version":"2020-12-22","purchased_purges":3,"victory":true,"max_hp_per_floor":[95,105,115,130,140,150,160,172,182,192,202,212,222,232,242,252,267,277,287,297,307,317,327,339,349,359,369,379,391,401,411,421,433,443,455,465,475,487,497,507,519,529,539,549,559,571,581,591,601,611,621,631,641,653,663],"card_choices":[{"not_picked":["animeID:Iida","animeID:Kirishima"],"picked":"animeID:Rappa","floor":1},{"not_picked":["animeID:Tsuyu","animeID:Muscular","animeID:Mineta"],"picked":"Singing Bowl","floor":8},{"not_picked":["animeID:Mineta","animeID:Nomu"],"picked":"animeID:Mezo","floor":10},{"not_picked":["animeID:Kirishima","animeID:PresentMic"],"picked":"animeID:DelawareSmash","floor":13},{"not_picked":["animeID:DetroitSmash","animeID:Bakugo"],"picked":"animeID:DelawareSmash","floor":14},{"not_picked":["animeID:Chisaki","animeID:USA_Smash"],"picked":"animeID:Shigaraki","floor":16},{"not_picked":["animeID:Mina","animeID:Aoyama"],"picked":"animeID:HighFive","floor":17},{"not_picked":["animeID:DelawareSmash+1","animeID:Tsuyu+1"],"picked":"animeID:HowitzerImpact","floor":18},{"not_picked":["animeID:Tomura","animeID:Mineta+1"],"picked":"animeID:TodorokiShoto","floor":20},{"not_picked":["animeID:Kaminari","animeID:Bakugo"],"picked":"animeID:Dabi","floor":22},{"not_picked":["animeID:Tsuyu","animeID:TetsuTetsu","animeID:Dabi"],"picked":"Singing Bowl","floor":24},{"not_picked":["animeID:Dabi","animeID:Momo"],"picked":"animeID:GentleCriminal+1","floor":28},{"not_picked":["animeID:Iida+1","animeID:Hatsume+1","animeID:Mina+1"],"picked":"Singing Bowl","floor":29},{"not_picked":["animeID:ToruHagakure","animeID:Rei"],"picked":"animeID:Hawks","floor":30},{"not_picked":["animeID:Eri","animeID:AllMight","animeID:USA_Smash"],"picked":"Singing Bowl","floor":33},{"not_picked":["animeID:DetroitDelaware","animeID:Mineta","animeID:TodorokiShoto"],"picked":"Singing Bowl","floor":35},{"not_picked":["animeID:Mina+1","animeID:Dabi","animeID:Thirteen"],"picked":"Singing Bowl","floor":38},{"not_picked":["animeID:Tomura+1","animeID:Iida"],"picked":"animeID:FullCowl+1","floor":39},{"not_picked":["animeID:Kaminari","animeID:DelawareSmash+1"],"picked":"animeID:Endeavor","floor":40},{"not_picked":["animeID:Aoyama","animeID:Bakugo+1","animeID:NightEye"],"picked":"Singing Bowl","floor":41},{"not_picked":["animeID:Mineta+1","animeID:ToruHagakure"],"picked":"animeID:PlusUltra","floor":45},{"not_picked":["animeID:Rei","animeID:DelawareSmash","animeID:Kaminari"],"picked":"Singing Bowl","floor":46},{"not_picked":["animeID:HowitzerImpact","animeID:DetroitDelaware+1","animeID:Kurono"],"picked":"Singing Bowl","floor":54}],"player_experience":160245,"relics_obtained":[{"floor":9,"key":"Cleaning_Rag"},{"floor":10,"key":"Happy Flower"},{"floor":14,"key":"Bag of Preparation"},{"floor":26,"key":"Kunai"},{"floor":31,"key":"Tiny Chest"},{"floor":40,"key":"Smiling Mask"},{"floor":43,"key":"Bottled Tornado"},{"floor":54,"key":"Bag of Marbles"}],"event_choices":[{"damage_healed":0,"gold_gain":75,"player_choice":"Gather Gold","damage_taken":11,"max_hp_gain":0,"max_hp_loss":0,"event_name":"World of Goop","floor":2,"gold_loss":0},{"damage_healed":0,"gold_gain":0,"player_choice":"Success","damage_taken":7,"relics_obtained":["MealTicket"],"max_hp_gain":0,"max_hp_loss":0,"event_name":"Scrap Ooze","floor":3,"gold_loss":0},{"damage_healed":0,"gold_gain":0,"player_choice":"Donut","damage_taken":0,"max_hp_gain":5,"max_hp_loss":0,"event_name":"Big Fish","floor":4,"gold_loss":0},{"cards_removed":["animeID:Rappa"],"damage_healed":0,"gold_gain":0,"player_choice":"Card Removal","damage_taken":7,"max_hp_gain":0,"max_hp_loss":0,"event_name":"Golden Wing","floor":11,"gold_loss":0},{"damage_healed":0,"gold_gain":0,"player_choice":"Upgraded","damage_taken":0,"max_hp_gain":0,"max_hp_loss":0,"event_name":"Upgrade Shrine","floor":19,"gold_loss":0,"cards_upgraded":["animeID:Shigaraki"]},{"cards_removed":["animeID:DefendMH"],"damage_healed":0,"gold_gain":0,"player_choice":"Purged","damage_taken":0,"max_hp_gain":0,"max_hp_loss":0,"event_name":"Purifier","floor":37,"gold_loss":0}],"is_beta":false,"boss_relics":[{"not_picked":["Empty Cage","Sozu"],"picked":"Tiny House"},{"not_picked":["Runic Dome","Fusion Hammer"],"picked":"Philosopher\u0027s Stone"}],"items_purged_floors":[27,36,48],"is_endless":false,"potions_floor_spawned":[8,14,22,29,38,39,41,45,46,54],"ascension_level":0}}