{"host":"gvmmh8a4dbuurnvz","time":1611453997,"event":{"mods":["AchievementEnabler","Aspiration","BaseMod","Better Vampires","BetterRewards","Colored Powertips","Highlight Path","Minty Spire (QoL Compilation)","MostiFishMod","Spicy Shops","StSLib","¡¾ÒÅÎï¿¨ÅÆ¡¿REMEMod"],"gold_per_floor":[117,117,117,117,127,152,152,162,162,197,208,208,51,82,82,153,153,169,194,194,194,204,204,219,252,252,270,270,301,401,431,431,502,502,515,515,530,530,530,530,530,530,557,584,584,584,593,630,630,630,630,630,630,657,657],"floor_reached":56,"language":"ZHS","playtime":2129,"items_purged":["Bash","Strike_R","Defend_R","Strike_R","Defend_R","Defend_R+1","Clumsy","Defend_R+1","MostiFishMod:KnuckleDown+1"],"score":3362,"play_id":"7afbd201-6e5e-421d-bbfd-d3262c7bb7d2","local_time":"20210124100637","is_ascension_mode":true,"campfire_choices":[{"floor":7.0,"key":"RECALL"},{"data":"REME_FearOfPain","floor":12.0,"key":"SMITH"},{"data":"REME_Cut","floor":15.0,"key":"SMITH"},{"data":"Flame Barrier","floor":23.0,"key":"SMITH"},{"data":"Evolve","floor":28.0,"key":"SMITH"},{"data":"Pommel Strike","floor":32.0,"key":"SMITH"},{"data":"Strike_R+1","floor":42.0,"key":"PURGE"},{"data":"Strike_R+1","floor":46.0,"key":"PURGE"},{"floor":52.0,"key":"DIG"}],"circlet_count":1,"master_deck":["AscendersBane","MostiFishMod:Galeforce+1","Evolve+1","Dark Embrace+1","Pommel Strike+1","Flame Barrier+1","MostiFishMod:Galeforce+1","REME_FearOfPain+1","REME_Cut+1","MostiFishMod:DarkDeal+1","MostiFishMod:RacingGame+1","Rampage+1","Metallicize+1","Metallicize+1"],"relics":["Burning Blood","DaveBox","REME_ComplimentaryCards","SynthV:C4","Kunai","PreservedInsect","StrikeDummy","BionicSphere","Dead Branch","HandDrill","Boot","Chemical X","ArrowTower","BrkXgEgg","SynthV:TestCard","Shuriken","Bronze Scales","Whetstone","DiscerningMonocle","Bag of Marbles","InkBottle","Self Forming Clay","Cursed Key","Red Mask","Sling","Dodecahedron","Bird Faced Urn","aspiration:ArtOfWarUpgrade","Paper Frog","Blood Vial","Mummified Hand","CaptainsWheel","Pear","The Courier","HaiYi:Twilight","Bottled Lightning","Technique","aspiration:FetidBarrel","Sundial","Strawberry","aspiration:FrozenJewel","aspiration:StickyExplosives_weak","Blue Candle","ClockworkSouvenir","Dream Catcher","Omamori","Vajra","Pocketwatch","Toy Ornithopter","aspiration:Lifesprig","CeramicFish","Orichalcum","Happy Flower","Meat on the Bone","MealTicket","Frozen Egg 2","StoneCalendar","Question Card","Singing Bowl","Centennial Puzzle","Anchor","Potion Belt","Lantern","ImprovedEquipment","Juzu Bracelet","DaCapo","aspiration:HatOfInfinitePower","Nunchaku","Matryoshka","Akabeko","Gremlin Horn","Darkstone Periapt","Mercury Hourglass","Red Skull","Frozen Eye","Regal Pillow","Oddly Smooth Stone","Calipers","Toxic Egg 2","Letter Opener","Bottled Tornado","Molten Egg 2","Charon\u0027s Ashes","HornCleat","Eternal Feather","aspiration:HummingbirdHeart","Peace Pipe","Torii","Thread and Needle","Shovel","Ginger","Unceasing Top","CombinedTypeHook","Mango","Turnip","Ice Cream","OriginationStaff","Du-Vu Doll","TungstenRod","Champion Belt","Circlet","TheAbacus","SentryEyes"],"acts_visited":["Exordium","TheCity","TheBeyond","TheEnding"],"potions_floor_usage":[55],"damage_taken":[{"damage":0.0,"enemies":"Cultist","floor":1.0,"turns":3.0},{"damage":0.0,"enemies":"Small Slimes","floor":5.0,"turns":3.0},{"damage":0.0,"enemies":"3 Sentries","floor":6.0,"turns":3.0},{"damage":0.0,"enemies":"2 Louse","floor":8.0,"turns":2.0},{"damage":8.0,"enemies":"Lagavulin","floor":10.0,"turns":3.0},{"damage":0.0,"enemies":"Lots of Slimes","floor":11.0,"turns":1.0},{"damage":0.0,"enemies":"Gremlin Nob","floor":14.0,"turns":3.0},{"damage":5.0,"enemies":"Hexaghost","floor":16.0,"turns":8.0},{"damage":0.0,"enemies":"Chosen","floor":18.0,"turns":2.0},{"damage":3.0,"enemies":"Masked Bandits","floor":19.0,"turns":3.0},{"damage":0.0,"enemies":"Shell Parasite","floor":22.0,"turns":2.0},{"damage":0.0,"enemies":"Centurion and Healer","floor":24.0,"turns":3.0},{"damage":6.0,"enemies":"Book of Stabbing","floor":25.0,"turns":3.0},{"damage":0.0,"enemies":"Cultist and Chosen","floor":27.0,"turns":3.0},{"damage":0.0,"enemies":"Gremlin Leader","floor":29.0,"turns":3.0},{"damage":0.0,"enemies":"Colosseum Slavers","floor":30.0,"turns":2.0},{"damage":0.0,"enemies":"Colosseum Nobs","floor":30.0,"turns":2.0},{"damage":0.0,"enemies":"Book of Stabbing","floor":31.0,"turns":2.0},{"damage":0.0,"enemies":"Champ","floor":33.0,"turns":2.0},{"damage":0.0,"enemies":"3 Darklings","floor":35.0,"turns":2.0},{"damage":0.0,"enemies":"3 Shapes","floor":37.0,"turns":2.0},{"damage":0.0,"enemies":"Maw","floor":44.0,"turns":2.0},{"damage":0.0,"enemies":"Nemesis","floor":48.0,"turns":3.0},{"damage":0.0,"enemies":"Time Eater","floor":50.0,"turns":3.0},{"damage":0.0,"enemies":"Shield and Spear","floor":54.0,"turns":2.0},{"damage":0,"enemies":"The Heart","floor":55,"turns":4}],"seed_played":"-3396087119607291741","potions_obtained":[{"floor":6.0,"key":"Energy Potion"},{"floor":11.0,"key":"HeartOfIron"},{"floor":19.0,"key":"Ancient Potion"},{"floor":30.0,"key":"SteroidPotion"},{"floor":31.0,"key":"Energy Potion"},{"floor":44.0,"key":"Swift Potion"}],"is_trial":false,"path_per_floor":["M","T","?","?","M","E","R","M","T","E","M","R","$","E","R","B",null,"M","?","?","$","M","R","M","E","T","M","R","E","?","E","R","B",null,"M","?","M","$","$","R","$","R","T","M","?","R","$","E","R","B",null,"R","$","E","B",null],"character_chosen":"IRONCLAD","items_purchased":["Kunai","PreservedInsect","StrikeDummy","MostiFishMod:Galeforce","Evolve","Dead Branch","Dark Embrace","HandDrill","Boot","Chemical X","Pommel Strike","ArrowTower","BrkXgEgg","DiscerningMonocle","Bag of Marbles","InkBottle","REME_Cut","Sling","Dodecahedron","Bird Faced Urn","Art of War","Energy Potion","Bottled Lightning","Technique","aspiration:FetidBarrel","Sundial","Strawberry","aspiration:FrozenJewel","aspiration:StickyExplosives_weak","Blue Candle","ClockworkSouvenir","Dream Catcher","Omamori","Vajra","Pocketwatch","Toy Ornithopter","aspiration:Lifesprig","CeramicFish","Orichalcum","Happy Flower","Meat on the Bone","MealTicket","Frozen Egg 2","StoneCalendar","Question Card","Singing Bowl","Centennial Puzzle","Anchor","Potion Belt","Lantern","ImprovedEquipment","Juzu Bracelet","DaCapo","aspiration:HatOfInfinitePower","Nunchaku","Matryoshka","Akabeko","Gremlin Horn","Darkstone Periapt","Mercury Hourglass","Red Skull","Frozen Eye","Regal Pillow","Oddly Smooth Stone","Calipers","Toxic Egg 2","Letter Opener","Bottled Tornado","Molten Egg 2","Charon\u0027s Ashes","HornCleat","Eternal Feather","aspiration:HummingbirdHeart","Peace Pipe","Torii","Thread and Needle","Shovel","Ginger","Unceasing Top","CombinedTypeHook","Ice Cream","OriginationStaff","Du-Vu Doll","Metallicize+1","Circlet","TheAbacus","SentryEyes"],"campfire_rested":0,"item_purchase_floors":[0,0,0,0,0,0,0,0,0,0,0,0,0,13,13,13,13,21,21,21,21,21,38,38,38,38,38,38,38,38,38,38,38,38,38,38,38,38,38,38,38,38,38,38,38,38,38,38,38,38,38,38,38,39,39,39,39,39,39,39,39,39,39,39,39,41,41,41,41,41,41,41,41,41,41,41,41,41,41,41,47,47,47,47,53,53,53],"current_hp_per_floor":[74,74,74,74,75,75,75,75,75,73,75,75,75,75,75,75,75,75,75,75,75,75,75,75,75,75,75,75,75,85,85,85,85,85,85,80,85,92,92,92,92,92,106,106,106,106,106,106,106,106,106,106,106,108,108],"gold":657,"neow_bonus":"","is_daily":false,"chose_seed":false,"campfire_upgraded":5,"win_rate":0.0,"timestamp":1611453997,"path_taken":["M","?","?","?","M","E","R","?","T","E","M","R","$","E","R","BOSS","M","?","?","$","?","R","M","E","T","M","R","E","?","E","R","BOSS","M","?","M","?","$","R","$","R","T","M","?","R","$","E","R","BOSS","R","$","E","BOSS"],"items_purchased_type":["Relic","Relic","Relic","Card","Card","Relic","Card","Relic","Relic","Relic","Card","Relic","Relic","Relic","Relic","Relic","Card","Relic","Relic","Relic","Relic","Potion","Relic","Relic","Relic","Relic","Relic","Relic","Relic","Relic","Relic","Relic","Relic","Relic","Relic","Relic","Relic","Relic","Relic","Relic","Relic","Relic","Relic","Relic","Relic","Relic","Relic","Relic","Relic","Relic","Relic","Relic","Relic","Relic","Relic","Relic","Relic","Relic","Relic","Relic","Relic","Relic","Relic","Relic","Relic","Relic","Relic","Relic","Relic","Relic","Relic","Relic","Relic","Relic","Relic","Relic","Relic","Relic","Relic","Relic","Relic","Relic","Relic","Card","Undefined","Relic","Relic"],"build_version":"2020-12-22","purchased_purges":9,"victory":true,"max_hp_per_floor":[75,75,75,75,75,75,75,75,75,75,75,75,75,75,75,75,75,75,75,75,75,75,75,75,75,75,75,75,75,85,85,85,85,85,85,85,85,92,92,92,92,92,106,106,106,106,106,106,106,106,106,106,106,108,108],"card_choices":[{"not_picked":["Flex","Flame Barrier","Clash"],"picked":"SKIP","floor":1.0},{"not_picked":["Flex","Clash"],"picked":"Flame Barrier","floor":1.0},{"not_picked":["Power Through","Sever Soul","Body Slam","Rupture","Pummel"],"picked":"SKIP","floor":5.0},{"not_picked":["MostiFishMod:#F4004","Thunderclap","Intimidate","Clothesline","Shockwave"],"picked":"SKIP","floor":6.0},{"not_picked":["Iron Wave","MostiFishMod:BrandingRite","Heavy Blade","Clash","Anger"],"picked":"SKIP","floor":8.0},{"not_picked":["Iron Wave","MostiFishMod:BrandingRite","Heavy Blade","Clash","Anger"],"picked":"SKIP","floor":8.0},{"not_picked":["MostiFishMod:HellRitual+1","Fire Breathing","Flex","Burning Pact"],"picked":"REME_FearOfPain","floor":10.0},{"not_picked":["Flex","Body Slam","Shrug It Off","Cleave","Sword Boomerang"],"picked":"SKIP","floor":11.0},{"not_picked":["REME_Scribble","Rupture","Perfected Strike","Intimidate","Anger"],"picked":"SKIP","floor":14.0},{"not_picked":["MostiFishMod:KnuckleDown+1","Barricade+1","REME_ACTH+1","MostiFishMod:CullingBlade+1"],"picked":"MostiFishMod:DarkDeal+1","floor":16.0},{"not_picked":["Warcry","Clash","Clothesline","Evolve","Flex"],"picked":"SKIP","floor":18.0},{"not_picked":["Armaments","Anger","Flex","Sentinel","Heavy Blade"],"picked":"SKIP","floor":22.0},{"not_picked":["Flame Barrier","Ghostly Armor","Burning Pact","Body Slam"],"picked":"MostiFishMod:RacingGame+1","floor":24.0},{"not_picked":["Flex","Cleave","Armaments+1","Evolve+1","Double Tap+1"],"picked":"SKIP","floor":25.0},{"not_picked":["Pummel","Sword Boomerang","Searing Blow","Clothesline","Headbutt+1"],"picked":"SKIP","floor":27.0},{"not_picked":["Armaments","Inflame","Pommel Strike","Iron Wave","MostiFishMod:FireWorks+1"],"picked":"SKIP","floor":29.0},{"not_picked":["Seeing Red","Dropkick","Warcry","Havoc","Hemokinesis+1"],"picked":"SKIP","floor":31.0},{"not_picked":["Evolve+1","Pommel Strike","Combust","True Grit","Twin Strike"],"picked":"SKIP","floor":35.0},{"not_picked":["MostiFishMod:#F4004","Wild Strike+1","Pommel Strike","REME_FearOfPain+1","Iron Wave"],"picked":"SKIP","floor":37.0},{"not_picked":["Flame Barrier+1","Dark Embrace+1","MostiFishMod:#F4004+1","Shockwave+1","Pommel Strike+1"],"picked":"Rampage+1","floor":44.0},{"not_picked":["REME_SingleHolding+1","Headbutt+1","Searing Blow+1","Warcry+1","Armaments+1"],"picked":"Metallicize+1","floor":48.0},{"not_picked":["Rupture+1","MostiFishMod:#F4004+1","Cleave+1","Limit Break+1","Sentinel+1","Anger+1"],"picked":"Singing Bowl","floor":54.0}],"player_experience":295455,"relics_obtained":[{"floor":1.0,"key":"SynthV:TestCard"},{"floor":2.0,"key":"Shuriken"},{"floor":6.0,"key":"Bronze Scales"},{"floor":10.0,"key":"Whetstone"},{"floor":14.0,"key":"Self Forming Clay"},{"floor":19.0,"key":"Red Mask"},{"floor":25.0,"key":"Paper Frog"},{"floor":26.0,"key":"Blood Vial"},{"floor":29.0,"key":"Mummified Hand"},{"floor":30.0,"key":"CaptainsWheel"},{"floor":30.0,"key":"Pear"},{"floor":31.0,"key":"The Courier"},{"floor":43.0,"key":"Mango"},{"floor":43.0,"key":"Turnip"},{"floor":48.0,"key":"TungstenRod"},{"floor":52.0,"key":"Champion Belt"}],"event_choices":[{"damage_healed":0.0,"max_hp_gain":0.0,"max_hp_loss":0.0,"gold_gain":0.0,"event_name":"Accursed Blacksmith","player_choice":"Forge","floor":4.0,"gold_loss":0.0,"damage_taken":0.0,"cards_upgraded":["Dark Embrace"]},{"damage_healed":0.0,"max_hp_gain":0.0,"max_hp_loss":0.0,"gold_gain":0.0,"event_name":"Masked Bandits","player_choice":"Fought Bandits","floor":19.0,"gold_loss":0.0,"damage_taken":0.0},{"damage_healed":0.0,"max_hp_gain":0.0,"max_hp_loss":0.0,"gold_gain":0.0,"cards_transformed":["Strike_R"],"event_name":"Transmorgrifier","player_choice":"Transformed","floor":20.0,"gold_loss":0.0,"damage_taken":0.0,"cards_obtained":["MostiFishMod:KnuckleDown"]},{"damage_healed":0.0,"max_hp_gain":0.0,"max_hp_loss":0.0,"gold_gain":0.0,"event_name":"Colosseum","player_choice":"Fight","floor":30.0,"gold_loss":0.0,"damage_taken":0.0},{"damage_healed":0.0,"max_hp_gain":0.0,"max_hp_loss":0.0,"gold_gain":0.0,"event_name":"Colosseum","player_choice":"Fought Nobs","floor":30.0,"gold_loss":0.0,"damage_taken":0.0},{"damage_healed":0.0,"max_hp_gain":0.0,"max_hp_loss":0.0,"gold_gain":0.0,"event_name":"The Woman in Blue","player_choice":"Bought 0 Potions","floor":36.0,"gold_loss":0.0,"damage_taken":0.0}],"is_beta":false,"boss_relics":[{"not_picked":["aspiration:SilentSkillbook","SlaversCollar"],"picked":"Cursed Key"},{"not_picked":["Runic Cube","ShadowXiaoBlade"],"picked":"HaiYi:Twilight"}],"items_purged_floors":[0,0,13,21,38,38,39,41,41],"is_endless":false,"potions_floor_spawned":[6,11,19,24,27,30,31,37,44,54],"ascension_level":18}}