{"host":"rj1j8apb2x4vafcu","time":1611512017,"event":{"mods":["AchievementEnabler","Act Like it!","BaseMod","Colored Map","Colored Powertips","Minty Spire (QoL Compilation)","Rare Cards Sparkle","StSLib"],"gold_per_floor":[114,114,128,203,213,240,37,71,71,91,91,109,121,132,132,232,232,252,281,125,138,154,154,183,183,183,215,227,243,256,355,355,355,355],"floor_reached":33,"language":"ENG","playtime":2162,"items_purged":["Strike_R"],"score":356,"play_id":"2495a154-c574-46a3-b0e8-03787d1a5483","local_time":"20210124161337","is_ascension_mode":true,"campfire_choices":[{"data":"Feed","floor":11,"key":"SMITH"},{"floor":15,"key":"REST"},{"floor":23,"key":"REST"},{"floor":32,"key":"REST"}],"circlet_count":0,"master_deck":["Defend_R","Defend_R","Defend_R","Defend_R","Bash","Bludgeon","Armaments+1","Pommel Strike","Metallicize","True Grit","Feed+1","Entrench+1","Sword Boomerang","Spot Weakness+1","Reaper","Armaments+1","Warcry+1","Rage+1","Fire Breathing+1","Battle Trance+1","True Grit+1","Bite","Bite","Bite","Bite","Bite","Seeing Red+1","Dropkick","Headbutt"],"relics":["Burning Blood","Mummified Hand","Toxic Egg 2","Mercury Hourglass","Fusion Hammer","Red Mask","Regal Pillow","Sundial","Bronze Scales"],"acts_visited":["Exordium","TheCity"],"potions_floor_usage":[8,24,28,30,33],"damage_taken":[{"damage":10,"enemies":"2 Louse","floor":1,"turns":3},{"damage":6,"enemies":"Cultist","floor":3,"turns":3},{"damage":9,"enemies":"Jaw Worm","floor":5,"turns":4},{"damage":22,"enemies":"3 Sentries","floor":6,"turns":6},{"damage":13,"enemies":"Lagavulin","floor":8,"turns":4},{"damage":9,"enemies":"2 Fungi Beasts","floor":10,"turns":3},{"damage":11,"enemies":"Looter","floor":12,"turns":4},{"damage":7,"enemies":"Large Slime","floor":13,"turns":4},{"damage":3,"enemies":"Blue Slaver","floor":14,"turns":3},{"damage":31,"enemies":"Slime Boss","floor":16,"turns":8},{"damage":31,"enemies":"Shell Parasite","floor":18,"turns":5},{"damage":12,"enemies":"Masked Bandits","floor":19,"turns":3},{"damage":9,"enemies":"Chosen","floor":21,"turns":4},{"damage":20,"enemies":"3 Cultists","floor":22,"turns":5},{"damage":55,"enemies":"Gremlin Leader","floor":24,"turns":7},{"damage":35,"enemies":"Slavers","floor":27,"turns":5},{"damage":5,"enemies":"Snecko","floor":28,"turns":4},{"damage":21,"enemies":"Centurion and Healer","floor":29,"turns":8},{"damage":19,"enemies":"Sentry and Sphere","floor":30,"turns":4},{"damage":90,"enemies":"Champ","floor":33,"turns":11}],"seed_played":"2572740117629555206","potions_obtained":[{"floor":5,"key":"DistilledChaos"},{"floor":6,"key":"SkillPotion"},{"floor":10,"key":"LiquidBronze"},{"floor":12,"key":"Strength Potion"},{"floor":22,"key":"AttackPotion"},{"floor":24,"key":"ColorlessPotion"},{"floor":28,"key":"Energy Potion"}],"is_trial":false,"path_per_floor":["M","?","M","?","M","E","$","E","T","M","R","M","M","M","R","B",null,"M","?","$","M","M","R","E","?","T","E","M","M","M","?","R","B"],"character_chosen":"IRONCLAD","items_purchased":["True Grit","Feed","Rage+1"],"campfire_rested":3,"item_purchase_floors":[7,7,20],"current_hp_per_floor":[76,76,76,65,62,46,46,39,39,36,36,31,34,37,62,37,84,63,61,61,62,72,92,68,64,64,55,64,65,60,60,72,0,0],"gold":355,"neow_bonus":"ONE_RANDOM_RARE_CARD","is_daily":false,"chose_seed":false,"campfire_upgraded":1,"win_rate":0.0,"timestamp":1611512017,"path_taken":["M","?","?","?","M","E","?","E","T","M","R","M","M","M","R","BOSS","M","?","$","M","M","R","E","?","T","E","M","M","M","?","R","BOSS"],"items_purchased_type":["Card","Card","Card"],"build_version":"2020-12-22","purchased_purges":1,"victory":false,"max_hp_per_floor":[80,80,80,80,80,80,80,80,80,80,80,80,84,84,84,84,84,88,92,92,92,92,92,92,64,64,64,64,68,72,72,72,72,72],"card_choices":[{"not_picked":["Havoc","Clash"],"picked":"Armaments","floor":1},{"not_picked":["Heavy Blade","Clash","Havoc"],"picked":"SKIP","floor":3},{"not_picked":["Thunderclap","Offering"],"picked":"Pommel Strike","floor":5},{"not_picked":["Shrug It Off","Perfected Strike"],"picked":"Metallicize","floor":6},{"not_picked":["Shrug It Off+1","Clash"],"picked":"Entrench+1","floor":8},{"not_picked":["Warcry+1","Armaments+1"],"picked":"Sword Boomerang","floor":10},{"not_picked":["Burning Pact+1","Flame Barrier+1","Feel No Pain"],"picked":"SKIP","floor":12},{"not_picked":["Headbutt","Uppercut"],"picked":"Spot Weakness+1","floor":13},{"not_picked":["Carnage","Clothesline","Entrench+1"],"picked":"SKIP","floor":14},{"not_picked":["Feed","Immolate"],"picked":"Reaper","floor":16},{"not_picked":["Wild Strike","Warcry+1"],"picked":"Armaments+1","floor":18},{"not_picked":["Pommel Strike","Perfected Strike+1"],"picked":"Warcry+1","floor":19},{"not_picked":["Shockwave+1","Perfected Strike"],"picked":"Fire Breathing+1","floor":21},{"not_picked":["Heavy Blade","Metallicize"],"picked":"Battle Trance+1","floor":22},{"not_picked":["Reckless Charge","Clash"],"picked":"True Grit+1","floor":24},{"not_picked":["Infernal Blade+1","Dropkick+1"],"picked":"Seeing Red+1","floor":27},{"not_picked":["Havoc+1","Carnage+1"],"picked":"Dropkick","floor":28},{"not_picked":["Seeing Red+1","Whirlwind"],"picked":"Headbutt","floor":29},{"not_picked":["Blood for Blood","Clash","Hemokinesis"],"picked":"SKIP","floor":30}],"player_experience":105435,"relics_obtained":[{"floor":6,"key":"Mummified Hand"},{"floor":8,"key":"Toxic Egg 2"},{"floor":9,"key":"Mercury Hourglass"},{"floor":19,"key":"Red Mask"},{"floor":24,"key":"Regal Pillow"},{"floor":26,"key":"Sundial"},{"floor":27,"key":"Bronze Scales"}],"event_choices":[{"damage_healed":0,"gold_gain":0,"player_choice":"Forge","damage_taken":0,"max_hp_gain":0,"max_hp_loss":0,"event_name":"Accursed Blacksmith","floor":2,"gold_loss":0,"cards_upgraded":["Armaments"]},{"damage_healed":0,"gold_gain":75,"player_choice":"Gather Gold","damage_taken":11,"max_hp_gain":0,"max_hp_loss":0,"event_name":"World of Goop","floor":4,"gold_loss":0},{"damage_healed":0,"gold_gain":0,"player_choice":"Fought Bandits","damage_taken":0,"max_hp_gain":0,"max_hp_loss":0,"event_name":"Masked Bandits","floor":19,"gold_loss":0},{"damage_healed":0,"gold_gain":0,"player_choice":"Became a vampire","damage_taken":0,"max_hp_gain":0,"max_hp_loss":28,"event_name":"Vampires","floor":25,"gold_loss":0,"cards_obtained":["Bite","Bite","Bite","Bite","Bite"]},{"damage_healed":0,"gold_gain":99,"player_choice":"Stole From Cult","damage_taken":0,"max_hp_gain":0,"max_hp_loss":0,"event_name":"Nest","floor":31,"gold_loss":0}],"is_beta":false,"boss_relics":[{"not_picked":["Philosopher\u0027s Stone","Tiny House"],"picked":"Fusion Hammer"}],"items_purged_floors":[20],"is_endless":false,"potions_floor_spawned":[5,6,10,12,22,24,28,29],"killed_by":"Champ","ascension_level":2}}