{"host":"kkntor5wdjky96yl","time":1611452676,"event":{"mods":["AchievementEnabler","BaseMod","Colored Map","KOR Keyword Fix","Minty Spire (QoL Compilation)","Shop Mod","StSLib","SuperFastMode"],"gold_per_floor":[109,109,121,134,309,309,11,11,311,311,338,355,366,382,382,480,480,496,512,512,528,542,542,573,573,573],"floor_reached":25,"language":"KOR","playtime":999,"items_purged":[],"score":270,"play_id":"b3125864-666a-4e36-b7cb-f6db3a6af6fe","local_time":"20210124104436","is_ascension_mode":true,"campfire_choices":[{"data":"Neutralize","floor":6.0,"key":"SMITH"},{"data":"Unload","floor":8.0,"key":"SMITH"},{"floor":15.0,"key":"REST"},{"floor":23,"key":"REST"}],"circlet_count":0,"master_deck":["Strike_G","Strike_G","Strike_G","Strike_G","Defend_G","Defend_G","Defend_G","Defend_G","Defend_G","Survivor","Neutralize+1","Escape Plan","Tactician","Sucker Punch","Underhanded Strike","Doubt","Unload+1","Tactician","Doppelganger","Acrobatics","Glass Knife","Dagger Throw","Dagger Throw","Adrenaline+1","Flying Knee+1","Backflip+1","Backstab","Masterful Stab"],"relics":["Ring of the Snake","NeowsBlessing","Old Coin","Shovel","Black Star","Girya","Smiling Mask"],"acts_visited":["Exordium","TheCity"],"potions_floor_usage":[24,24],"damage_taken":[{"damage":0.0,"enemies":"2 Louse","floor":1.0,"turns":1.0},{"damage":0.0,"enemies":"Jaw Worm","floor":3.0,"turns":1.0},{"damage":0.0,"enemies":"Cultist","floor":4.0,"turns":1.0},{"damage":31.0,"enemies":"Gremlin Nob","floor":11.0,"turns":5.0},{"damage":10.0,"enemies":"2 Fungi Beasts","floor":12.0,"turns":3.0},{"damage":5.0,"enemies":"Large Slime","floor":13.0,"turns":4.0},{"damage":5.0,"enemies":"Exordium Wildlife","floor":14.0,"turns":3.0},{"damage":38.0,"enemies":"Hexaghost","floor":16.0,"turns":10.0},{"damage":3.0,"enemies":"Spheric Guardian","floor":18.0,"turns":3.0},{"damage":0.0,"enemies":"Chosen","floor":19.0,"turns":3.0},{"damage":41,"enemies":"3 Cultists","floor":21,"turns":7},{"damage":44,"enemies":"Centurion and Healer","floor":22,"turns":5},{"damage":29,"enemies":"Slavers","floor":24,"turns":7},{"damage":0,"enemies":"Snecko","floor":25,"turns":3}],"seed_played":"-3646255117635370205","potions_obtained":[{"floor":1.0,"key":"FairyPotion"},{"floor":11.0,"key":"SneckoOil"},{"floor":13.0,"key":"GhostInAJar"},{"floor":16.0,"key":"SteroidPotion"},{"floor":22,"key":"Explosive Potion"},{"floor":24,"key":"Energy Potion"}],"is_trial":false,"path_per_floor":["M","?","M","M","?","R","$","R","T","?","E","M","M","M","R","B",null,"M","M","?","M","M","R","E","M"],"character_chosen":"THE_SILENT","items_purchased":["Unload","Tactician","Doppelganger"],"campfire_rested":2,"item_purchase_floors":[7,7,7],"current_hp_per_floor":[70,70,70,70,70,70,70,70,70,75,44,34,29,24,46,8,75,72,72,72,31,12,34,5,5,5],"gold":573,"neow_bonus":"THREE_ENEMY_KILL","is_daily":false,"chose_seed":false,"campfire_upgraded":2,"win_rate":0.0,"timestamp":1611452676,"path_taken":["M","?","M","M","?","R","$","R","T","?","E","M","M","M","R","BOSS","M","M","?","M","M","R","E","M"],"items_purchased_type":["Card","Card","Card"],"build_version":"2020-12-22","purchased_purges":0,"victory":false,"max_hp_per_floor":[70,70,70,70,70,70,70,70,70,75,75,75,75,75,75,75,75,75,75,75,75,75,75,75,75,75],"card_choices":[{"not_picked":["Outmaneuver","Bane"],"picked":"Escape Plan","floor":1.0},{"not_picked":["Bane","Blade Dance"],"picked":"Sucker Punch","floor":3.0},{"not_picked":["Masterful Stab","Footwork"],"picked":"Underhanded Strike","floor":4.0},{"not_picked":["Caltrops","Dash"],"picked":"Acrobatics","floor":11.0},{"not_picked":["Poisoned Stab","Endless Agony"],"picked":"Glass Knife","floor":12.0},{"not_picked":["Dagger Spray","Cloak And Dagger"],"picked":"Dagger Throw","floor":13.0},{"not_picked":["Accuracy","Endless Agony"],"picked":"Dagger Throw","floor":14.0},{"not_picked":["A Thousand Cuts","Bullet Time"],"picked":"Adrenaline","floor":16.0},{"not_picked":["Finisher","Endless Agony"],"picked":"Flying Knee+1","floor":18.0},{"not_picked":["Crippling Poison","Choke"],"picked":"Backflip+1","floor":19.0},{"not_picked":["Dagger Spray","Slice","Caltrops+1"],"picked":"SKIP","floor":21},{"not_picked":["Backflip","Infinite Blades"],"picked":"Backstab","floor":22},{"not_picked":["Dodge and Roll","Flying Knee+1"],"picked":"Masterful Stab","floor":24}],"player_experience":107338,"relics_obtained":[{"floor":9.0,"key":"Old Coin"},{"floor":11.0,"key":"Shovel"},{"floor":24,"key":"Girya"},{"floor":24,"key":"Smiling Mask"}],"event_choices":[{"damage_healed":0.0,"max_hp_gain":0.0,"max_hp_loss":0.0,"gold_gain":0.0,"cards_transformed":["Strike_G"],"event_name":"Living Wall","player_choice":"Change","floor":2.0,"gold_loss":0.0,"damage_taken":0.0,"cards_obtained":["Tactician"]},{"damage_healed":0.0,"max_hp_gain":0.0,"max_hp_loss":0.0,"gold_gain":175.0,"event_name":"Liars Game","player_choice":"AGREE","floor":5.0,"gold_loss":0.0,"damage_taken":0.0,"cards_obtained":["Doubt"]},{"damage_healed":0.0,"max_hp_gain":5.0,"max_hp_loss":0.0,"gold_gain":0.0,"event_name":"Big Fish","player_choice":"Donut","floor":10.0,"gold_loss":0.0,"damage_taken":0.0},{"damage_healed":0.0,"max_hp_gain":0.0,"max_hp_loss":0.0,"gold_gain":0.0,"event_name":"Upgrade Shrine","player_choice":"Upgraded","floor":20.0,"gold_loss":0.0,"damage_taken":0.0,"cards_upgraded":["Adrenaline"]}],"is_beta":false,"boss_relics":[{"not_picked":["SlaversCollar","Coffee Dripper"],"picked":"Black Star"}],"items_purged_floors":[],"is_endless":false,"potions_floor_spawned":[1,11,13,16,22,24],"killed_by":"Snecko","ascension_level":4}}