{"host":"i7jfea87xc8lz16p","time":1611487464,"event":{"mods":["AchievementEnabler","BaseMod","Colored Powertips","Minty Spire (QoL Compilation)","Relic Stats"],"gold_per_floor":[116,128,140,140,157,157,187,200,200,200,235,235,235,248,248,248,248],"floor_reached":16,"language":"ENG","playtime":628,"items_purged":[],"score":224,"play_id":"5f1a1751-cae9-4d9c-840a-e1243b8d915b","local_time":"20210124122424","is_ascension_mode":true,"campfire_choices":[{"data":"EmptyFist","floor":6,"key":"SMITH"},{"floor":10,"key":"REST"},{"data":"LikeWater","floor":12,"key":"SMITH"},{"data":"Consecrate","floor":15,"key":"SMITH"}],"circlet_count":0,"master_deck":["AscendersBane","Strike_P","Strike_P","Strike_P","Defend_P","Defend_P","Defend_P","Defend_P","Eruption","Vigilance+1","Protect","EmptyFist+1","LikeWater+1","Consecrate+1"],"relics":["Snecko Eye","Regal Pillow","Letter Opener","HornCleat"],"acts_visited":["Exordium"],"potions_floor_usage":[11,11],"damage_taken":[{"damage":1,"enemies":"2 Louse","floor":1,"turns":3},{"damage":4,"enemies":"Jaw Worm","floor":2,"turns":4},{"damage":0,"enemies":"Small Slimes","floor":3,"turns":2},{"damage":3,"enemies":"Blue Slaver","floor":5,"turns":3},{"damage":28,"enemies":"Gremlin Nob","floor":7,"turns":4},{"damage":1,"enemies":"Looter","floor":8,"turns":4},{"damage":12,"enemies":"3 Sentries","floor":11,"turns":8},{"damage":0,"enemies":"Exordium Thugs","floor":14,"turns":3},{"damage":40,"enemies":"Hexaghost","floor":16,"turns":9}],"seed_played":"4042793823980566580","potions_obtained":[{"floor":3,"key":"SteroidPotion"},{"floor":5,"key":"LiquidBronze"},{"floor":7,"key":"SkillPotion"}],"is_trial":false,"path_per_floor":["M","M","M","?","M","R","E","M","T","R","E","R","?","M","R","B"],"character_chosen":"WATCHER","items_purchased":[],"campfire_rested":1,"item_purchase_floors":[],"current_hp_per_floor":[60,56,56,49,46,46,18,17,17,52,40,40,40,40,40,0,0],"gold":248,"neow_bonus":"BOSS_RELIC","is_daily":false,"chose_seed":false,"campfire_upgraded":3,"win_rate":0.0,"timestamp":1611487464,"path_taken":["M","M","M","?","M","R","E","M","T","R","E","R","?","M","R","BOSS"],"items_purchased_type":[],"build_version":"2020-12-22","purchased_purges":0,"victory":false,"max_hp_per_floor":[68,68,68,68,68,68,68,68,68,68,68,68,68,68,68,68,68],"relic_stats":{"Regal Pillow":15,"counters":[9,40],"Snecko Eye":[64,48,71,62],"Letter Opener":[16],"obtain_stats":[{"Regal Pillow":7,"HornCleat":11,"Snecko Eye":0,"Letter Opener":9,"PureWater":0},{"Regal Pillow":5,"HornCleat":7,"Snecko Eye":0,"Letter Opener":6,"PureWater":0},{"Regal Pillow":16,"HornCleat":28,"Snecko Eye":0,"Letter Opener":20,"PureWater":0}]},"card_choices":[{"not_picked":["CutThroughFate","Study"],"picked":"Protect","floor":1},{"not_picked":["Vengeance","CarveReality","FollowUp"],"picked":"SKIP","floor":2},{"not_picked":["Halt","FollowUp"],"picked":"EmptyFist","floor":3},{"not_picked":["EmptyBody","Worship","Protect"],"picked":"SKIP","floor":5},{"not_picked":["Brilliance","Evaluate"],"picked":"LikeWater","floor":7},{"not_picked":["PathToVictory","ThirdEye","Evaluate"],"picked":"SKIP","floor":8},{"not_picked":["Nirvana","WreathOfFlame","EmptyBody"],"picked":"SKIP","floor":11},{"not_picked":["PathToVictory","Prostrate"],"picked":"Consecrate","floor":14}],"player_experience":1835746,"relics_obtained":[{"floor":7,"key":"Regal Pillow"},{"floor":9,"key":"Letter Opener"},{"floor":11,"key":"HornCleat"}],"event_choices":[{"cards_removed":["Strike_P"],"damage_healed":0,"gold_gain":0,"player_choice":"Card Removal","damage_taken":7,"max_hp_gain":0,"max_hp_loss":0,"event_name":"Golden Wing","floor":4,"gold_loss":0},{"damage_healed":0,"gold_gain":0,"player_choice":"Grow","damage_taken":0,"max_hp_gain":0,"max_hp_loss":0,"event_name":"Living Wall","floor":13,"gold_loss":0,"cards_upgraded":["Vigilance"]}],"is_beta":false,"boss_relics":[],"items_purged_floors":[],"is_endless":false,"potions_floor_spawned":[3,5,7],"killed_by":"Hexaghost","ascension_level":20}}