{"host":"5gfra4hjb6stk8c2","time":1611446633,"event":{"mods":["BaseMod","Minty Spire (QoL Compilation)","Quick Restart","SuperFastMode"],"gold_per_floor":[112,62,237,237,237,271,271,290,290,324,337,337,105,119,119,221,221,231,231,231,256,256,256,282,282,332,332,364,132,151,185,185,283,283,293,293,310,310,310,338,350,173,173,192,192,223,223,223],"floor_reached":47,"language":"ENG","playtime":1178,"items_purged":["Doubt","Strike_P+1"],"score":1013,"play_id":"658a10dd-00ee-4e00-a71f-d2f08212e349","local_time":"20210123210353","is_ascension_mode":true,"campfire_choices":[{"data":"Eruption","floor":7,"key":"SMITH"},{"data":"Halt","floor":15,"key":"SMITH"},{"data":"WheelKick","floor":23,"key":"SMITH"},{"data":"Strike_P","floor":25,"key":"SMITH"},{"floor":27,"key":"RECALL"},{"floor":32,"key":"REST"}],"circlet_count":0,"master_deck":["Strike_P+1","Strike_P+1","Eruption+1","Vigilance+1","CrushJoints+1","Halt+1","WheelKick+1","Halt+1","SashWhip+1","BattleHymn","Worship","Omniscience+1","Writhe"],"relics":["PureWater","NeowsBlessing","Pantograph","Tiny Chest","Happy Flower","Lee\u0027s Waffle","Empty Cage","War Paint","Potion Belt","Smiling Mask","Singing Bowl","Sling","Mango","Busted Crown","GoldenEye","Nunchaku","Darkstone Periapt","Toy Ornithopter"],"acts_visited":["Exordium","TheCity","TheBeyond"],"potions_floor_usage":[14,16,31,31,33,44,44,46,47],"damage_taken":[{"damage":0,"enemies":"Cultist","floor":1,"turns":1},{"damage":0,"enemies":"Lagavulin","floor":6,"turns":1},{"damage":0,"enemies":"Small Slimes","floor":8,"turns":1},{"damage":29,"enemies":"Gremlin Nob","floor":10,"turns":4},{"damage":0,"enemies":"2 Louse","floor":11,"turns":3},{"damage":0,"enemies":"Large Slime","floor":14,"turns":3},{"damage":0,"enemies":"Slime Boss","floor":16,"turns":4},{"damage":0,"enemies":"Spheric Guardian","floor":18,"turns":2},{"damage":0,"enemies":"Gremlin Leader","floor":24,"turns":3},{"damage":39,"enemies":"Slavers","floor":28,"turns":8},{"damage":4,"enemies":"3 Byrds","floor":30,"turns":4},{"damage":20,"enemies":"Book of Stabbing","floor":31,"turns":2},{"damage":46,"enemies":"Automaton","floor":33,"turns":9},{"damage":20,"enemies":"3 Darklings","floor":35,"turns":3},{"damage":11,"enemies":"Orb Walker","floor":37,"turns":2},{"damage":0,"enemies":"Nemesis","floor":40,"turns":3},{"damage":34,"enemies":"Jaw Worm Horde","floor":41,"turns":4},{"damage":14,"enemies":"Spire Growth","floor":44,"turns":3},{"damage":43,"enemies":"Reptomancer","floor":46,"turns":3},{"damage":40,"enemies":"4 Shapes","floor":47,"turns":1}],"seed_played":"8526990087576491444","potions_obtained":[{"floor":8,"key":"Explosive Potion"},{"floor":11,"key":"SkillPotion"},{"floor":28,"key":"SpeedPotion"},{"floor":30,"key":"LiquidMemories"},{"floor":31,"key":"SteroidPotion"},{"floor":40,"key":"Fire Potion"},{"floor":41,"key":"Regen Potion"}],"is_trial":false,"path_per_floor":["M","?","?","?","?","E","R","M","T","E","M","T","$","M","R","B",null,"M","?","?","T","?","R","E","R","T","R","E","$","M","E","R","B",null,"M","?","M","T","?","E","M","$","T","M","?","E","M"],"character_chosen":"WATCHER","items_purchased":["Lee\u0027s Waffle","Sling","BattleHymn","SkillPotion","Regen Potion"],"campfire_rested":1,"item_purchase_floors":[13,29,29,42,42],"current_hp_per_floor":[65,65,65,51,51,51,51,51,51,22,22,22,79,79,79,79,79,79,79,64,64,64,64,64,64,64,64,27,27,25,19,49,28,84,66,66,57,57,57,59,27,27,27,34,68,27,0,0],"gold":223,"neow_bonus":"THREE_ENEMY_KILL","is_daily":false,"chose_seed":false,"campfire_upgraded":4,"win_rate":0.0,"timestamp":1611446633,"path_taken":["M","?","?","?","?","E","R","?","T","E","M","?","$","M","R","BOSS","M","?","?","?","?","R","E","R","T","R","E","$","?","E","R","BOSS","M","?","M","?","?","E","?","$","T","M","?","E","M"],"items_purchased_type":["Relic","Relic","Card","Potion","Potion"],"build_version":"2020-12-22","purchased_purges":2,"victory":false,"max_hp_per_floor":[72,72,72,72,72,72,72,72,72,72,72,72,79,79,79,79,79,79,79,84,84,84,84,84,84,84,84,86,86,88,102,102,102,102,104,104,106,106,106,108,110,110,110,112,118,120,120,120],"card_choices":[{"not_picked":["FlurryOfBlows","Nirvana"],"picked":"CrushJoints","floor":1},{"not_picked":["FlurryOfBlows","ForeignInfluence","ClearTheMind"],"picked":"SKIP","floor":6},{"not_picked":["FlurryOfBlows","ThirdEye","PathToVictory"],"picked":"SKIP","floor":8},{"not_picked":["Consecrate","Scrawl"],"picked":"Halt","floor":10},{"not_picked":["Prostrate","SashWhip"],"picked":"WheelKick","floor":11},{"not_picked":["Establishment","Wallop"],"picked":"Halt","floor":14},{"not_picked":["FlyingSleeves+1","WheelKick"],"picked":"SashWhip+1","floor":18},{"not_picked":["FlyingSleeves","LikeWater+1","Crescendo"],"picked":"SKIP","floor":24},{"not_picked":["Scrawl","CrushJoints","SashWhip"],"picked":"Singing Bowl","floor":28},{"not_picked":["CrushJoints","FlurryOfBlows","EmptyMind"],"picked":"Singing Bowl","floor":30},{"not_picked":["ThirdEye","Indignation+1"],"picked":"Worship","floor":31},{"not_picked":["SpiritShield","Wish"],"picked":"Omniscience","floor":33},{"not_picked":["Adaptation+1"],"picked":"Singing Bowl","floor":35},{"not_picked":["Prostrate"],"picked":"Singing Bowl","floor":37},{"not_picked":["ThirdEye"],"picked":"Singing Bowl","floor":40},{"not_picked":["PathToVictory"],"picked":"Singing Bowl","floor":41},{"not_picked":["BowlingBash"],"picked":"Singing Bowl","floor":44},{"not_picked":["DeceiveReality"],"picked":"Singing Bowl","floor":46}],"player_experience":185869,"relics_obtained":[{"floor":6,"key":"Pantograph"},{"floor":9,"key":"Tiny Chest"},{"floor":10,"key":"Happy Flower"},{"floor":21,"key":"War Paint"},{"floor":24,"key":"Potion Belt"},{"floor":26,"key":"Smiling Mask"},{"floor":28,"key":"Singing Bowl"},{"floor":31,"key":"Mango"},{"floor":38,"key":"GoldenEye"},{"floor":40,"key":"Nunchaku"},{"floor":43,"key":"Darkstone Periapt"},{"floor":46,"key":"Toy Ornithopter"}],"event_choices":[{"cards_removed":["Defend_P"],"damage_healed":0,"gold_gain":0,"player_choice":"Card Removal","damage_taken":0,"max_hp_gain":0,"max_hp_loss":0,"event_name":"The Cleric","floor":2,"gold_loss":50},{"damage_healed":0,"gold_gain":175,"player_choice":"AGREE","damage_taken":0,"max_hp_gain":0,"max_hp_loss":0,"event_name":"Liars Game","floor":3,"gold_loss":0,"cards_obtained":["Doubt"]},{"damage_healed":0,"gold_gain":0,"player_choice":"Entered Light","damage_taken":14,"max_hp_gain":0,"max_hp_loss":0,"event_name":"Shining Light","floor":4,"gold_loss":0,"cards_upgraded":["Strike_P","Strike_P"]},{"damage_healed":0,"gold_gain":0,"player_choice":"Upgraded","damage_taken":0,"max_hp_gain":0,"max_hp_loss":0,"event_name":"Upgrade Shrine","floor":5,"gold_loss":0,"cards_upgraded":["CrushJoints"]},{"cards_removed":["Defend_P"],"damage_healed":0,"gold_gain":0,"player_choice":"Elegance","damage_taken":0,"max_hp_gain":0,"max_hp_loss":0,"event_name":"Back to Basics","floor":19,"gold_loss":0},{"damage_healed":0,"gold_gain":0,"player_choice":"Shed Blood","damage_taken":20,"max_hp_gain":5,"max_hp_loss":0,"event_name":"Forgotten Altar","floor":20,"gold_loss":0},{"cards_removed":["Strike_P"],"damage_healed":0,"gold_gain":0,"player_choice":"Purged","damage_taken":0,"max_hp_gain":0,"max_hp_loss":0,"event_name":"Purifier","floor":22,"gold_loss":0},{"damage_healed":0,"gold_gain":0,"player_choice":"Ignored","damage_taken":0,"max_hp_gain":0,"max_hp_loss":0,"event_name":"Tomb of Lord Red Mask","floor":36,"gold_loss":0},{"damage_healed":0,"gold_gain":0,"player_choice":"Forge","damage_taken":0,"max_hp_gain":0,"max_hp_loss":0,"event_name":"Accursed Blacksmith","floor":39,"gold_loss":0,"cards_upgraded":["Omniscience"]},{"damage_healed":28,"gold_gain":0,"player_choice":"Writhe","damage_taken":0,"max_hp_gain":0,"max_hp_loss":0,"event_name":"Winding Halls","floor":45,"gold_loss":0,"cards_obtained":["Writhe"]}],"is_beta":false,"boss_relics":[{"not_picked":["Tiny House","Cursed Key"],"picked":"Empty Cage"},{"not_picked":["Calling Bell","Coffee Dripper"],"picked":"Busted Crown"}],"items_purged_floors":[13,42],"is_endless":false,"potions_floor_spawned":[8,11,28,30,31,40,41],"killed_by":"4 Shapes","ascension_level":7}}