{"host":"zksvs3x2ysy9npnz","time":1611523281,"event":{"mods":["Aspiration","BaseMod","Beaked The Cultist","BetterRewards","Clockwork Mod","Colored Map","Conspire","Downfall","Duelist Mod","Ekko","Fiend Mod","Halation","Highlight Path","Hubris","Hunter ??","Infinite Spire","Jedi Mod","Magitek Elite","Minty Spire (QoL Compilation)","Permanent Neow","Quick Restart","Relic Stats","Shop Mod","StSLib","The Construct","The Runesmith","The Witch","thorton"],"gold_per_floor":[99,99,12,12,12,12,12,12,12,0,16,50,50,50,64,166,166,66,86,86,86],"floor_reached":20,"language":"FRA","playtime":854,"items_purged":[],"score":174,"play_id":"0a3cff74-ce16-4978-bfd3-225b4b295681","local_time":"20210124222121","is_ascension_mode":true,"campfire_choices":[{"floor":1,"key":"RECALL"},{"data":"bronze:BronzeArmor","floor":6,"key":"SMITH"},{"data":"bronze:Format","floor":9,"key":"SMITH"},{"data":"bronze:GetLatest","floor":13,"key":"SMITH"},{"data":"bronze:Verify","floor":18,"key":"SMITH"}],"circlet_count":0,"master_deck":["bronze:Strike","bronze:Strike","bronze:Strike","bronze:Strike","bronze:Defend","bronze:Defend","bronze:Defend","bronze:Defend","bronze:Replicate","bronze:Goto","bronze:Fortify","Flash of Steel","bronze:BronzeArmor+1","bronze:Format+1","bronze:Constructor","bronze:GetLatest+1","bronze:DelayedGuard","bronze:FineTuning","bronze:Verify+1","bronze:Fortify"],"relics":["bronze:BronzeCore","downfall:HeartsMalice","InkBottle","Slimebound:PreparedRelic","Runesmith:AutoHammer","aspiration:IroncladSkillbook","downfall:HeartBlessingRed"],"acts_visited":["Exordium","TheCity"],"potions_floor_usage":[12,12,16],"damage_taken":[{"damage":0,"enemies":"downfall:FleeingMerchant","floor":3,"turns":1},{"damage":0,"enemies":"conspire:RoseBush","floor":5,"turns":1},{"damage":0,"enemies":"Small Slimes","floor":8,"turns":1},{"damage":0,"enemies":"downfall:FleeingMerchant","floor":10,"turns":4},{"damage":0,"enemies":"Cultist","floor":11,"turns":4},{"damage":13,"enemies":"Lagavulin","floor":12,"turns":4},{"damage":0,"enemies":"Exordium Wildlife","floor":15,"turns":3},{"damage":2,"enemies":"SI_SHIV_ARCHETYPE","floor":16,"turns":7},{"damage":0,"enemies":"Chosen","floor":19,"turns":4}],"seed_played":"-6890298988460496098","potions_obtained":[{"floor":4,"key":"Strength Potion"},{"floor":4,"key":"Strength Potion"},{"floor":4,"key":"Regen Potion"},{"floor":12,"key":"construct:ShiftPotion"},{"floor":15,"key":"CultistPotion"}],"is_trial":false,"path_per_floor":["R","?","$","?","M","R","T","M","R","$","M","E","R","T","M","B",null,"R","M","?"],"character_chosen":"THE_AUTOMATON","items_purchased":["Flash of Steel"],"campfire_rested":0,"item_purchase_floors":[3],"current_hp_per_floor":[70,70,70,70,70,70,70,70,70,70,70,57,57,57,57,55,70,70,70,0,0],"gold":86,"neow_bonus":"THREE_ENEMY_KILL","is_daily":false,"chose_seed":false,"campfire_upgraded":4,"win_rate":0.0,"timestamp":1611523281,"path_taken":["R","?","$","?","M","R","T","?","R","$","M","E","R","?","M","BOSS","R","M","?"],"items_purchased_type":["Card"],"build_version":"2020-12-22","purchased_purges":0,"victory":false,"max_hp_per_floor":[70,70,70,70,70,70,70,70,70,70,70,70,70,70,70,70,70,70,70,70,70],"relic_stats":{"counters":[9,26],"obtain_stats":[{"bronze:BronzeCore":0,"downfall:HeartBlessingRed":18,"downfall:HeartsMalice":0,"Slimebound:PreparedRelic":7,"Runesmith:AutoHammer":12,"InkBottle":2,"aspiration:IroncladSkillbook":17},{"bronze:BronzeCore":0,"downfall:HeartBlessingRed":8,"downfall:HeartsMalice":0,"Slimebound:PreparedRelic":2,"Runesmith:AutoHammer":6,"InkBottle":0,"aspiration:IroncladSkillbook":8},{"bronze:BronzeCore":0,"downfall:HeartBlessingRed":22,"downfall:HeartsMalice":0,"Slimebound:PreparedRelic":0,"Runesmith:AutoHammer":12,"InkBottle":0,"aspiration:IroncladSkillbook":22}],"InkBottle":[11]},"card_choices":[{"not_picked":["bronze:Overload","bronze:Allocate"],"picked":"bronze:Fortify","floor":3},{"not_picked":["bronze:Iterate","bronze:FineTuning"],"picked":"bronze:BronzeArmor","floor":5},{"not_picked":["bronze:Separator","bronze:CutThrough"],"picked":"bronze:Format","floor":8},{"not_picked":["bronze:Separator","bronze:Backtrace"],"picked":"bronze:Constructor","floor":10},{"not_picked":["bronze:BronzeArmor","bronze:BugBarrage"],"picked":"bronze:GetLatest","floor":11},{"not_picked":["bronze:Separator","bronze:Shell"],"picked":"bronze:DelayedGuard","floor":12},{"not_picked":["bronze:Overload","bronze:Separator"],"picked":"bronze:FineTuning","floor":15},{"not_picked":["bronze:Format","bronze:Break"],"picked":"bronze:Verify","floor":16},{"not_picked":["Feel No Pain","bronze:Deprecate","Uppercut"],"picked":"bronze:Fortify","floor":19}],"player_experience":2485468,"relics_obtained":[{"floor":2,"key":"InkBottle"},{"floor":7,"key":"Slimebound:PreparedRelic"},{"floor":12,"key":"Runesmith:AutoHammer"}],"event_choices":[{"damage_healed":0,"gold_gain":0,"player_choice":"Got Potions","damage_taken":0,"max_hp_gain":0,"max_hp_loss":0,"event_name":"Lab","floor":4,"gold_loss":0}],"is_beta":false,"boss_relics":[{"not_picked":["aspiration:RunicSpoon","SacredBark"],"picked":"aspiration:IroncladSkillbook"}],"items_purged_floors":[],"is_endless":false,"potions_floor_spawned":[12,15],"ascension_level":1}}