{"host":"cq2iqt18u9swspes","time":1611511642,"event":{"mods":["AchievementEnabler","BaseMod","BetterRewards","Colored Map","Downfall","Minty Spire (QoL Compilation)","StSLib","The Cursed"],"gold_per_floor":[114,127,11,31,31,31,60,60,130,147,177,190,202,217,217,319,319,333,348,360,39,57,57,68,100,147,47,47,59,59,79,79,184,184,202,202,1,1,1,27,45,45,93,93,103,115,15,31,31,31,31],"floor_reached":50,"language":"ENG","playtime":3367,"items_purged":["Strike_G","Strike_G"],"score":533,"play_id":"1bc58a32-a5d4-477b-84e9-6d33bcf7c4d3","local_time":"20210124190722","is_ascension_mode":false,"campfire_choices":[{"data":"Calculated Gamble","floor":6,"key":"SMITH"},{"data":"Deadly Poison","floor":8,"key":"SMITH"},{"floor":15,"key":"REST"},{"floor":23,"key":"REST"},{"floor":32,"key":"REST"},{"floor":42,"key":"REST"},{"floor":44,"key":"REST"},{"floor":49,"key":"REST"}],"circlet_count":0,"master_deck":["Strike_G","Defend_G","Defend_G","Defend_G","Defend_G","Defend_G","Survivor","Neutralize","Slice","Calculated Gamble+1","Caltrops","Sucker Punch","Flying Knee","Deadly Poison+1","Backstab","Outmaneuver","Distraction","Blade Dance","Bane","Adrenaline","Prepared","Quick Slash+1","Quick Slash","Apotheosis","Infinite Blades","Deadly Poison","Blade Dance","Blade Dance+1","Slice","Dodge and Roll+1","Deadly Poison","PiercingWail+1","Expertise+1","After Image","Outmaneuver+1","Backstab","Terror","Swift Strike","downfall:Aged","downfall:Aged","Infinite Blades+1","Finisher","downfall:Haunted","Doubt","Calculated Gamble+1","Catalyst+1"],"relics":["Ring of the Snake","Ancient Tea Set","Letter Opener","Sundial","bronze:MakeshiftBattery","Bag of Preparation","Tiny Chest","downfall:ExtraCursedKey","Empty Cage","Ninja Scroll","Bottled Flame","Lantern"],"acts_visited":["Exordium","TheCity","TheBeyond"],"potions_floor_usage":[7,13,16,20,25,29,40,40,48],"damage_taken":[{"damage":0,"enemies":"Jaw Worm","floor":1,"turns":5},{"damage":0,"enemies":"Small Slimes","floor":2,"turns":3},{"damage":0,"enemies":"Cultist","floor":4,"turns":4},{"damage":18,"enemies":"Lagavulin","floor":7,"turns":8},{"damage":2,"enemies":"Looter","floor":10,"turns":2},{"damage":27,"enemies":"3 Sentries","floor":11,"turns":6},{"damage":8,"enemies":"Red Slaver","floor":12,"turns":4},{"damage":1,"enemies":"Lots of Slimes","floor":13,"turns":3},{"damage":3,"enemies":"Large Slime","floor":14,"turns":4},{"damage":6,"enemies":"Slime Boss","floor":16,"turns":7},{"damage":5,"enemies":"Chosen","floor":18,"turns":3},{"damage":17,"enemies":"2 Thieves","floor":19,"turns":3},{"damage":0,"enemies":"Centurion and Healer","floor":20,"turns":5},{"damage":21,"enemies":"Snecko","floor":22,"turns":4},{"damage":14,"enemies":"Shelled Parasite and Fungi","floor":24,"turns":3},{"damage":17,"enemies":"Gremlin Leader","floor":25,"turns":6},{"damage":2,"enemies":"3 Cultists","floor":29,"turns":5},{"damage":0,"enemies":"Cultist and Chosen","floor":31,"turns":4},{"damage":55,"enemies":"Collector","floor":33,"turns":8},{"damage":6,"enemies":"3 Shapes","floor":35,"turns":3},{"damage":54,"enemies":"Giant Head","floor":40,"turns":7},{"damage":15,"enemies":"3 Darklings","floor":41,"turns":6},{"damage":23,"enemies":"Spire Growth","floor":45,"turns":5},{"damage":5,"enemies":"Transient","floor":46,"turns":5},{"damage":13,"enemies":"Maw","floor":48,"turns":5},{"damage":76,"enemies":"Time Eater","floor":50,"turns":6}],"seed_played":"3570403735584154537","potions_obtained":[{"floor":2,"key":"DistilledChaos"},{"floor":10,"key":"Ancient Potion"},{"floor":12,"key":"SkillPotion"},{"floor":13,"key":"DistilledChaos"},{"floor":19,"key":"Block Potion"},{"floor":20,"key":"DuplicationPotion"},{"floor":25,"key":"Block Potion"},{"floor":35,"key":"Block Potion"},{"floor":36,"key":"FairyPotion"},{"floor":36,"key":"Slimebound:ThreeZeroPotion"},{"floor":46,"key":"Block Potion"}],"is_trial":false,"path_per_floor":["M","M","$","M","?","R","E","R","T","M","E","M","M","M","R","B",null,"M","M","M","$","M","R","M","E","T","$","?","M","?","M","R","B",null,"M","?","$","T","?","E","M","R","T","R","M","M","$","M","R","B"],"character_chosen":"THE_SILENT","items_purchased":["Caltrops","Sucker Punch","Apotheosis","Infinite Blades","Deadly Poison","Blade Dance","Deadly Poison","Backstab","Terror","Swift Strike"],"campfire_rested":6,"item_purchase_floors":[3,3,21,21,21,21,27,37,37,37],"current_hp_per_floor":[77,77,77,77,82,82,64,64,64,62,35,27,26,23,47,41,82,77,60,60,60,39,63,49,32,32,32,59,57,57,57,81,26,82,76,76,76,76,76,22,7,31,31,55,32,27,27,14,38,0,0],"gold":31,"neow_bonus":"TEN_PERCENT_HP_BONUS","is_daily":false,"chose_seed":false,"campfire_upgraded":2,"win_rate":0.0,"timestamp":1611511642,"path_taken":["M","M","$","M","?","R","E","R","T","M","E","M","M","M","R","BOSS","M","M","M","$","M","R","M","E","T","$","?","M","?","M","R","BOSS","M","?","$","?","?","E","M","R","T","R","M","?","?","M","R","BOSS"],"items_purchased_type":["Card","Card","Card","Card","Card","Card","Card","Card","Card","Card"],"build_version":"2020-12-22","purchased_purges":2,"victory":false,"max_hp_per_floor":[77,77,77,77,82,82,82,82,82,82,82,82,82,82,82,82,82,82,82,82,82,82,82,82,82,82,82,82,82,82,82,82,82,82,82,82,82,82,82,82,82,82,82,82,82,82,82,82,82,82,82],"card_choices":[{"not_picked":["PiercingWail","Dodge and Roll"],"picked":"Slice","floor":1},{"not_picked":["Predator","Eviscerate"],"picked":"Calculated Gamble","floor":2},{"not_picked":["Dagger Spray","Catalyst"],"picked":"Flying Knee","floor":4},{"not_picked":["Flying Knee","Outmaneuver"],"picked":"Deadly Poison","floor":7},{"not_picked":["Distraction","Catalyst"],"picked":"Backstab","floor":10},{"not_picked":["Eviscerate","Leg Sweep"],"picked":"Outmaneuver","floor":11},{"not_picked":["After Image","Acrobatics"],"picked":"Distraction","floor":12},{"not_picked":["Dagger Throw","Caltrops"],"picked":"Blade Dance","floor":13},{"not_picked":["Outmaneuver","Crippling Poison"],"picked":"Bane","floor":14},{"not_picked":["After Image","Doppelganger"],"picked":"Adrenaline","floor":16},{"not_picked":["Outmaneuver+1","Dagger Spray+1"],"picked":"Prepared","floor":18},{"not_picked":["Leg Sweep","Dash"],"picked":"Quick Slash+1","floor":19},{"not_picked":["Well Laid Plans","Underhanded Strike+1"],"picked":"Quick Slash","floor":20},{"not_picked":["Bane","Endless Agony"],"picked":"Blade Dance+1","floor":22},{"not_picked":["Flechettes","Dagger Spray"],"picked":"Slice","floor":24},{"not_picked":["Unload","Endless Agony"],"picked":"Dodge and Roll+1","floor":25},{"not_picked":["Slice","Underhanded Strike+1"],"picked":"PiercingWail+1","floor":29},{"not_picked":["Backflip","Flechettes"],"picked":"Expertise+1","floor":31},{"not_picked":["Die Die Die","Wraith Form v2"],"picked":"After Image","floor":33},{"not_picked":["Skewer+1","Expertise"],"picked":"Outmaneuver+1","floor":35},{"not_picked":["PiercingWail","Wraith Form v2"],"picked":"Infinite Blades+1","floor":40},{"not_picked":["Acrobatics","Skewer+1"],"picked":"Finisher","floor":41},{"not_picked":["Flechettes","Acrobatics"],"picked":"Calculated Gamble+1","floor":45},{"not_picked":["Deflect+1","Outmaneuver"],"picked":"Catalyst+1","floor":46},{"not_picked":["Deflect","Flying Knee","Predator+1"],"picked":"SKIP","floor":48}],"player_experience":39845,"relics_obtained":[{"floor":7,"key":"Ancient Tea Set"},{"floor":9,"key":"Letter Opener"},{"floor":11,"key":"Sundial"},{"floor":25,"key":"Bag of Preparation"},{"floor":26,"key":"Tiny Chest"},{"floor":38,"key":"Ninja Scroll"},{"floor":40,"key":"Bottled Flame"},{"floor":43,"key":"Lantern"}],"event_choices":[{"damage_healed":0,"gold_gain":0,"player_choice":"Donut","damage_taken":0,"max_hp_gain":5,"max_hp_loss":0,"event_name":"Big Fish","floor":5,"gold_loss":0},{"damage_healed":27,"gold_gain":0,"player_choice":"Heal","damage_taken":0,"max_hp_gain":0,"max_hp_loss":0,"event_name":"The Library","floor":28,"gold_loss":0},{"damage_healed":0,"gold_gain":0,"player_choice":"Got Potions","damage_taken":0,"max_hp_gain":0,"max_hp_loss":0,"event_name":"Lab","floor":36,"gold_loss":0},{"damage_healed":0,"gold_gain":0,"player_choice":"Ignored","damage_taken":0,"max_hp_gain":0,"max_hp_loss":0,"event_name":"SecretPortal","floor":39,"gold_loss":0}],"is_beta":false,"boss_relics":[{"not_picked":["Runic Dome","Velvet Choker"],"picked":"bronze:MakeshiftBattery"},{"not_picked":["Busted Crown","Philosopher\u0027s Stone"],"picked":"Empty Cage"}],"items_purged_floors":[27,47],"is_endless":false,"potions_floor_spawned":[1,2,10,12,13,19,20,25,35,46],"killed_by":"Time Eater","ascension_level":0}}