{"host":"cfluht5kr2kfk9p9","time":1611503447,"event":{"mods":["ATMod(°¢èªMod)","Arknights The Spire","BaseMod","Downfall","Highlight Path","Minty Spire (QoL Compilation)","Quick Restart","Rare Cards Sparkle","Reimu£¨²©ÀöÁéÃÎ£©","Relic Stats","RumiaBox-Â¶Ã×æ«µÄÉñÃØºÐ×Ó","Spicy Shops","StSLib","TestMod","¡¾¹¦ÄÜMod¡¿»ìãçÖ®»·ÐÞ¸´²¹¶¡"],"gold_per_floor":[99,110,121,121,138,154,210,237,261,161,178,203,203,231,68,68,86,97,199,199,99,114,128,143,165,183,183,183,197,197,231,231,257,257,157,157,157,184,199,311,311,311,329,346,365,502,502,529,529,560,577,577,606,625,663,691,711,661,681,681,681,720,9,9,13,13],"floor_reached":65,"language":"ZHS","playtime":3189,"items_purged":["Strike_Lin:ReiMu","Strike_Lin:ReiMu"],"score":1102,"play_id":"29a3fbad-0090-4254-9887-a6801e05b7ca","local_time":"20210124235047","is_ascension_mode":false,"campfire_choices":[{"data":"AT_KingSlayer","floor":1.0,"key":"SMITH"},{"data":"NB:ReiMu","floor":10.0,"key":"SMITH"},{"floor":13.0,"key":"RECALL"},{"data":"Determination:ReiMu","floor":16.0,"key":"SMITH"},{"data":"SubcavityFantasy:ReiMu","floor":21.0,"key":"SMITH"},{"data":"RainPray2:ReiMu","floor":35,"key":"SMITH"},{"data":"AlertArray:ReiMu","floor":42,"key":"SMITH"},{"data":"OctopathBindingBorder2:ReiMu","floor":64,"key":"SMITH"}],"circlet_count":0,"master_deck":["Defend_Lin:ReiMu","Defend_Lin:ReiMu","Defend_Lin:ReiMu","Defend_Lin:ReiMu","NB:ReiMu+1","Stagnation:ReiMu","AT_KingSlayer+1","Enchanting:ReiMu","OrbThrow:ReiMu","AlertArray:ReiMu+1","PayForSelf:ReiMu","SafetyPray:ReiMu","Determination:ReiMu+1","Dreaming2:ReiMu+1","RainPray2:ReiMu+1","OctopathBindingBorder2:ReiMu+1","SubcavityFantasy:ReiMu+1","Revelation:ReiMu+1","Pride","Revelation:ReiMu+1","Crusade:ReiMu","Meditation:ReiMu+1","RainPray2:ReiMu+1"],"relics":["FlyPower:ReiMu","testmod-TestBox","AT_ATBox","testmod-EqualTreatment","Happy Flower","Meat on the Bone","testmod-Antiphasic","downfall:HeartBlessingBlue","Slimebound:StickyStick","AT_BellDemon","Pen Nib","bronze:DonusWashers","Smiling Mask","Slimebound:PreparedRelic","testmod-DeterminationOfClimber","downfall:HeartBlessingGreen","Shuriken","hexamod:Sixitude","testmod-Acrobat","downfall:HeartBlessingRed","RuthlessExorcism:ReiMu","RedLine:ReiMu","Toxic Egg 2","Gremlin Horn","Ccalipers","AT_TimeSand","Bag of Preparation","Mercury Hourglass","ZombieArmy","BodyOfKamiR:ReiMu","AT_SunfireAegis","testmod-BouquetWithThorns","GodSword5","Kunai","GodSword6","SkyOrb:ReiMu","Medical Kit","Sling"],"acts_visited":["Exordium","TheCity","TheBeyond","TheEnding"],"potions_floor_usage":[],"damage_taken":[{"damage":2.0,"enemies":"Jaw Worm","floor":2.0,"turns":6.0},{"damage":0.0,"enemies":"2 Louse","floor":3.0,"turns":2.0},{"damage":4.0,"enemies":"Small Slimes","floor":5.0,"turns":3.0},{"damage":5.0,"enemies":"3 Louse","floor":6.0,"turns":2.0},{"damage":19.0,"enemies":"3 Sentries","floor":7.0,"turns":6.0},{"damage":6.0,"enemies":"2 Fungi Beasts","floor":11.0,"turns":3.0},{"damage":20.0,"enemies":"Lagavulin","floor":12.0,"turns":7.0},{"damage":2.0,"enemies":"Gremlin Nob","floor":14.0,"turns":3.0},{"damage":0.0,"enemies":"downfall:FleeingMerchant","floor":15.0,"turns":4.0},{"damage":3.0,"enemies":"Gremlin Gang","floor":17.0,"turns":2.0},{"damage":0.0,"enemies":"Exordium Wildlife","floor":18.0,"turns":1.0},{"damage":13.0,"enemies":"WA_ARCHETYPE_RETAIN","floor":19.0,"turns":6.0},{"damage":0.0,"enemies":"Shell Parasite","floor":22.0,"turns":2.0},{"damage":0.0,"enemies":"Spheric Guardian","floor":23.0,"turns":3.0},{"damage":0.0,"enemies":"Cultist and Chosen","floor":24.0,"turns":2.0},{"damage":1.0,"enemies":"3 Cultists","floor":25.0,"turns":3.0},{"damage":0.0,"enemies":"Snecko","floor":26.0,"turns":3.0},{"damage":0.0,"enemies":"Chosen and Byrds","floor":29.0,"turns":2.0},{"damage":0.0,"enemies":"Gremlin Leader","floor":31.0,"turns":2.0},{"damage":0,"enemies":"Cultist and Chosen","floor":33,"turns":2},{"damage":0,"enemies":"Centurion and Healer","floor":38,"turns":1},{"damage":6,"enemies":"Shelled Parasite and Fungi","floor":39,"turns":2},{"damage":0,"enemies":"SI_MIRROR_ARCHETYPE","floor":40,"turns":2},{"damage":0,"enemies":"Orb Walker","floor":43,"turns":1},{"damage":0,"enemies":"3 Darklings","floor":44,"turns":1},{"damage":0,"enemies":"Spire Growth","floor":45,"turns":1},{"damage":0,"enemies":"downfall:FleeingMerchant","floor":46,"turns":1},{"damage":0,"enemies":"Transient","floor":48,"turns":1},{"damage":0,"enemies":"Nemesis","floor":50,"turns":1},{"damage":0,"enemies":"Sphere and 2 Shapes","floor":51,"turns":1},{"damage":0,"enemies":"Writhing Mass","floor":53,"turns":1},{"damage":0,"enemies":"Jaw Worm Horde","floor":54,"turns":1},{"damage":0,"enemies":"Giant Head","floor":55,"turns":1},{"damage":0,"enemies":"Spire Growth","floor":56,"turns":1},{"damage":0,"enemies":"Transient","floor":57,"turns":1},{"damage":0,"enemies":"Maw","floor":59,"turns":1},{"damage":0,"enemies":"IC_BLOCK_ARCHETYPE","floor":60,"turns":1},{"damage":0,"enemies":"downfall:CharBossMerchant","floor":62,"turns":1},{"damage":0,"enemies":"downfall:NeowBoss","floor":65,"turns":1}],"seed_played":"777922983733364090","potions_obtained":[{"floor":2.0,"key":"Fire Potion"},{"floor":5.0,"key":"champ:CounterPotion"},{"floor":7.0,"key":"Swift Potion"},{"floor":11.0,"key":"Fire Potion"},{"floor":24.0,"key":"Dexterity Potion"},{"floor":29.0,"key":"Fruit Juice"},{"floor":31.0,"key":"BlessingOfTheForge"},{"floor":32,"key":"CultistPotion"},{"floor":40,"key":"DistilledChaos"},{"floor":45,"key":"PowerPotion"},{"floor":50,"key":"testmod-TestPotion"}],"is_trial":false,"path_per_floor":["R","M","M","?","M","M","?","T","T","R","M","E","R","E","$","R","M","M","B",null,"R","M","M","M","M","M","T","T","M","?","E","?","M","?","R","?","?","M","M","B",null,"R","M","M","M","$","?","M","T","E","M","?","M","M","E","M","M","$","M","B",null,"E","$","R","B"],"character_chosen":"REIMU","items_purchased":["bronze:DonusWashers","Toxic Egg 2","GodSword6","SkyOrb:ReiMu","Medical Kit","Sling"],"campfire_rested":0,"item_purchase_floors":[15,46,63,63,63,63],"current_hp_per_floor":[71,69,69,57,53,48,29,29,29,39,45,37,37,47,47,47,44,44,43,81,81,81,81,81,81,81,81,81,86,86,86,86,86,69,69,69,69,73,68,74,91,91,91,91,91,91,91,91,91,91,91,83,87,87,91,91,91,91,91,91,91,91,91,91,91,91],"gold":13,"neow_bonus":"TEN_PERCENT_HP_BONUS","is_daily":false,"chose_seed":false,"campfire_upgraded":7,"win_rate":0.0,"timestamp":1611503447,"path_taken":["R","M","M","?","M","M","?","T","T","R","M","E","R","E","$","R","M","M","BOSS","R","M","M","M","M","M","T","T","M","?","E","?","M","?","R","?","?","M","M","BOSS","R","M","M","M","$","?","?","T","E","M","?","M","M","E","M","M","?","M","BOSS","E","$","R","BOSS"],"items_purchased_type":["Relic","Relic","Relic","Relic","Relic","Relic"],"build_version":"2020-12-22","purchased_purges":2,"victory":false,"max_hp_per_floor":[71,71,71,71,71,71,71,71,71,81,81,81,81,81,81,81,81,81,81,81,81,81,81,81,81,81,81,81,86,86,86,86,86,91,91,91,91,91,91,91,91,91,91,91,91,91,91,91,91,91,91,91,91,91,91,91,91,91,91,91,91,91,91,91,91,91],"relic_stats":{"Happy Flower":[25],"Gremlin Horn":[2,2],"counters":[39,85],"Shuriken":[5],"Pen Nib":[7],"Bag of Preparation":[14],"Kunai":[0],"Smiling Mask":75,"Medical Kit":[0],"obtain_stats":[{"AT_BellDemon":14,"AT_ATBox":0,"Gremlin Horn":49,"testmod-EqualTreatment":0,"downfall:HeartBlessingGreen":21,"AT_TimeSand":53,"Bag of Preparation":54,"Smiling Mask":17,"testmod-BouquetWithThorns":59,"Sling":63,"RedLine:ReiMu":41,"downfall:HeartBlessingBlue":10,"Slimebound:StickyStick":12,"Ccalipers":50,"testmod-DeterminationOfClimber":20,"Kunai":62,"Toxic Egg 2":46,"ZombieArmy":55,"bronze:DonusWashers":15,"BodyOfKamiR:ReiMu":56,"testmod-TestBox":0,"Happy Flower":4,"downfall:HeartBlessingRed":35,"hexamod:Sixitude":28,"Pen Nib":15,"Medical Kit":63,"Mercury Hourglass":55,"testmod-Antiphasic":9,"Shuriken":27,"testmod-Acrobat":31,"Slimebound:PreparedRelic":18,"GodSword6":63,"SkyOrb:ReiMu":63,"GodSword5":62,"AT_SunfireAegis":57,"FlyPower:ReiMu":0,"Meat on the Bone":7,"RuthlessExorcism:ReiMu":37},{"AT_BellDemon":8,"AT_ATBox":0,"Gremlin Horn":28,"testmod-EqualTreatment":0,"downfall:HeartBlessingGreen":12,"AT_TimeSand":31,"Bag of Preparation":32,"Smiling Mask":10,"testmod-BouquetWithThorns":36,"Sling":38,"RedLine:ReiMu":23,"downfall:HeartBlessingBlue":5,"Slimebound:StickyStick":7,"Ccalipers":29,"testmod-DeterminationOfClimber":12,"Kunai":38,"Toxic Egg 2":27,"ZombieArmy":33,"bronze:DonusWashers":9,"BodyOfKamiR:ReiMu":34,"testmod-TestBox":0,"Happy Flower":2,"downfall:HeartBlessingRed":20,"hexamod:Sixitude":17,"Pen Nib":9,"Medical Kit":38,"Mercury Hourglass":33,"testmod-Antiphasic":5,"Shuriken":17,"testmod-Acrobat":19,"Slimebound:PreparedRelic":11,"GodSword6":38,"SkyOrb:ReiMu":38,"GodSword5":38,"AT_SunfireAegis":35,"FlyPower:ReiMu":0,"Meat on the Bone":5,"RuthlessExorcism:ReiMu":20},{"AT_BellDemon":32,"AT_ATBox":0,"Gremlin Horn":74,"testmod-EqualTreatment":0,"downfall:HeartBlessingGreen":45,"AT_TimeSand":77,"Bag of Preparation":78,"Smiling Mask":38,"testmod-BouquetWithThorns":82,"Sling":84,"RedLine:ReiMu":69,"downfall:HeartBlessingBlue":19,"Slimebound:StickyStick":29,"Ccalipers":75,"testmod-DeterminationOfClimber":45,"Kunai":84,"Toxic Egg 2":73,"ZombieArmy":79,"bronze:DonusWashers":36,"BodyOfKamiR:ReiMu":80,"testmod-TestBox":0,"Happy Flower":8,"downfall:HeartBlessingRed":64,"hexamod:Sixitude":58,"Pen Nib":36,"Medical Kit":84,"Mercury Hourglass":79,"testmod-Antiphasic":19,"Shuriken":58,"testmod-Acrobat":62,"Slimebound:PreparedRelic":39,"GodSword6":84,"SkyOrb:ReiMu":84,"GodSword5":84,"AT_SunfireAegis":81,"FlyPower:ReiMu":0,"Meat on the Bone":19,"RuthlessExorcism:ReiMu":64}],"Meat on the Bone":48,"Mercury Hourglass":[20]},"card_choices":[{"not_picked":["SubcavityInstant:ReiMu","SpringWay:ReiMu"],"picked":"Enchanting:ReiMu","floor":2.0},{"not_picked":["Enchanting:ReiMu","SubcavityInstant:ReiMu"],"picked":"OrbThrow:ReiMu","floor":3.0},{"not_picked":["SubcavityInstant:ReiMu","Intuition:ReiMu"],"picked":"AlertArray:ReiMu","floor":5.0},{"not_picked":["SubcavityInstant:ReiMu","YinYangSange:ReiMu"],"picked":"PayForSelf:ReiMu","floor":6.0},{"not_picked":["PayForSelf:ReiMu","AirManeuver:ReiMu"],"picked":"SafetyPray:ReiMu","floor":7.0},{"not_picked":["KamiSacrifice:ReiMu","SpreadBorder2:ReiMu","Conquer:ReiMu"],"picked":"SKIP","floor":11.0},{"not_picked":["AirStrike:ReiMu","SpringWay:ReiMu"],"picked":"Determination:ReiMu","floor":12.0},{"not_picked":["Intuition:ReiMu","PassingAway:ReiMu","Determination:ReiMu"],"picked":"SKIP","floor":14.0},{"not_picked":["EmergencyTakeOff:ReiMu","AlertArray:ReiMu"],"picked":"Dreaming2:ReiMu","floor":15.0},{"not_picked":["ShadowOfCrow2:ReiMu","Intuition:ReiMu"],"picked":"RainPray2:ReiMu","floor":17.0},{"not_picked":["EmergencyTakeOff:ReiMu","ShadowOfCrow2:ReiMu"],"picked":"OctopathBindingBorder2:ReiMu","floor":18.0},{"not_picked":["RunawayExorcism:ReiMu","OctopathSalyBorderN:ReiMu"],"picked":"SubcavityFantasy:ReiMu","floor":19.0},{"not_picked":["ManaGlint:ReiMu","CareerPray:ReiMu","SpreadBorder2:ReiMu"],"picked":"SKIP","floor":22.0},{"not_picked":["Dreaming2:ReiMu+1","Amulet:ReiMu","AlertArray:ReiMu+1"],"picked":"SKIP","floor":23.0},{"not_picked":["Conquer:ReiMu","AlertArray:ReiMu+1","WonderfulDomain:ReiMu"],"picked":"SKIP","floor":24.0},{"not_picked":["SpringWay:ReiMu","CareerPray:ReiMu","WonderfulDomain:ReiMu"],"picked":"SKIP","floor":25.0},{"not_picked":["SpreadBorder2:ReiMu","SubAcupoint:ReiMu","NineCharacters:ReiMu"],"picked":"SKIP","floor":26.0},{"not_picked":["BlastKick2:ReiMu","Crusade:ReiMu+1"],"picked":"Revelation:ReiMu+1","floor":29.0},{"not_picked":["SubcavityInstant:ReiMu","AlertArray:ReiMu","Amulet:ReiMu"],"picked":"SKIP","floor":31.0},{"not_picked":["Enchanting:ReiMu","TightArray:ReiMu","FoulBorder2:ReiMu"],"picked":"SKIP","floor":33},{"not_picked":["AlertArray:ReiMu","SpreadBorder2:ReiMu","Conquer:ReiMu+1"],"picked":"SKIP","floor":38},{"not_picked":["TakeOff:ReiMu","AlertArray:ReiMu","KamiSacrifice:ReiMu+1"],"picked":"SKIP","floor":39},{"not_picked":["SubcavityInstant:ReiMu","Enchanting:ReiMu+1","SpringWay:ReiMu"],"picked":"SKIP","floor":43},{"not_picked":["FantasyBorder:ReiMu+1","SubAcupoint:ReiMu","SpringWay:ReiMu+1"],"picked":"SKIP","floor":44},{"not_picked":["Determination:ReiMu","PassingAway:ReiMu+1","CareerPray:ReiMu+1"],"picked":"SKIP","floor":45},{"not_picked":["LearningPray:ReiMu+1","SpreadBorder2:ReiMu"],"picked":"Revelation:ReiMu+1","floor":46},{"not_picked":["SafetyPray:ReiMu+1","OrbThrow:ReiMu+1","SealNeedle:ReiMu"],"picked":"SKIP","floor":48},{"not_picked":["FantasyBorder:ReiMu+1","CollectionFlower2:ReiMu+1","OrbThrow:ReiMu+1"],"picked":"SKIP","floor":50},{"not_picked":["AirManeuver:ReiMu+1","MountainWay:ReiMu+1","ShadowOfCrow2:ReiMu+1"],"picked":"SKIP","floor":51},{"not_picked":["SubcavityInstant:ReiMu+1","Conquer:ReiMu+1"],"picked":"Meditation:ReiMu+1","floor":53},{"not_picked":["SpringWay:ReiMu+1","Enchanting:ReiMu+1"],"picked":"RainPray2:ReiMu+1","floor":54},{"not_picked":["Gathering:ReiMu","SubcavityInstant:ReiMu+1","CareerPray:ReiMu+1"],"picked":"SKIP","floor":55},{"not_picked":["Intuition:ReiMu+1","CareerPray:ReiMu+1","SpringWay:ReiMu+1"],"picked":"SKIP","floor":56},{"not_picked":["PrepareRite:ReiMu+1","KamiSacrifice:ReiMu+1","Dreaming2:ReiMu"],"picked":"SKIP","floor":57},{"not_picked":["FoulBorder2:ReiMu","PrepareRite:ReiMu+1","InherentArray:ReiMu"],"picked":"SKIP","floor":59},{"not_picked":["PayForSelf:ReiMu+1","InherentArray:ReiMu","DependentForm:ReiMu"],"picked":"SKIP","floor":62}],"player_experience":74162,"relics_obtained":[{"floor":7.0,"key":"Meat on the Bone"},{"floor":9.0,"key":"testmod-Antiphasic"},{"floor":12.0,"key":"Slimebound:StickyStick"},{"floor":14.0,"key":"AT_BellDemon"},{"floor":15.0,"key":"Pen Nib"},{"floor":17.0,"key":"Smiling Mask"},{"floor":18.0,"key":"Slimebound:PreparedRelic"},{"floor":27.0,"key":"Shuriken"},{"floor":28.0,"key":"hexamod:Sixitude"},{"floor":31.0,"key":"testmod-Acrobat"},{"floor":49,"key":"Gremlin Horn"},{"floor":50,"key":"Ccalipers"},{"floor":53,"key":"AT_TimeSand"},{"floor":54,"key":"Bag of Preparation"},{"floor":55,"key":"Mercury Hourglass"},{"floor":55,"key":"ZombieArmy"},{"floor":56,"key":"BodyOfKamiR:ReiMu"},{"floor":57,"key":"AT_SunfireAegis"},{"floor":59,"key":"testmod-BouquetWithThorns"},{"floor":62,"key":"GodSword5"},{"floor":62,"key":"Kunai"}],"event_choices":[{"damage_healed":0.0,"max_hp_gain":0.0,"max_hp_loss":0.0,"gold_gain":0.0,"event_name":"Scrap Ooze","player_choice":"Success","floor":4.0,"gold_loss":0.0,"damage_taken":12.0,"relics_obtained":["Happy Flower"]},{"damage_healed":0,"gold_gain":0,"player_choice":"Ignored","damage_taken":0,"max_hp_gain":0,"max_hp_loss":0,"event_name":"Ghosts","floor":36,"gold_loss":0},{"damage_healed":0,"gold_gain":0,"player_choice":"Stole Relic","damage_taken":0,"relics_obtained":["RuthlessExorcism:ReiMu"],"max_hp_gain":0,"max_hp_loss":0,"event_name":"Addict","floor":37,"gold_loss":0,"cards_obtained":["Pride"]}],"is_beta":false,"boss_relics":[{"not_picked":["Tiny House","SlaversCollar"],"picked":"testmod-DeterminationOfClimber"},{"not_picked":["testmod-Recursion","Cursed Key"],"picked":"RedLine:ReiMu"}],"items_purged_floors":[46,58],"is_endless":false,"potions_floor_spawned":[2,5,7,11,19,24,29,31,33,40,45,48,50,56,59],"killed_by":"downfall:NeowBoss","ascension_level":0}}