{"host":"g0kc1dhewodn8tep","time":1611490300,"event":{"mods":["Act Like it!","BaseMod","Hallownest","Marisa????????","Minty Spire (QoL Compilation)","Remilia??????","StSLib","The Alterego","The Animator","The Servant 0.9.4"],"gold_per_floor":[158,192,192,192,228,228,298,374,374,427,502,387,118,158,158,294,294,333,253,253,353,353,353,423,134,161,161,71,162,206,10,10,149,149,191,106,106,179,285,285,353,393,471,471,541,635,704,240,240,240],"floor_reached":51,"language":"RUS","playtime":9870,"items_purged":["Hallownest:curseDreamersLament","Strike_MRS"],"score":824,"play_id":"eaf96573-2ffb-4896-9340-8e8440d47fa0","local_time":"20210124151140","is_ascension_mode":true,"campfire_choices":[{"floor":6.0,"key":"REST"},{"data":"EarthLightRay","floor":15.0,"key":"SMITH"},{"floor":23.0,"key":"REST"},{"data":"MilkyWay","floor":32.0,"key":"SMITH"},{"data":"FinalSpark","floor":40.0,"key":"SMITH"},{"data":"Chrysalis","floor":44.0,"key":"SMITH"},{"data":"SporeBomb","floor":49.0,"key":"SMITH"}],"circlet_count":0,"master_deck":["Strike_MRS+1","Strike_MRS","Defend_MRS","Defend_MRS","Defend_MRS","Defend_MRS","MasterSpark","UpSweep","HandOfGreed+1","SporeBomb+1","EarthLightRay+1","OrrerysSun","WitchOfGreed","EnergyFlow+1","Chrysalis+1","CasketOfStar","Hallownest:skillCityofTearsMap","GrandCross+1","MilkyWay+1","EventHorizon","MilkyWay","FinalSpark+1","DoubleSpark+1","Hallownest:skillKingdomsEdgeMap","EnergyFlow+1","OrrerysSun+1","MysteriousBeam+1","AsteroidBelt+1","OortCloud+1"],"relics":["MiniHakkero","Oddly Smooth Stone","Kunai","Odd Mushroom","SlaversCollar","Incense Burner","SimpleLauncher","Orichalcum","Hallownest:StagBellRelic1","Omamori","Lantern","ExperimentalFamiliar","Hallownest:BlackEggRelic","CaptainsWheel","Lizard Tail","Frozen Egg 2","Ice Cream","Bag of Marbles","Medical Kit"],"acts_visited":["Hallownest:Greenpath","Hallownest:CityofTears","Hallownest:KingdomsEdge"],"potions_floor_usage":[],"damage_taken":[{"damage":4.0,"enemies":"2_ Uuma","floor":1.0,"turns":6.0},{"damage":15.0,"enemies":"Hallownest:monsterHuskGuard","floor":2.0,"turns":5.0},{"damage":5.0,"enemies":"Hallownest:2_Baldur","floor":5.0,"turns":3.0},{"damage":13.0,"enemies":"Hallownest:eliteVengeflyKing","floor":8.0,"turns":8.0},{"damage":1.0,"enemies":"Hallownest:monsterMossCharger","floor":10.0,"turns":4.0},{"damage":0.0,"enemies":"Hallownest:Wandering_and_Horned","floor":11.0,"turns":6.0},{"damage":0.0,"enemies":"Hallownest:monsterAspidMother","floor":14.0,"turns":4.0},{"damage":43.0,"enemies":"Hallownest:BossFalseKnight","floor":16.0,"turns":8.0},{"damage":39.0,"enemies":"Hallownest:Guard_and_Sentry","floor":18.0,"turns":6.0},{"damage":18.0,"enemies":"Hallownest:3_Youths","floor":21.0,"turns":7.0},{"damage":2.0,"enemies":"Hallownest:Nosk","floor":24.0,"turns":6.0},{"damage":3.0,"enemies":"Hallownest:eliteWatcherKnight","floor":29.0,"turns":7.0},{"damage":12.0,"enemies":"Hallownest:Master_and_Novice","floor":30.0,"turns":4.0},{"damage":7.0,"enemies":"Hallownest:BossSoulMaster","floor":33.0,"turns":7.0},{"damage":7.0,"enemies":"Hallownest:Shield_Heavy","floor":35.0,"turns":3.0},{"damage":32.0,"enemies":"Hallownest:2_Primals","floor":38.0,"turns":3.0},{"damage":0.0,"enemies":"Hallownest:3_Siblings","floor":39.0,"turns":9.0},{"damage":0.0,"enemies":"Hallownest:StalkingDevout","floor":41.0,"turns":3.0},{"damage":7.0,"enemies":"Hallownest:monsterPrimalAspid","floor":42.0,"turns":4.0},{"damage":0.0,"enemies":"Hallownest:eliteCollector","floor":45.0,"turns":4.0},{"damage":0.0,"enemies":"Hallownest:2_Soldiers_and_1_Guardian","floor":46.0,"turns":8.0},{"damage":7.0,"enemies":"Hallownest:2_Great","floor":47.0,"turns":7.0},{"damage":5,"enemies":"Hallownest:BossGreyPrinceZote","floor":50,"turns":4}],"seed_played":"-5472503110309123169","potions_obtained":[{"floor":1.0,"key":"LiquidMemories"},{"floor":8.0,"key":"DistilledChaos"},{"floor":10.0,"key":"LiquidMemories"},{"floor":16.0,"key":"SmokeBomb"},{"floor":21.0,"key":"DuplicationPotion"},{"floor":29.0,"key":"FairyPotion"},{"floor":39.0,"key":"GamblersBrew"},{"floor":41.0,"key":"Energy Potion"},{"floor":45.0,"key":"DistilledChaos"},{"floor":46.0,"key":"Fruit Juice"},{"floor":46.0,"key":"Weak Potion"},{"floor":47.0,"key":"LiquidMemories"}],"is_trial":false,"path_per_floor":["M","M","?","?","M","R","?","E","T","M","M","?","$","M","R","B",null,"M","?","?","M","?","R","E","$","T","?","?","E","M","$","R","B",null,"M","?","?","?","M","R","E","M","T","R","E","M","M","$","R","B",null],"character_chosen":"MARISA","items_purchased":["Chrysalis","SimpleLauncher","Lantern","MilkyWay","OortCloud+1","Bag of Marbles","Medical Kit"],"campfire_rested":2,"item_purchase_floors":[13,25,31,31,48,48,48],"current_hp_per_floor":[50,35,35,35,34,56,56,47,47,50,58,58,58,66,66,29,75,42,42,42,30,30,52,62,62,62,62,62,65,59,59,59,58,75,68,68,68,42,48,48,60,65,65,65,71,80,73,73,73,68],"gold":240,"neow_bonus":"RANDOM_COLORLESS_2","is_daily":false,"chose_seed":false,"campfire_upgraded":5,"win_rate":0.0,"timestamp":1611490300,"path_taken":["M","M","?","?","M","R","?","E","T","M","M","?","$","M","R","BOSS","M","?","?","M","?","R","E","$","T","?","?","E","M","$","R","BOSS","M","?","?","?","M","R","E","M","T","R","E","M","?","$","R","BOSS"],"items_purchased_type":["Card","Relic","Relic","Card","Card","Relic","Relic"],"build_version":"2020-12-22","purchased_purges":2,"victory":true,"max_hp_per_floor":[75,75,75,75,75,75,75,75,75,75,75,75,75,75,75,75,75,75,75,75,75,75,75,75,75,75,75,75,75,75,75,75,75,75,75,75,75,75,75,75,75,75,75,75,75,80,80,80,80,80],"card_choices":[{"not_picked":["Magnetism","The Bomb"],"picked":"HandOfGreed","floor":0.0},{"not_picked":["DoubleSpark","Acceleration"],"picked":"SporeBomb","floor":1.0},{"not_picked":["MilkyWay","Acceleration"],"picked":"EarthLightRay","floor":2.0},{"not_picked":["BigCrunch","OneTimeOff"],"picked":"OrrerysSun","floor":5.0},{"not_picked":["DoubleSpark","BlazingStar"],"picked":"WitchOfGreed","floor":8.0},{"not_picked":["NonDirectionalLaser","IllusionStar"],"picked":"EnergyFlow","floor":10.0},{"not_picked":["Acceleration","WitchLeyline","GravityBeat"],"picked":"SKIP","floor":11.0},{"not_picked":["IllusionStar","Robbery","StarBarrage"],"picked":"SKIP","floor":14.0},{"not_picked":["CollectingQuirk","FinalSpark"],"picked":"CasketOfStar","floor":16.0},{"not_picked":["DarkMatter","StarlightTyphoon","IllusionStar"],"picked":"SKIP","floor":18.0},{"not_picked":["IllusionStar","EarthLightRay"],"picked":"GrandCross+1","floor":21.0},{"not_picked":["OortCloud","PowerUp"],"picked":"MilkyWay","floor":24.0},{"not_picked":["GalacticHalo","MysteriousBeam+1"],"picked":"EventHorizon","floor":29.0},{"not_picked":["MagicChant","EventHorizon","GasGiant"],"picked":"SKIP","floor":30.0},{"not_picked":["StarDustReverie","CasketOfStar"],"picked":"FinalSpark","floor":33.0},{"not_picked":["6A","IllusionStar"],"picked":"DoubleSpark+1","floor":35.0},{"not_picked":["MilkyWay","GalacticHalo"],"picked":"EnergyFlow+1","floor":38.0},{"not_picked":["MysteriousBeam+1","Occultation+1"],"picked":"OrrerysSun+1","floor":39.0},{"not_picked":["IllusionStar","MysteriousBeam","Orbital"],"picked":"SKIP","floor":41.0},{"not_picked":["WitchOfGreed+1","GravityBeat+1","ChargingUp"],"picked":"SKIP","floor":42.0},{"not_picked":["ShootTheMoon+1","EventHorizon+1","UnstableBomb+1"],"picked":"SKIP","floor":45.0},{"not_picked":["GasGiant","Occultation+1"],"picked":"MysteriousBeam+1","floor":46.0},{"not_picked":["NonDirectionalLaser","PropBag+1"],"picked":"AsteroidBelt+1","floor":47.0}],"player_experience":510716,"relics_obtained":[{"floor":8.0,"key":"Oddly Smooth Stone"},{"floor":9.0,"key":"Kunai"},{"floor":24.0,"key":"Incense Burner"},{"floor":26.0,"key":"Orichalcum"},{"floor":29.0,"key":"Omamori"},{"floor":38.0,"key":"CaptainsWheel"},{"floor":41.0,"key":"Lizard Tail"},{"floor":43.0,"key":"Frozen Egg 2"},{"floor":45.0,"key":"Ice Cream"}],"event_choices":[],"is_beta":false,"boss_relics":[{"not_picked":["Astrolabe","BewitchedHakkero"],"picked":"SlaversCollar"},{"not_picked":["Tiny House","Snecko Eye"],"picked":"ExperimentalFamiliar"}],"items_purged_floors":[13,48],"is_endless":false,"potions_floor_spawned":[1,8,11,16,21,39,45],"ascension_level":1}}