{"host":"15dd7v8o90xso62x","time":1611513198,"event":{"mods":["BaseMod","Minty Spire (QoL Compilation)","Quick Restart","StSLib","SuperFastMode"],"gold_per_floor":[360,378,528,243,254,254,270,288,288,288,317,331,358,371,371,446,446,461,471,471,90,102,134,404,226,226,237,237,237],"floor_reached":28,"language":"KOR","playtime":945,"items_purged":["Doubt","Blizzard"],"score":529,"play_id":"bc007cd2-1ced-43e0-9168-06db6b613ca9","local_time":"20210125033318","is_ascension_mode":true,"campfire_choices":[{"data":"Apotheosis","floor":6.0,"key":"SMITH"},{"floor":10.0,"key":"REST"},{"floor":15.0,"key":"REST"}],"circlet_count":0,"master_deck":["AscendersBane","Zap","Dualcast","Consume","Turbo","Apotheosis+1","Self Repair","Core Surge","Lockon","Seek","Reboot","Steam","Meteor Strike","Darkness","All For One","Reinforced Body","Buffer","Coolheaded","Ball Lightning","Hologram","Chill","BootSequence+1","Loop","Chaos+1"],"relics":["Cracked Core","Mercury Hourglass","Oddly Smooth Stone","White Beast Statue","Pandora\u0027s Box","TungstenRod","Anchor"],"acts_visited":["Exordium","TheCity"],"potions_floor_usage":[],"damage_taken":[{"damage":2.0,"enemies":"Jaw Worm","floor":1.0,"turns":3.0},{"damage":8.0,"enemies":"Small Slimes","floor":2.0,"turns":3.0},{"damage":0.0,"enemies":"Cultist","floor":5.0,"turns":3.0},{"damage":6.0,"enemies":"3 Louse","floor":7.0,"turns":2.0},{"damage":7.0,"enemies":"Looter","floor":8.0,"turns":4.0},{"damage":16.0,"enemies":"Lagavulin","floor":11.0,"turns":5.0},{"damage":7.0,"enemies":"Blue Slaver","floor":12.0,"turns":3.0},{"damage":14.0,"enemies":"3 Sentries","floor":13.0,"turns":4.0},{"damage":3.0,"enemies":"Large Slime","floor":14.0,"turns":3.0},{"damage":9.0,"enemies":"The Guardian","floor":16.0,"turns":10.0},{"damage":0.0,"enemies":"Spheric Guardian","floor":18.0,"turns":3.0},{"damage":9.0,"enemies":"Chosen","floor":19.0,"turns":4.0},{"damage":42.0,"enemies":"Centurion and Healer","floor":22.0,"turns":4.0},{"damage":15.0,"enemies":"Book of Stabbing","floor":23.0,"turns":5.0},{"damage":0.0,"enemies":"Chosen and Byrds","floor":27.0,"turns":5.0},{"damage":21,"enemies":"Gremlin Leader","floor":28,"turns":2}],"seed_played":"1658433909400652736","potions_obtained":[{"floor":1.0,"key":"Explosive Potion"},{"floor":2.0,"key":"SteroidPotion"},{"floor":5.0,"key":"Fire Potion"},{"floor":11.0,"key":"Fire Potion"},{"floor":14.0,"key":"PowerPotion"},{"floor":16.0,"key":"Ancient Potion"},{"floor":18.0,"key":"EssenceOfDarkness"}],"is_trial":false,"path_per_floor":["M","M","?","$","M","R","M","M","T","R","E","M","E","M","R","B",null,"M","M","?","$","M","E","?","$","T","M","E"],"character_chosen":"DEFECT","items_purchased":["Apotheosis","TungstenRod","Hologram","Loop"],"campfire_rested":2,"item_purchase_floors":[4,21,21,25],"current_hp_per_floor":[44,36,36,36,36,36,30,30,30,51,35,38,24,31,52,63,69,71,71,71,71,39,34,11,11,11,21,0,0],"gold":237,"neow_bonus":"TWO_FIFTY_GOLD","is_daily":false,"chose_seed":false,"campfire_upgraded":1,"win_rate":0.0,"timestamp":1611513198,"path_taken":["M","M","?","$","M","R","M","M","T","R","E","M","E","M","R","BOSS","M","M","?","$","M","E","?","$","T","M","E"],"items_purchased_type":["Card","Relic","Card","Card"],"build_version":"2020-12-22","purchased_purges":2,"victory":false,"max_hp_per_floor":[71,71,71,71,71,71,71,71,71,71,71,71,71,71,71,71,71,71,71,71,71,71,71,71,71,71,71,71,71],"card_choices":[{"not_picked":["Storm","Melter"],"picked":"Consume","floor":1.0},{"not_picked":["Rebound","Auto Shields"],"picked":"Turbo","floor":2.0},{"not_picked":["Stack","Turbo","Beam Cell"],"picked":"SKIP","floor":5.0},{"not_picked":["Scrape","Coolheaded"],"picked":"Self Repair","floor":7.0},{"not_picked":["Consume","Leap","Redo"],"picked":"SKIP","floor":8.0},{"not_picked":["Consume","Steam","Redo"],"picked":"SKIP","floor":11.0},{"not_picked":["Hologram","Leap"],"picked":"Core Surge","floor":12.0},{"not_picked":["Leap","Tempest","Doom and Gloom"],"picked":"SKIP","floor":13.0},{"not_picked":["Sweeping Beam","Fusion"],"picked":"Lockon","floor":14.0},{"not_picked":["Thunder Strike","Reboot"],"picked":"Seek","floor":16.0},{"not_picked":["Self Repair","Conserve Battery"],"picked":"Coolheaded","floor":18.0},{"not_picked":["Redo","Leap"],"picked":"Ball Lightning","floor":19.0},{"not_picked":["Stack","Steam Power"],"picked":"Chill","floor":22.0},{"not_picked":["Ball Lightning","Genetic Algorithm"],"picked":"BootSequence+1","floor":23.0},{"not_picked":["Leap","Tempest"],"picked":"Chaos+1","floor":27.0}],"player_experience":618254,"relics_obtained":[{"floor":9.0,"key":"Mercury Hourglass"},{"floor":11.0,"key":"Oddly Smooth Stone"},{"floor":13.0,"key":"White Beast Statue"},{"floor":23.0,"key":"Anchor"}],"event_choices":[{"damage_healed":0.0,"max_hp_gain":0.0,"max_hp_loss":0.0,"gold_gain":150.0,"event_name":"Liars Game","player_choice":"AGREE","floor":3.0,"gold_loss":0.0,"damage_taken":0.0,"cards_obtained":["Doubt"]},{"damage_healed":0.0,"max_hp_gain":0.0,"max_hp_loss":0.0,"gold_gain":0.0,"event_name":"Ghosts","player_choice":"Ignored","floor":20.0,"gold_loss":0.0,"damage_taken":0.0},{"damage_healed":0.0,"max_hp_gain":0.0,"max_hp_loss":0.0,"gold_gain":270.0,"event_name":"Knowing Skull","player_choice":"GOLD GOLD GOLD ","floor":24.0,"potions_obtained":[],"gold_loss":0.0,"damage_taken":27.0,"cards_obtained":[]}],"is_beta":false,"boss_relics":[{"not_picked":["Black Star","Ectoplasm"],"picked":"Pandora\u0027s Box"}],"items_purged_floors":[4,25],"is_endless":false,"potions_floor_spawned":[1,2,5,11,14,16,18,19,22,23,27],"killed_by":"Gremlin Leader","ascension_level":20}}