{"host":"f0dbpmn0khgeoqc0","time":1611513470,"event":{"mods":["2.2 Compatiblity","AchievementEnabler","Act Like it!","Ascension Unlocker","Aspiration","BaseMod","Better Altar","Better Match","Better Sensory Stone","Better Skull","Better Third Choice","BetterRewards","Block Reminder","Colored Map","Colored Powertips","Conspire","DNKmod","Disable Question Mark Monsters","Displayed Cursed Tome","Downfall","Evolution","Friendly Minions","Hermit","Highlight Path","Humility","Infinite Spire","Jorbs\u0027s Wanderer Trilogy","Koishi","Marisa????????","Minty Spire (QoL Compilation)","MostiFishMod","Permanent Neow","Random Character Button","Relic Filter","Relic Stats","Replay The Spire","Spicy Shops","Spire Arcade","StSLib","Td1madao Mod","The Gatherer","Treasure Hunter","Wandering Minibosses","??????REMEMod"],"gold_per_floor":[116,129,186,186,205,205,233,252,252,272,265,265,265,255,255,307,307,317,336,286,14,14,14,811,831,831,852,802,802,815,815,878,883,883],"floor_reached":33,"language":"ENG","playtime":2104,"items_purged":["Doubt"],"score":756,"play_id":"601f3878-63aa-43a6-8ade-2f6235f0564e","local_time":"20210124133750","is_ascension_mode":true,"campfire_choices":[{"data":"Tempest","floor":6,"key":"SMITH"},{"data":"ReplayTheSpireMod:Dual Polarity","floor":15,"key":"SMITH"},{"floor":23,"key":"REST"},{"data":"Seek","floor":29,"key":"SMITH"}],"circlet_count":0,"master_deck":["AscendersBane","Strike_B","Strike_B","Strike_B","Defend_B","Defend_B","Defend_B","Defend_B","Zap","Dualcast","Limit Break","Doom and Gloom","Tempest+1","Redo","Rebound","Ball Lightning","Skim+1","FIFO Queue","Hologram","Hologram","TH:PixieDust","Conserve Battery+1","Seek+1","TH:CopperCoins","ReplayTheSpireMod:Dual Polarity+1","Sweeping Beam","Barrage","TH:DeckOfManyThings","MostiFishMod:SeaWaves+1","Self Repair","Coolheaded","TH:CopperCoins","conspire:SpireCoStock","TH:CursedSword","Electrodynamics+1"],"relics":["Cracked Core","EVO:Axolotl","DaveBox","REME_ComplimentaryCards","JellyFishMachine","Replay:Wax Seal","Runic Capacitor","HornCleat","SynthV:TestCard","Anchor","Singing Bowl","GuanYuAspect","Chemical X","wanderingMiniBosses:MasterThiefsPresence","Frozen Egg 2","Sundial"],"acts_visited":["Exordium","TheCity"],"potions_floor_usage":[],"damage_taken":[{"damage":7,"enemies":"Jaw Worm","floor":1,"turns":3},{"damage":0,"enemies":"conspire:RoseBush","floor":2,"turns":2},{"damage":2,"enemies":"Small Slimes","floor":5,"turns":2},{"damage":33,"enemies":"Gremlin Nob","floor":7,"turns":4},{"damage":6,"enemies":"3 Louse","floor":8,"turns":2},{"damage":10,"enemies":"Gremlin Gang","floor":10,"turns":4},{"damage":1,"enemies":"conspire:2 RoseBushes","floor":11,"turns":6},{"damage":0,"enemies":"Exordium Wildlife","floor":14,"turns":5},{"damage":16,"enemies":"Hexaghost","floor":16,"turns":9},{"damage":17,"enemies":"3 Byrds","floor":18,"turns":4},{"damage":0,"enemies":"Chosen","floor":19,"turns":3},{"damage":47,"enemies":"3 Cultists","floor":22,"turns":5},{"damage":35,"enemies":"Centurion and Healer","floor":24,"turns":7},{"damage":0,"enemies":"Snecko","floor":25,"turns":5},{"damage":0,"enemies":"Shelled Parasite and Fungi","floor":27,"turns":4},{"damage":2,"enemies":"Centurion and Healer","floor":30,"turns":4},{"damage":64,"enemies":"conspire:MysteriousRune","floor":33,"turns":7}],"seed_played":"7744448649512236744","potions_obtained":[{"floor":1,"key":"sneckomod:MuddlingPotion"},{"floor":2,"key":"Dexterity Potion"}],"is_trial":false,"path_per_floor":["M","M","?","?","M","R","E","M","T","M","M","?","?","M","R","B",null,"M","M","?","$","M","R","M","M","T","M","?","R","M","T","R_BF","B"],"character_chosen":"DEFECT","items_purchased":["Replay:Wax Seal","Runic Capacitor","Doom and Gloom","Tempest","Redo","HornCleat","Rebound","Ball Lightning","Skim+1","Chemical X","Electrodynamics"],"campfire_rested":1,"item_purchase_floors":[0,0,0,0,0,0,0,0,0,21,21],"current_hp_per_floor":[57,57,57,57,55,55,22,16,16,6,5,5,5,5,5,9,36,23,39,39,39,8,14,28,42,42,43,43,43,45,45,45,0,0],"gold":883,"neow_bonus":"","is_daily":false,"chose_seed":false,"campfire_upgraded":3,"win_rate":0.0,"timestamp":1611513470,"path_taken":["M","M","?","?","M","R","E","M","T","M","?","?","?","?","R","BOSS","M","M","?","$","?","R","M","M","T","M","?","R","M","?","R_BF","BOSS"],"items_purchased_type":["Relic","Relic","Card","Card","Card","Relic","Card","Card","Card","Relic","Card"],"build_version":"2020-12-22","purchased_purges":1,"victory":false,"max_hp_per_floor":[71,71,71,71,71,71,71,71,71,71,71,71,71,71,71,71,36,38,40,40,40,42,42,42,42,42,44,44,44,46,46,46,46,46],"relic_stats":{"Singing Bowl":10,"counters":[84,332],"Sundial":[2],"Chemical X":[6],"obtain_stats":[{"aspiration:Stellarator":45,"TH:Strongbox":0,"Runic Capacitor":0,"EVO:Axolotl":0,"Whetstone":12,"Boot":19,"Sling":38,"Old Coin":0,"Sozu":17,"Centennial Puzzle":8,"conspire:GlowingRock":41,"HornCleat":0,"GuanYuAspect":17,"Sundial":34,"MealTicket":10,"Philosopher\u0027s Stone":34,"Toxic Egg 2":0,"Replay:Wax Seal":0,"Cola":33,"Girya":50,"Pear":6,"wanderingMiniBosses:ThiefScarf":30,"Eternal Feather":45,"wanderingMiniBosses:MasterThiefsPresence":24,"Pen Nib":41,"conspire:SlowCooker":48,"infinitespire:Beetle Shell":55,"aspiration:SeaSaltIceCream":6,"War Paint":13,"REME_LimitBreaker":31,"Akabeko":0,"Shuriken":35,"MutagenicStrength":19,"Bronze Scales":26,"ChiXiaoBlade":38,"Molten Egg 2":43,"Pandora\u0027s Box":17,"infinitespire:EmpoweringShard":46,"aspiration:Lifesprig":54,"Lantern":41,"bronze:BronzeCore":0,"DaveBox":0,"MostiFishMod:Haymaker":6,"Singing Bowl":9,"DianPoetry":8,"Juzu Bracelet":0,"TeardropLocket":0,"Ancient Tea Set":47,"Smiling Mask":13,"ClockworkSouvenir":37,"Mummified Hand":27,"WingedGreaves":34,"Red Mask":20,"Chemical X":21,"NeowsBlessing":0,"aspiration:RunicSpoon":51,"Damaru":9,"ShadowXiaoBlade":17,"infinitespire:FocusingShard":31,"The Courier":35,"Omamori":48,"aspiration:HummingbirdHeart":48,"infinitespire:CheckeredPen":50,"Orichalcum":37,"Frozen Egg 2":0,"GoldenEye":6,"White Beast Statue":47,"Calling Bell":34,"Anchor":19,"SynthV:TestCard":1,"infinitespire:WardingShard":9,"HaiYi:Twilight":19,"wanderingMiniBosses:CarrionFlame":35,"Ornamental Fan":46,"Orrery":0,"REME_HandOfSuture":34,"Turnip":51,"Bag of Marbles":39,"Bottled Lightning":43,"Membership Card":0,"Apod":8,"REME_CardOfGreed":39,"aspiration:RitualDagger":47,"conspire:DeflatedDodgeball":44,"TungstenRod":12,"FossilizedHelix":31,"Toy Ornithopter":33,"REME_ComplimentaryCards":0},{"aspiration:Stellarator":61,"TH:Strongbox":43,"Runic Capacitor":67,"EVO:Axolotl":0,"Whetstone":23,"Boot":9,"Sling":11,"Old Coin":0,"Sozu":8,"Centennial Puzzle":4,"conspire:GlowingRock":60,"HornCleat":67,"GuanYuAspect":76,"Sundial":59,"MealTicket":22,"Philosopher\u0027s Stone":32,"Toxic Egg 2":43,"Replay:Wax Seal":67,"Cola":58,"Girya":65,"Pear":3,"wanderingMiniBosses:ThiefScarf":57,"Eternal Feather":61,"wanderingMiniBosses:MasterThiefsPresence":80,"Pen Nib":12,"conspire:SlowCooker":39,"infinitespire:Beetle Shell":42,"aspiration:SeaSaltIceCream":3,"War Paint":49,"REME_LimitBreaker":57,"Akabeko":16,"Shuriken":59,"MutagenicStrength":27,"Bronze Scales":55,"ChiXiaoBlade":11,"Molten Egg 2":37,"Pandora\u0027s Box":50,"infinitespire:EmpoweringShard":62,"aspiration:Lifesprig":41,"Lantern":60,"bronze:BronzeCore":0,"DaveBox":0,"MostiFishMod:Haymaker":47,"Singing Bowl":72,"DianPoetry":48,"Juzu Bracelet":16,"TeardropLocket":16,"Ancient Tea Set":14,"Smiling Mask":24,"ClockworkSouvenir":34,"Mummified Hand":55,"WingedGreaves":59,"Red Mask":53,"Chemical X":78,"NeowsBlessing":0,"aspiration:RunicSpoon":66,"Damaru":21,"ShadowXiaoBlade":26,"infinitespire:FocusingShard":58,"The Courier":59,"Omamori":39,"aspiration:HummingbirdHeart":65,"infinitespire:CheckeredPen":65,"Orichalcum":34,"Frozen Egg 2":43,"GoldenEye":20,"White Beast Statue":63,"Calling Bell":59,"Anchor":52,"SynthV:TestCard":1,"infinitespire:WardingShard":4,"HaiYi:Twilight":9,"wanderingMiniBosses:CarrionFlame":33,"Ornamental Fan":62,"Orrery":16,"REME_HandOfSuture":59,"Turnip":66,"Bag of Marbles":60,"Bottled Lightning":12,"Membership Card":43,"Apod":48,"REME_CardOfGreed":60,"aspiration:RitualDagger":63,"conspire:DeflatedDodgeball":13,"TungstenRod":23,"FossilizedHelix":57,"Toy Ornithopter":58,"REME_ComplimentaryCards":0},{"aspiration:Stellarator":224,"TH:Strongbox":146,"Runic Capacitor":256,"EVO:Axolotl":0,"Whetstone":85,"Boot":32,"Sling":47,"Old Coin":0,"Sozu":27,"Centennial Puzzle":6,"conspire:GlowingRock":219,"HornCleat":256,"GuanYuAspect":293,"Sundial":217,"MealTicket":83,"Philosopher\u0027s Stone":117,"Toxic Egg 2":146,"Replay:Wax Seal":256,"Cola":210,"Girya":243,"Pear":3,"wanderingMiniBosses:ThiefScarf":206,"Eternal Feather":224,"wanderingMiniBosses:MasterThiefsPresence":312,"Pen Nib":52,"conspire:SlowCooker":136,"infinitespire:Beetle Shell":144,"aspiration:SeaSaltIceCream":3,"War Paint":171,"REME_LimitBreaker":206,"Akabeko":68,"Shuriken":217,"MutagenicStrength":101,"Bronze Scales":195,"ChiXiaoBlade":47,"Molten Egg 2":130,"Pandora\u0027s Box":179,"infinitespire:EmpoweringShard":228,"aspiration:Lifesprig":141,"Lantern":219,"bronze:BronzeCore":0,"DaveBox":0,"MostiFishMod:Haymaker":163,"Singing Bowl":269,"DianPoetry":164,"Juzu Bracelet":68,"TeardropLocket":68,"Ancient Tea Set":58,"Smiling Mask":88,"ClockworkSouvenir":123,"Mummified Hand":195,"WingedGreaves":217,"Red Mask":188,"Chemical X":300,"NeowsBlessing":0,"aspiration:RunicSpoon":250,"Damaru":80,"ShadowXiaoBlade":97,"infinitespire:FocusingShard":210,"The Courier":217,"Omamori":136,"aspiration:HummingbirdHeart":243,"infinitespire:CheckeredPen":243,"Orichalcum":123,"Frozen Egg 2":146,"GoldenEye":78,"White Beast Statue":235,"Calling Bell":217,"Anchor":186,"SynthV:TestCard":1,"infinitespire:WardingShard":6,"HaiYi:Twilight":32,"wanderingMiniBosses:CarrionFlame":121,"Ornamental Fan":228,"Orrery":68,"REME_HandOfSuture":217,"Turnip":250,"Bag of Marbles":219,"Bottled Lightning":52,"Membership Card":146,"Apod":164,"REME_CardOfGreed":219,"aspiration:RitualDagger":235,"conspire:DeflatedDodgeball":55,"TungstenRod":85,"FossilizedHelix":206,"Toy Ornithopter":210,"REME_ComplimentaryCards":0}]},"card_choices":[{"not_picked":["Go for the Eyes","Gash"],"picked":"FIFO Queue","floor":1},{"not_picked":["MostiFishMod:Impulse","Leap","ReplayGash","Barrage"],"picked":"Hologram","floor":2},{"not_picked":["REME_DataAnalysis","MostiFishMod:PushDownKick","ReplayGash","Stack"],"picked":"Hologram","floor":5},{"not_picked":["TH:BikiniMail","TH:Mimic","TH:ElvenBoots"],"picked":"TH:PixieDust","floor":7},{"not_picked":["Steam","BasicCrystalCard","aspiration:Polymerization","Melter"],"picked":"Conserve Battery","floor":7},{"not_picked":["REME_Whirling","BasicCrystalCard","ReplayGash","Barrage"],"picked":"Seek","floor":8},{"not_picked":["TH:ArmorSpikes","TH:PixieDust","TH:Mimic"],"picked":"TH:CopperCoins","floor":9},{"not_picked":["Steam Power","Fusion","Force Field","Lockon"],"picked":"ReplayTheSpireMod:Dual Polarity","floor":10},{"not_picked":["Static Discharge","Darkness","Barrage","Hello World"],"picked":"Sweeping Beam","floor":11},{"not_picked":["Melter","Conserve Battery","FIFO Queue","Darkness"],"picked":"Barrage","floor":14},{"not_picked":["TH:Mimic","TH:ElvenBoots","TH:ArmorSpikes"],"picked":"TH:DeckOfManyThings","floor":16},{"not_picked":["MostiFishMod:Tomorrow","REME_Shoggoth","All For One","Rainbow"],"picked":"MostiFishMod:SeaWaves","floor":16},{"not_picked":["Barrage","BasicCrystalCard","MostiFishMod:PushDownKick","Compile Driver","Rebound"],"picked":"Singing Bowl","floor":18},{"not_picked":["BasicCrystalCard","Barrage+1","REME_Compress","Gash","Time Bomb"],"picked":"Singing Bowl","floor":19},{"not_picked":["Leap+1","Creative AI","Static Discharge+1","Genetic Algorithm","Go for the Eyes"],"picked":"Singing Bowl","floor":22},{"not_picked":["BasicCrystalCard","Ball Lightning","Crystallizer","Redo"],"picked":"Self Repair","floor":24},{"not_picked":["Cold Snap","MostiFishMod:FluxCapactior+1","Compile Driver","Reprogram"],"picked":"Coolheaded","floor":25},{"not_picked":["TH:BikiniMail","TH:EnergyPotion","TH:TreasureMap"],"picked":"TH:CopperCoins","floor":26},{"not_picked":["Compile Driver","Steam","Go for the Eyes","BasicCrystalCard","Hologram"],"picked":"Singing Bowl","floor":27},{"not_picked":["BasicCrystalCard","Creative AI+1","Recycle","Compile Driver","Turbo+1"],"picked":"Singing Bowl","floor":30},{"not_picked":["TH:PixieDust","TH:TreasureMap","TH:ArmorSpikes"],"picked":"TH:CursedSword","floor":31}],"player_experience":578720,"relics_obtained":[{"floor":1,"key":"SynthV:TestCard"},{"floor":7,"key":"Anchor"},{"floor":9,"key":"Singing Bowl"},{"floor":24,"key":"wanderingMiniBosses:MasterThiefsPresence"},{"floor":26,"key":"Frozen Egg 2"},{"floor":31,"key":"Sundial"}],"event_choices":[{"damage_healed":0,"gold_gain":57,"player_choice":"Gained Gold","damage_taken":0,"max_hp_gain":0,"max_hp_loss":0,"event_name":"Golden Wing","floor":3,"gold_loss":0},{"damage_healed":5,"gold_gain":0,"player_choice":"Leave","damage_taken":0,"max_hp_gain":0,"max_hp_loss":71,"event_name":"betterThird:BetterShining","floor":12,"gold_loss":0},{"cards_removed":["Strike_B"],"damage_healed":0,"gold_gain":0,"player_choice":"Purged","damage_taken":0,"max_hp_gain":0,"max_hp_loss":0,"event_name":"Purifier","floor":13,"gold_loss":0},{"damage_healed":0,"gold_gain":0,"player_choice":"Upgraded Two","damage_taken":0,"max_hp_gain":0,"max_hp_loss":0,"event_name":"Designer","floor":20,"gold_loss":50,"cards_upgraded":["MostiFishMod:SeaWaves","Conserve Battery"]},{"damage_healed":0,"gold_gain":0,"player_choice":"Invest 1","damage_taken":0,"max_hp_gain":0,"max_hp_loss":0,"event_name":"conspire:Investor","floor":28,"gold_loss":0}],"is_beta":false,"boss_relics":[{"not_picked":["REME_DemonsWealth","conspire:SlowCooker"],"picked":"GuanYuAspect"}],"items_purged_floors":[0],"is_endless":false,"potions_floor_spawned":[1,2,7,14,16,18],"killed_by":"conspire:MysteriousRune","ascension_level":20}}