{"host":"l84l8xigz5v5foa2","time":1611476682,"event":{"mods":["2.2 Compatiblity","AchievementEnabler","BaseMod","Better Note","Better Vampires","Card Filter","Colored Map","DeckTracker","Gremlin Skip","Highlight Path","Keyboard Shortcuts","Minty Spire (QoL Compilation)","Permanent Neow","Quick Restart","Relic Filter","Relic Stats","Shop Mod","StSLib","SuperFastMode","Transform Curses","Unknown Chances"],"gold_per_floor":[115,11,21,40,40,40,75,75,99,114,130,154,154,40,40,115,115,132,150,150,150,50,50,78,90,90,101,101,111,111,136,136,208,208,222,222,222,222,235,235,251,251,251],"floor_reached":42,"language":"KOR","playtime":2095,"items_purged":["Strike_G","Strike_G"],"score":841,"play_id":"71c53b67-7fa6-428a-85fd-83cb90ca824d","local_time":"20210124172442","is_ascension_mode":true,"campfire_choices":[{"data":"Phantasmal Killer","floor":6.0,"key":"SMITH"},{"data":"Footwork","floor":8.0,"key":"SMITH"},{"data":"Tactician","floor":13.0,"key":"SMITH"},{"data":"Well Laid Plans","floor":15.0,"key":"SMITH"},{"data":"Skewer","floor":23.0,"key":"SMITH"},{"floor":28.0,"key":"REST"},{"data":"Reflex","floor":30.0,"key":"SMITH"},{"data":"Prepared","floor":32.0,"key":"SMITH"},{"data":"Neutralize","floor":40,"key":"SMITH"}],"circlet_count":0,"master_deck":["AscendersBane","Strike_G","Strike_G","Defend_G","Defend_G","Defend_G","Defend_G","Survivor","Neutralize+1","Phantasmal Killer+1","Bouncing Flask","Predator","Slice","Well Laid Plans+1","Cloak And Dagger","Infinite Blades","Footwork+1","Deflect","Terror","Backflip","Tactician+1","Escape Plan","Skewer+1","Reflex+1","PiercingWail","Corpse Explosion","Dagger Throw","Deflect","Dodge and Roll+1","Escape Plan","Dagger Throw","Prepared+1","Acrobatics+1","Impatience","Madness","Flechettes+1","Reflex+1"],"relics":["Ring of the Serpent","Prayer Wheel","Pen Nib","Odd Mushroom","Sozu","Potion Belt","Mercury Hourglass","Red Mask","Gremlin Horn"],"acts_visited":["Exordium","TheCity","TheBeyond"],"potions_floor_usage":[],"damage_taken":[{"damage":4.0,"enemies":"Small Slimes","floor":1.0,"turns":5.0},{"damage":0.0,"enemies":"Cultist","floor":3.0,"turns":3.0},{"damage":0.0,"enemies":"2 Louse","floor":4.0,"turns":2.0},{"damage":22.0,"enemies":"Lagavulin","floor":7.0,"turns":6.0},{"damage":20.0,"enemies":"Exordium Thugs","floor":10.0,"turns":4.0},{"damage":0.0,"enemies":"Large Slime","floor":11.0,"turns":3.0},{"damage":3.0,"enemies":"The Mushroom Lair","floor":12.0,"turns":5.0},{"damage":0.0,"enemies":"The Guardian","floor":16.0,"turns":9.0},{"damage":6.0,"enemies":"Shell Parasite","floor":18.0,"turns":3.0},{"damage":0.0,"enemies":"3 Byrds","floor":19.0,"turns":5.0},{"damage":24.0,"enemies":"Slavers","floor":24.0,"turns":6.0},{"damage":16.0,"enemies":"Snecko","floor":25.0,"turns":5.0},{"damage":2.0,"enemies":"Shelled Parasite and Fungi","floor":27.0,"turns":5.0},{"damage":6.0,"enemies":"Centurion and Healer","floor":29.0,"turns":6.0},{"damage":1.0,"enemies":"Masked Bandits","floor":31.0,"turns":3.0},{"damage":13.0,"enemies":"Champ","floor":33.0,"turns":10.0},{"damage":0.0,"enemies":"3 Darklings","floor":35.0,"turns":3.0},{"damage":4,"enemies":"Orb Walker","floor":39,"turns":4},{"damage":7,"enemies":"Jaw Worm Horde","floor":41,"turns":3},{"damage":24,"enemies":"Nemesis","floor":42,"turns":4}],"seed_played":"7773050895927545742","potions_obtained":[{"floor":5.0,"key":"FairyPotion"},{"floor":5.0,"key":"ColorlessPotion"},{"floor":10.0,"key":"AttackPotion"},{"floor":11.0,"key":"Fruit Juice"},{"floor":12.0,"key":"Regen Potion"},{"floor":16.0,"key":"Block Potion"}],"is_trial":false,"path_per_floor":["M","$","M","M","?","R","E","R","T","M","M","?","R","$","R","B",null,"M","M","?","?","$","R","E","M","T","M","R","M","R","?","R","B",null,"M","?","?","?","M","R","M","E"],"character_chosen":"THE_SILENT","items_purchased":["Slice","Well Laid Plans","Escape Plan"],"campfire_rested":1,"item_purchase_floors":[2,2,14],"current_hp_per_floor":[55,55,55,55,55,55,33,33,33,13,18,15,15,15,15,30,56,50,50,50,32,32,32,8,13,13,11,32,26,26,25,25,12,56,56,46,33,33,29,29,22,0,0],"gold":251,"neow_bonus":"TRANSFORM_TWO_CARDS","is_daily":false,"chose_seed":false,"campfire_upgraded":8,"win_rate":0.0,"timestamp":1611476682,"path_taken":["M","$","M","M","?","R","E","R","T","M","?","?","R","?","R","BOSS","M","M","?","?","$","R","E","M","T","?","R","M","R","?","R","BOSS","M","?","?","?","M","R","?","E"],"items_purchased_type":["Card","Card","Card"],"build_version":"2020-12-22","purchased_purges":2,"victory":false,"max_hp_per_floor":[60,60,60,60,60,60,60,60,60,60,65,65,65,65,65,65,65,65,65,65,70,70,70,70,70,70,70,70,70,70,70,70,70,70,70,70,70,70,70,70,70,70,70],"relic_stats":{"Sozu":5,"Gremlin Horn":[2,2],"counters":[20,94],"Prayer Wheel":11,"Pen Nib":[15],"obtain_stats":[{"Sozu":17,"Potion Belt":24,"Gremlin Horn":38,"Prayer Wheel":7,"Pen Nib":9,"Red Mask":31,"Odd Mushroom":12,"Ring of the Serpent":34,"Ring of the Snake":0,"Mercury Hourglass":26},{"Sozu":8,"Potion Belt":11,"Gremlin Horn":17,"Prayer Wheel":4,"Pen Nib":4,"Red Mask":15,"Odd Mushroom":7,"Ring of the Serpent":16,"Ring of the Snake":0,"Mercury Hourglass":12},{"Sozu":37,"Potion Belt":51,"Gremlin Horn":83,"Prayer Wheel":16,"Pen Nib":16,"Red Mask":70,"Odd Mushroom":28,"Ring of the Serpent":80,"Ring of the Snake":0,"Mercury Hourglass":56}],"Mercury Hourglass":[104]},"card_choices":[{"not_picked":["Outmaneuver","PiercingWail"],"picked":"Predator","floor":1.0},{"not_picked":["Poisoned Stab","Masterful Stab"],"picked":"Cloak And Dagger","floor":3.0},{"not_picked":["Sucker Punch","Riddle With Holes"],"picked":"Infinite Blades","floor":4.0},{"not_picked":["Caltrops","Backflip"],"picked":"Footwork","floor":7.0},{"not_picked":["PiercingWail","Noxious Fumes"],"picked":"Deflect","floor":10.0},{"not_picked":["PiercingWail","Cloak And Dagger"],"picked":"Terror","floor":10.0},{"not_picked":["Dagger Throw","Infinite Blades"],"picked":"Backflip","floor":11.0},{"not_picked":["Dodge and Roll","Slice","Caltrops"],"picked":"SKIP","floor":11.0},{"not_picked":["Infinite Blades","Deflect"],"picked":"Tactician","floor":12.0},{"not_picked":["Deflect","Tactician"],"picked":"Skewer","floor":18.0},{"not_picked":["Flying Knee","Dagger Throw","Terror"],"picked":"SKIP","floor":18.0},{"not_picked":["Flechettes+1","Underhanded Strike+1"],"picked":"Reflex","floor":19.0},{"not_picked":["Setup","Bullet Time","PiercingWail"],"picked":"SKIP","floor":19.0},{"not_picked":["Setup","Bullet Time"],"picked":"PiercingWail","floor":19.0},{"not_picked":["Blur","All Out Attack"],"picked":"Corpse Explosion","floor":24.0},{"not_picked":["Dagger Spray","Poisoned Stab"],"picked":"Dagger Throw","floor":25.0},{"not_picked":["Dagger Throw","Endless Agony"],"picked":"Deflect","floor":25.0},{"not_picked":["Flying Knee+1","Quick Slash"],"picked":"Dodge and Roll+1","floor":27.0},{"not_picked":["PiercingWail","Skewer"],"picked":"Escape Plan","floor":27.0},{"not_picked":["Heel Hook","Well Laid Plans"],"picked":"Dagger Throw","floor":29.0},{"not_picked":["Quick Slash","Dagger Spray","Masterful Stab"],"picked":"SKIP","floor":29.0},{"not_picked":["Deflect","Dodge and Roll+1"],"picked":"Prepared","floor":31.0},{"not_picked":["Poisoned Stab","Flying Knee"],"picked":"Acrobatics+1","floor":35},{"not_picked":["Deadly Poison","Expertise","Poisoned Stab"],"picked":"SKIP","floor":35},{"not_picked":["Jack Of All Trades","Magnetism"],"picked":"Impatience","floor":36},{"not_picked":["Quick Slash","Prepared+1"],"picked":"Flechettes+1","floor":39},{"not_picked":["Flying Knee+1","Prepared","Blade Dance"],"picked":"SKIP","floor":39},{"not_picked":["Eviscerate","Prepared+1"],"picked":"Reflex+1","floor":41},{"not_picked":["Doppelganger","Dodge and Roll","Crippling Poison"],"picked":"SKIP","floor":41}],"player_experience":1420937,"relics_obtained":[{"floor":7.0,"key":"Prayer Wheel"},{"floor":9.0,"key":"Pen Nib"},{"floor":12.0,"key":"Odd Mushroom"},{"floor":24.0,"key":"Potion Belt"},{"floor":26.0,"key":"Mercury Hourglass"},{"floor":31.0,"key":"Red Mask"}],"event_choices":[{"damage_healed":0.0,"max_hp_gain":0.0,"max_hp_loss":0.0,"gold_gain":0.0,"event_name":"Lab","player_choice":"Got Potions","floor":5.0,"gold_loss":0.0,"damage_taken":0.0},{"damage_healed":0.0,"max_hp_gain":0.0,"max_hp_loss":0.0,"gold_gain":0.0,"event_name":"Mushrooms","player_choice":"Fought Mushrooms","floor":12.0,"gold_loss":0.0,"damage_taken":0.0},{"damage_healed":0.0,"max_hp_gain":0.0,"max_hp_loss":0.0,"gold_gain":0.0,"event_name":"The Mausoleum","player_choice":"Ignored","floor":20.0,"gold_loss":0.0,"damage_taken":0.0},{"damage_healed":0.0,"max_hp_gain":5.0,"max_hp_loss":0.0,"gold_gain":0.0,"event_name":"Forgotten Altar","player_choice":"Shed Blood","floor":21.0,"gold_loss":0.0,"damage_taken":23.0},{"damage_healed":0.0,"max_hp_gain":0.0,"max_hp_loss":0.0,"gold_gain":0.0,"event_name":"Masked Bandits","player_choice":"Fought Bandits","floor":31.0,"gold_loss":0.0,"damage_taken":0.0},{"damage_healed":0,"gold_gain":0,"player_choice":"Memory 3","damage_taken":10,"max_hp_gain":0,"max_hp_loss":0,"event_name":"SensoryStone","floor":36,"gold_loss":0},{"damage_healed":0,"gold_gain":0,"player_choice":"Embrace Madness","damage_taken":13,"max_hp_gain":0,"max_hp_loss":0,"event_name":"Winding Halls","floor":37,"gold_loss":0,"cards_obtained":["Madness","Madness"]},{"cards_removed":["Madness"],"damage_healed":0,"gold_gain":0,"player_choice":"Gave Card","damage_taken":0,"relics_obtained":["Gremlin Horn"],"max_hp_gain":0,"max_hp_loss":0,"event_name":"WeMeetAgain","floor":38,"gold_loss":0}],"is_beta":false,"boss_relics":[{"not_picked":["WristBlade","Cursed Key"],"picked":"Sozu"},{"not_picked":["SacredBark","Calling Bell"],"picked":"Ring of the Serpent"}],"items_purged_floors":[14,22],"is_endless":false,"potions_floor_spawned":[10,11,12,16,19,25,33,35,39],"killed_by":"Nemesis","ascension_level":15}}