{"host":"7qoz5gmva6til3yp","time":1611483026,"event":{"mods":["AchievementEnabler","BaseMod","Minty Spire (QoL Compilation)","StSLib","SuperFastMode"],"gold_per_floor":[17,17,29,49,49,49,23,23,96,112,187,201,201,101,101,101,101],"floor_reached":16,"language":"KOR","playtime":290,"items_purged":["Defend_P","Strike_P"],"score":203,"play_id":"0f2ac4a0-49e7-4341-b5fc-9928b6cf2f6a","local_time":"20210124191026","is_ascension_mode":true,"campfire_choices":[{"floor":6.0,"key":"REST"},{"data":"LessonLearned","floor":8.0,"key":"SMITH"},{"floor":13,"key":"REST"},{"data":"Vigilance","floor":15,"key":"SMITH"}],"circlet_count":0,"master_deck":["Strike_P","Strike_P","Strike_P","Defend_P","Defend_P","Defend_P+1","Eruption+1","Vigilance+1","LessonLearned+1","Tantrum","EmptyFist","Meditate"],"relics":["PureWater","Mango","Golden Idol","Sundial"],"acts_visited":["Exordium"],"potions_floor_usage":[16],"damage_taken":[{"damage":6.0,"enemies":"Jaw Worm","floor":1.0,"turns":4.0},{"damage":2.0,"enemies":"2 Louse","floor":3.0,"turns":3.0},{"damage":5.0,"enemies":"Small Slimes","floor":4.0,"turns":3.0},{"damage":38,"enemies":"Exordium Wildlife","floor":10,"turns":4},{"damage":4,"enemies":"2 Fungi Beasts","floor":12,"turns":2},{"damage":43,"enemies":"Hexaghost","floor":16,"turns":11}],"seed_played":"2273317491074244597","potions_obtained":[{"floor":1.0,"key":"Weak Potion"},{"floor":4.0,"key":"PowerPotion"},{"floor":10,"key":"PowerPotion"}],"is_trial":false,"path_per_floor":["M","?","M","M","?","R","$","R","T","M","?","M","R","$","R","B"],"character_chosen":"WATCHER","items_purchased":["LessonLearned","Tantrum"],"campfire_rested":2,"item_purchase_floors":[7,7],"current_hp_per_floor":[73,73,71,66,45,70,70,70,70,32,21,17,42,42,42,0,0],"gold":101,"neow_bonus":"ONE_RARE_RELIC","is_daily":false,"chose_seed":false,"campfire_upgraded":2,"win_rate":0.0,"timestamp":1611483026,"path_taken":["M","?","M","M","?","R","$","R","T","M","?","?","R","$","R","BOSS"],"items_purchased_type":["Card","Card"],"build_version":"2020-12-22","purchased_purges":2,"victory":false,"max_hp_per_floor":[86,86,86,86,86,86,86,86,86,86,86,86,86,86,86,86,86],"card_choices":[{"not_picked":["PathToVictory","CutThroughFate","ForeignInfluence"],"picked":"SKIP","floor":1.0},{"not_picked":["Consecrate","PathToVictory","Wireheading"],"picked":"SKIP","floor":3.0},{"not_picked":["Indignation","Protect","JustLucky"],"picked":"SKIP","floor":4.0},{"not_picked":["Protect","FollowUp"],"picked":"EmptyFist","floor":10},{"not_picked":["Prostrate","ReachHeaven"],"picked":"Meditate","floor":12}],"player_experience":422513,"relics_obtained":[{"floor":9.0,"key":"Sundial"}],"event_choices":[{"damage_healed":0.0,"max_hp_gain":0.0,"max_hp_loss":0.0,"gold_gain":0.0,"event_name":"Living Wall","player_choice":"Grow","floor":2.0,"gold_loss":0.0,"damage_taken":0.0,"cards_upgraded":["Eruption"]},{"damage_healed":0.0,"max_hp_gain":0.0,"max_hp_loss":0.0,"gold_gain":0.0,"event_name":"Golden Idol","player_choice":"Take Damage","floor":5.0,"gold_loss":0.0,"damage_taken":21.0,"relics_obtained":["Golden Idol"]},{"damage_healed":0,"gold_gain":75,"player_choice":"Gather Gold","damage_taken":11,"max_hp_gain":0,"max_hp_loss":0,"event_name":"World of Goop","floor":11,"gold_loss":0}],"is_beta":false,"boss_relics":[],"items_purged_floors":[7,14],"is_endless":false,"potions_floor_spawned":[1,4,10],"killed_by":"Hexaghost","ascension_level":9}}