{"host":"uv5ws9rdk87e8i5k","time":1611532080,"event":{"mods":["AchievementEnabler","BaseMod","Colored Map","Minty Spire (QoL Compilation)","StSLib","SuperFastMode","The Necromancer"],"gold_per_floor":[13,25,43,118,138,138,168,168,194,214,214,243,243,260,260,359,359,374,394,407,407,407],"floor_reached":21,"language":"ENG","playtime":654,"items_purged":[],"score":203,"play_id":"6f597e20-fb9d-422a-b7c0-99aafe50b0f8","local_time":"20210124174800","is_ascension_mode":true,"campfire_choices":[{"data":"Negative_Energy_Sphere","floor":6,"key":"SMITH"},{"data":"Bone_Prison","floor":11,"key":"SMITH"},{"data":"Negative_Energy_Mist","floor":13,"key":"SMITH"},{"data":"Negative_Energy_Sphere","floor":15,"key":"SMITH"}],"circlet_count":0,"master_deck":["Strike_W","Strike_W","Defend_W","Defend_W","Defend_W","Negative_Energy_Arrows","Bone_Wall","Negative_Energy_Sphere+1","Bone_Armor","Spectral_Armor","Stop_Heart","Bone_Prison+1","Negative_Energy_Mist+1","Negative_Energy_Sphere+1","Blood_Wake","Exploit"],"relics":["Vampire_Amulet","Boot","Centennial Puzzle","Pen Nib","SlaversCollar"],"acts_visited":["Exordium","TheCity"],"potions_floor_usage":[7,7,20,21],"damage_taken":[{"damage":2,"enemies":"Jaw Worm","floor":1,"turns":4},{"damage":0,"enemies":"2 Louse","floor":2,"turns":3},{"damage":0,"enemies":"Cultist","floor":3,"turns":4},{"damage":6,"enemies":"Large Slime","floor":5,"turns":9},{"damage":28,"enemies":"Lagavulin","floor":7,"turns":11},{"damage":1,"enemies":"Exordium Wildlife","floor":10,"turns":5},{"damage":21,"enemies":"Gremlin Nob","floor":12,"turns":5},{"damage":0,"enemies":"2 Fungi Beasts","floor":14,"turns":4},{"damage":8,"enemies":"Hexaghost","floor":16,"turns":9},{"damage":7,"enemies":"Shell Parasite","floor":18,"turns":7},{"damage":8,"enemies":"Chosen","floor":19,"turns":7},{"damage":9,"enemies":"Snake Plant","floor":20,"turns":6},{"damage":53,"enemies":"Sentry and Sphere","floor":21,"turns":10}],"seed_played":"4966755482080945770","potions_obtained":[{"floor":3,"key":"Regen Potion"},{"floor":5,"key":"Energy Potion"},{"floor":14,"key":"SpeedPotion"},{"floor":18,"key":"DistilledChaos"},{"floor":19,"key":"Swift Potion"}],"is_trial":false,"path_per_floor":["M","M","M","?","M","R","E","?","T","M","R","E","R","M","R","B",null,"M","M","M","M"],"character_chosen":"NECROMANCER","items_purchased":[],"campfire_rested":0,"item_purchase_floors":[],"current_hp_per_floor":[75,75,75,64,62,62,51,51,51,54,54,35,35,39,39,33,75,70,64,57,6,6],"gold":407,"neow_bonus":"REMOVE_TWO","is_daily":false,"chose_seed":false,"campfire_upgraded":4,"win_rate":0.0,"timestamp":1611532080,"path_taken":["M","M","M","?","M","R","E","?","T","M","R","E","R","M","R","BOSS","M","M","M","M"],"items_purchased_type":[],"build_version":"2020-12-22","purchased_purges":0,"victory":false,"max_hp_per_floor":[75,75,75,75,75,75,75,75,75,75,75,75,75,75,75,75,75,75,75,75,75,75],"card_choices":[{"not_picked":["Shackles_Of_Pain","Blood_Curse"],"picked":"Negative_Energy_Sphere","floor":1},{"not_picked":["Scare","Bone_Bullets","Shackles_Of_Pain"],"picked":"SKIP","floor":2},{"not_picked":["Acid_Javelin","Toxic_Smoke_Screen"],"picked":"Bone_Armor","floor":3},{"not_picked":["Blood_Whip","Negative_Energy_Mist"],"picked":"Spectral_Armor","floor":5},{"not_picked":["Pandemic","Blood_Magic"],"picked":"Stop_Heart","floor":7},{"not_picked":["Shackles_Of_Pain","Stop_Heart"],"picked":"Bone_Prison","floor":10},{"not_picked":["Thousand_Bone_Knives","Deaths_Shadow"],"picked":"Negative_Energy_Mist","floor":12},{"not_picked":["Scare","Negative_Energy_Shield"],"picked":"Negative_Energy_Sphere","floor":14},{"not_picked":["Requiem","Detonate_Bones"],"picked":"Blood_Wake","floor":16},{"not_picked":["Shackles_Of_Pain","Chill_Blood","Blood_Whip"],"picked":"SKIP","floor":18},{"not_picked":["Chill_Blood","Blood_Curse","Skeleton_Dragon"],"picked":"SKIP","floor":19},{"not_picked":["Shackles_Of_Pain","Stop_Heart"],"picked":"Exploit","floor":20}],"player_experience":243179,"relics_obtained":[{"floor":7,"key":"Boot"},{"floor":9,"key":"Centennial Puzzle"},{"floor":12,"key":"Pen Nib"}],"event_choices":[{"damage_healed":0,"gold_gain":75,"player_choice":"Gather Gold","damage_taken":11,"max_hp_gain":0,"max_hp_loss":0,"event_name":"World of Goop","floor":4,"gold_loss":0},{"cards_removed":["Strike_W"],"damage_healed":0,"gold_gain":0,"player_choice":"Offered Basic","damage_taken":0,"max_hp_gain":0,"max_hp_loss":0,"event_name":"Bonfire Elementals","floor":8,"gold_loss":0}],"is_beta":false,"boss_relics":[{"not_picked":["Velvet Choker","Runic Dome"],"picked":"SlaversCollar"}],"items_purged_floors":[],"is_endless":false,"potions_floor_spawned":[3,5,14,18,19],"killed_by":"Sentry and Sphere","ascension_level":1}}