{"host":"d54lcqy5t45er8jx","time":1611495681,"event":{"mods":["2.2 Compatiblity","BaseMod","CapriCore","Defuse TimeMaze Blight","Hermit","Hubris","Infinite Spire","Marisa£¨Ùöéë¡¡Øª×âÞÞ£©","Minty Spire (QoL Compilation)","Rare Cards Sparkle","Relic Stats","StSLib","The Animator","The Cursed","The Immortal","The Servant 0.9.4","WarShipGirlsR/??á´Ò³R mod"],"gold_per_floor":[127,158,158,158,44,44,70,70,70,102,114,132,163,212,212,216,216],"floor_reached":16,"language":"ENG","playtime":885,"items_purged":["animator:Strike"],"score":153,"play_id":"3d54084a-a13f-4fd0-b2f7-3f36cffad85a","local_time":"20210124224121","daily_mods":["Heirloom","DeadlyEvents","Elite Swarm","Uncertain Future"],"is_ascension_mode":false,"campfire_choices":[{"data":"animator:SuzuneAmano","floor":6,"key":"SMITH"},{"data":"animator:Wiz","floor":8,"key":"SMITH"},{"data":"animator:DwarfShaman","floor":15,"key":"SMITH"}],"circlet_count":0,"master_deck":["animator:Strike_GoblinSlayer","animator:Defend_GoblinSlayer","animator:Defend","animator:Defend","animator:Defend","animator:LizardPriest","animator:DwarfShaman+1","animator:Spearman","animator:Gillette","animator:SuzuneAmano+1","animator:Wiz+1","animator:CowGirl","animator:KyokoSakura","animator:AcuraAkari","animator:Ainz","animator:Priestess"],"relics":["animator:LivingPicture","animator:TheMissingPiece","Ice Cream","Meat on the Bone","infinitespire:Midas Blood","animator:BattleDrones","hubris:CrystalStatue","animator:HeavyHalberd"],"acts_visited":["Exordium"],"potions_floor_usage":[7,10,16],"damage_taken":[{"damage":0,"enemies":"2 Louse","floor":1,"turns":4},{"damage":5,"enemies":"Small Slimes","floor":2,"turns":3},{"damage":0,"enemies":"Lagavulin","floor":7,"turns":6},{"damage":30,"enemies":"Gremlin Nob","floor":10,"turns":3},{"damage":6,"enemies":"Cultist","floor":11,"turns":3},{"damage":6,"enemies":"Exordium Wildlife","floor":12,"turns":4},{"damage":13,"enemies":"Lagavulin","floor":13,"turns":6},{"damage":22,"enemies":"Gremlin Nob","floor":14,"turns":4},{"damage":28,"enemies":"Slime Boss","floor":16,"turns":6}],"seed_played":"2535092530647678472","potions_obtained":[{"floor":2,"key":"EssenceOfSteel"},{"floor":7,"key":"LiquidMemories"},{"floor":14,"key":"PowerPotion"}],"is_trial":true,"path_per_floor":["M","M","?","?","$","R","E","R","T","E","M","M","E","E","R","B"],"character_chosen":"THE_ANIMATOR","items_purchased":["animator:SuzuneAmano"],"campfire_rested":0,"item_purchase_floors":[5],"current_hp_per_floor":[66,61,54,54,54,54,54,54,54,37,43,38,37,27,27,0,0],"gold":216,"neow_bonus":"","is_daily":false,"chose_seed":false,"campfire_upgraded":3,"win_rate":0.0,"timestamp":1611495681,"path_taken":["M","M","?","?","$","R","E","R","T","E","M","M","E","?","R","BOSS"],"items_purchased_type":["Card"],"build_version":"2020-12-22","purchased_purges":1,"victory":false,"max_hp_per_floor":[66,66,66,66,66,66,66,66,66,67,67,68,68,68,68,68,68],"relic_stats":{"counters":[9,36],"obtain_stats":[{"Ice Cream":0,"hubris:CrystalStatue":13,"animator:TheMissingPiece":0,"animator:BattleDrones":10,"animator:LivingPicture":0,"animator:HeavyHalberd":14,"Meat on the Bone":7,"infinitespire:Midas Blood":9},{"Ice Cream":0,"hubris:CrystalStatue":7,"animator:TheMissingPiece":0,"animator:BattleDrones":4,"animator:LivingPicture":0,"animator:HeavyHalberd":8,"Meat on the Bone":3,"infinitespire:Midas Blood":3},{"Ice Cream":0,"hubris:CrystalStatue":26,"animator:TheMissingPiece":0,"animator:BattleDrones":14,"animator:LivingPicture":0,"animator:HeavyHalberd":30,"Meat on the Bone":11,"infinitespire:Midas Blood":11}],"Meat on the Bone":48},"card_choices":[{"not_picked":["animator:Aqua","animator:AcuraTooru"],"picked":"animator:Spearman","floor":1},{"not_picked":["animator:IrohaTamaki","animator:Melzalgald"],"picked":"animator:Gillette","floor":2},{"not_picked":["animator:Boros","animator:SwordMaiden"],"picked":"animator:Wiz","floor":7},{"not_picked":["animator:HighElfArcher","animator:Spearman"],"picked":"animator:CowGirl","floor":10},{"not_picked":["animator:DolaRiku","animator:Sebas"],"picked":"animator:KyokoSakura","floor":11},{"not_picked":["animator:Verdia","animator:MetalKnight"],"picked":"animator:AcuraAkari","floor":12},{"not_picked":["animator:Saitama","animator:MadokaKaname"],"picked":"animator:Ainz","floor":13},{"not_picked":["animator:LizardPriest","animator:Spearman"],"picked":"animator:Priestess","floor":14}],"player_experience":897141,"relics_obtained":[{"floor":7,"key":"Meat on the Bone"},{"floor":9,"key":"infinitespire:Midas Blood"},{"floor":10,"key":"animator:BattleDrones"},{"floor":13,"key":"hubris:CrystalStatue"},{"floor":14,"key":"animator:HeavyHalberd"}],"event_choices":[{"cards_removed":["animator:Strike"],"damage_healed":0,"gold_gain":0,"player_choice":"Card Removal","damage_taken":7,"max_hp_gain":0,"max_hp_loss":0,"event_name":"Golden Wing","floor":3,"gold_loss":0},{"cards_removed":["animator:Strike"],"damage_healed":0,"gold_gain":0,"player_choice":"Purged","damage_taken":0,"max_hp_gain":0,"max_hp_loss":0,"event_name":"Purifier","floor":4,"gold_loss":0}],"is_beta":false,"boss_relics":[],"items_purged_floors":[5],"is_endless":false,"potions_floor_spawned":[2,7,14],"killed_by":"Slime Boss","ascension_level":0}}