{"host":"bq4pt811tk9yrmjl","time":1611493534,"event":{"mods":["AchievementEnabler","BaseMod","Colored Map","Colored Powertips","Defuse TimeMaze Blight","Hermit","Minty Spire (QoL Compilation)","StSLib","SuperFastMode"],"gold_per_floor":[117,117,117,131,131,131,131,131,155,186,214,226,254,276,288,398,410,440,452,490,502,371,371,42,59,141,240,258,290,290,315,315,315,315],"floor_reached":33,"language":"ENG","playtime":517,"items_purged":[],"score":321,"play_id":"5c5ba767-2d66-4332-a52b-efc3a88e8e09","local_time":"20210124110534","is_ascension_mode":true,"campfire_choices":[{"data":"Anger","floor":6,"key":"SMITH"},{"data":"Body Slam","floor":12,"key":"SMITH"},{"data":"Armaments","floor":15,"key":"SMITH"},{"data":"1","floor":23,"key":"LIFT"},{"floor":30,"key":"REST"},{"data":"Apotheosis","floor":32,"key":"SMITH"}],"circlet_count":0,"master_deck":["Strike_R+1","Strike_R+1","Strike_R+1","Strike_R+1","Strike_R+1","Defend_R+1","Defend_R+1","Defend_R+1","Defend_R+1","Bash","Anger+1","Whirlwind+1","Body Slam+1","Armaments+1","Double Tap","Rage","Apotheosis+1"],"relics":["Burning Blood","NeowsBlessing","Juzu Bracelet","MawBank","SlaversCollar","Red Mask","Girya","Regal Pillow","Membership Card","InkBottle","Akabeko","Frozen Egg 2"],"acts_visited":["Exordium","TheCity"],"potions_floor_usage":[16,16,16,20],"damage_taken":[{"damage":0,"enemies":"Small Slimes","floor":1,"turns":1},{"damage":0,"enemies":"Jaw Worm","floor":4,"turns":1},{"damage":0,"enemies":"Lagavulin","floor":10,"turns":1},{"damage":0,"enemies":"2 Louse","floor":11,"turns":2},{"damage":2,"enemies":"2 Fungi Beasts","floor":13,"turns":3},{"damage":11,"enemies":"Exordium Wildlife","floor":14,"turns":3},{"damage":48,"enemies":"The Guardian","floor":16,"turns":10},{"damage":11,"enemies":"Chosen","floor":18,"turns":5},{"damage":29,"enemies":"Masked Bandits","floor":20,"turns":4},{"damage":7,"enemies":"Spheric Guardian","floor":25,"turns":4},{"damage":14,"enemies":"Centurion and Healer","floor":28,"turns":6},{"damage":32,"enemies":"Slavers","floor":29,"turns":6},{"damage":21,"enemies":"Gremlin Leader","floor":31,"turns":8},{"damage":48,"enemies":"Automaton","floor":33,"turns":6}],"seed_played":"-7841744332533621743","potions_obtained":[{"floor":4,"key":"Fire Potion"},{"floor":11,"key":"Strength Potion"},{"floor":13,"key":"SneckoOil"},{"floor":14,"key":"AttackPotion"},{"floor":18,"key":"Block Potion"},{"floor":28,"key":"ElixirPotion"},{"floor":29,"key":"Ancient Potion"}],"is_trial":false,"path_per_floor":["M","?","$","M","?","R","?","?","T","E","M","R","M","M","R","B",null,"M","?","?","?","$","R","$","M","T","?","M","E","R","E","R","B"],"character_chosen":"IRONCLAD","items_purchased":["Regal Pillow","Apotheosis","Membership Card"],"campfire_rested":1,"item_purchase_floors":[22,24,24],"current_hp_per_floor":[80,62,62,68,68,68,68,68,68,74,80,80,80,75,75,33,80,75,75,52,52,52,52,52,51,51,51,43,17,56,41,41,0,0],"gold":315,"neow_bonus":"THREE_ENEMY_KILL","is_daily":false,"chose_seed":false,"campfire_upgraded":4,"win_rate":0.0,"timestamp":1611493534,"path_taken":["M","?","$","M","?","R","?","?","T","E","M","R","M","M","R","BOSS","M","?","?","?","$","R","?","M","T","?","M","E","R","E","R","BOSS"],"items_purchased_type":["Relic","Card","Relic"],"build_version":"2020-12-22","purchased_purges":0,"victory":false,"max_hp_per_floor":[80,80,80,80,80,80,80,80,80,80,80,80,80,80,80,80,80,80,80,80,80,80,80,80,80,80,80,80,80,80,80,80,80,80],"card_choices":[{"not_picked":["Dark Embrace","Shrug It Off"],"picked":"Anger","floor":1},{"not_picked":["Combust","Fire Breathing"],"picked":"Whirlwind","floor":4},{"not_picked":["Flex","Heavy Blade","Twin Strike"],"picked":"SKIP","floor":10},{"not_picked":["Flame Barrier","Sword Boomerang"],"picked":"Body Slam","floor":11},{"not_picked":["Wild Strike","Searing Blow","Flex"],"picked":"SKIP","floor":13},{"not_picked":["Feel No Pain","Second Wind"],"picked":"Armaments","floor":14},{"not_picked":["Barricade","Corruption"],"picked":"Double Tap","floor":16},{"not_picked":["Twin Strike","Shockwave","Anger"],"picked":"SKIP","floor":18},{"not_picked":["Wild Strike","Flame Barrier"],"picked":"Rage","floor":20},{"not_picked":["Pommel Strike","Thunderclap","Cleave"],"picked":"SKIP","floor":25},{"not_picked":["Sword Boomerang","Shrug It Off","Cleave"],"picked":"SKIP","floor":28},{"not_picked":["Blood for Blood","Wild Strike","Body Slam"],"picked":"SKIP","floor":29},{"not_picked":["Flame Barrier","Perfected Strike","Carnage"],"picked":"SKIP","floor":31}],"player_experience":224457,"relics_obtained":[{"floor":10,"key":"MawBank"},{"floor":20,"key":"Red Mask"},{"floor":26,"key":"InkBottle"},{"floor":29,"key":"Akabeko"},{"floor":31,"key":"Frozen Egg 2"}],"event_choices":[{"damage_healed":0,"gold_gain":0,"player_choice":"Success","damage_taken":18,"relics_obtained":["Juzu Bracelet"],"max_hp_gain":0,"max_hp_loss":0,"event_name":"Scrap Ooze","floor":2,"gold_loss":0},{"damage_healed":0,"gold_gain":0,"player_choice":"Ignored","damage_taken":0,"max_hp_gain":0,"max_hp_loss":0,"event_name":"Liars Game","floor":5,"gold_loss":0},{"damage_healed":0,"gold_gain":0,"player_choice":"Ignored","damage_taken":0,"max_hp_gain":0,"max_hp_loss":0,"event_name":"Golden Wing","floor":7,"gold_loss":0},{"damage_healed":0,"gold_gain":0,"player_choice":"Grow","damage_taken":0,"max_hp_gain":0,"max_hp_loss":0,"event_name":"Living Wall","floor":8,"gold_loss":0,"cards_upgraded":["Whirlwind"]},{"damage_healed":0,"gold_gain":0,"player_choice":"Simplicity","damage_taken":0,"max_hp_gain":0,"max_hp_loss":0,"event_name":"Back to Basics","floor":19,"gold_loss":0,"cards_upgraded":["Strike_R","Strike_R","Strike_R","Strike_R","Strike_R","Defend_R","Defend_R","Defend_R","Defend_R"]},{"damage_healed":0,"gold_gain":0,"player_choice":"Fought Bandits","damage_taken":0,"max_hp_gain":0,"max_hp_loss":0,"event_name":"Masked Bandits","floor":20,"gold_loss":0},{"damage_healed":0,"gold_gain":0,"player_choice":"Opened","damage_taken":0,"relics_obtained":["Girya"],"max_hp_gain":0,"max_hp_loss":0,"event_name":"The Mausoleum","floor":21,"gold_loss":0},{"damage_healed":0,"gold_gain":99,"player_choice":"Stole From Cult","damage_taken":0,"max_hp_gain":0,"max_hp_loss":0,"event_name":"Nest","floor":27,"gold_loss":0}],"is_beta":false,"boss_relics":[{"not_picked":["Philosopher\u0027s Stone","Pandora\u0027s Box"],"picked":"SlaversCollar"}],"items_purged_floors":[],"is_endless":false,"potions_floor_spawned":[4,11,13,14,18,28,29],"killed_by":"Automaton","ascension_level":1}}