{"host":"yy44renf238qc8xc","time":1611462235,"event":{"mods":["BaseMod","Downfall","Minty Spire (QoL Compilation)","StSLib"],"gold_per_floor":[118,128,146,146,146,167,242,242,242,280,280,280,321,342,342,471,471,489,489,507,432,16,16,29,65,65,65,101,122,122,143,143,266,266,279,342,342,342,405,436,436,457,457,457,2,15,15,34,34,34],"floor_reached":51,"language":"ENG","playtime":6916,"items_purged":[],"score":723,"play_id":"27b43b02-9314-4f62-8605-8d316685da42","local_time":"20210123232355","is_ascension_mode":false,"campfire_choices":[{"floor":8,"key":"REST"},{"data":"Thunderclap","floor":11,"key":"SMITH"},{"data":"Inflame","floor":15,"key":"SMITH"},{"data":"Bloodletting","floor":23,"key":"SMITH"},{"data":"Feed","floor":27,"key":"SMITH"},{"data":"Seeing Red","floor":30,"key":"SMITH"},{"data":"Brutality","floor":32,"key":"SMITH"},{"floor":41,"key":"REST"},{"data":"Dual Wield","floor":44,"key":"SMITH"},{"floor":49,"key":"REST"}],"circlet_count":0,"master_deck":["Bash","Thunderclap+1","Sword Boomerang","Reaper","Inflame+1","Twin Strike","Brutality+1","Shrug It Off","Impervious","Iron Wave","Shockwave","Uppercut","Feel No Pain","Dark Embrace","Bloodletting+1","Sword Boomerang","Cleave+1","Dual Wield+1","Sentinel","Feed+1","Bloodletting+1","Seeing Red+1","Headbutt+1","Fiend Fire","Combust","Flame Barrier+1","Heavy Blade","Shrug It Off+1","Inflame+1","Sword Boomerang","Madness","Madness","Iron Wave"],"relics":["Burning Blood","Blood Vial","Golden Idol","Gremlin Horn","Bottled Flame","Mummified Hand","Juzu Bracelet","Pandora\u0027s Box","Paper Frog","Toy Ornithopter","Akabeko","Letter Opener","Mercury Hourglass","Black Star","Magic Flower","Pocketwatch","Ornamental Fan","Omamori","Thread and Needle","DollysMirror","InkBottle"],"acts_visited":["Exordium","TheCity","TheBeyond"],"potions_floor_usage":[10,13,28,33,36,36,40,50],"damage_taken":[{"damage":11,"enemies":"2 Louse","floor":1,"turns":3},{"damage":11,"enemies":"Jaw Worm","floor":2,"turns":3},{"damage":0,"enemies":"Small Slimes","floor":3,"turns":3},{"damage":14,"enemies":"3 Louse","floor":6,"turns":4},{"damage":6,"enemies":"3 Sentries","floor":10,"turns":6},{"damage":26,"enemies":"Lagavulin","floor":13,"turns":5},{"damage":4,"enemies":"2 Fungi Beasts","floor":14,"turns":2},{"damage":65,"enemies":"Hexaghost","floor":16,"turns":8},{"damage":7,"enemies":"Spheric Guardian","floor":18,"turns":3},{"damage":18,"enemies":"Shell Parasite","floor":20,"turns":4},{"damage":5,"enemies":"Centurion and Healer","floor":24,"turns":4},{"damage":5,"enemies":"Gremlin Leader","floor":25,"turns":4},{"damage":0,"enemies":"Slavers","floor":28,"turns":1},{"damage":8,"enemies":"3 Cultists","floor":29,"turns":4},{"damage":0,"enemies":"Sentry and Sphere","floor":31,"turns":3},{"damage":9,"enemies":"Collector","floor":33,"turns":5},{"damage":7,"enemies":"Orb Walker","floor":35,"turns":3},{"damage":26,"enemies":"2 Orb Walkers","floor":36,"turns":3},{"damage":39,"enemies":"Mind Bloom Boss Battle","floor":39,"turns":5},{"damage":29,"enemies":"Giant Head","floor":40,"turns":5},{"damage":16,"enemies":"3 Shapes","floor":42,"turns":2},{"damage":13,"enemies":"Spire Growth","floor":46,"turns":3},{"damage":19,"enemies":"Writhing Mass","floor":48,"turns":4},{"damage":20,"enemies":"Donu and Deca","floor":50,"turns":5}],"seed_played":"8353639164676567216","potions_obtained":[{"floor":2,"key":"HeartOfIron"},{"floor":3,"key":"Ancient Potion"},{"floor":10,"key":"sneckomod:MuddlingPotion"},{"floor":16,"key":"DistilledChaos"},{"floor":24,"key":"PowerPotion"},{"floor":25,"key":"Weak Potion"},{"floor":33,"key":"AttackPotion"},{"floor":36,"key":"Dexterity Potion"},{"floor":42,"key":"EssenceOfSteel"}],"is_trial":false,"path_per_floor":["M","M","M","?","?","M","?","R","T","E","R","?","E","M","R","B",null,"M","?","M","?","$","R","M","E","T","R","E","M","R","M","R","B",null,"M","?","?","?","?","E","R","M","T","R","$","M","?","M","R","B",null],"character_chosen":"IRONCLAD","items_purchased":["Paper Frog","Toy Ornithopter","DollysMirror","InkBottle","SteroidPotion"],"campfire_rested":3,"item_purchase_floors":[22,22,45,45,45],"current_hp_per_floor":[75,72,80,73,53,55,44,68,68,80,80,73,55,77,77,22,80,79,79,72,72,72,72,80,80,80,80,80,80,80,80,80,80,80,79,69,69,69,42,62,80,80,80,80,80,76,66,59,80,80],"gold":34,"neow_bonus":"RANDOM_COMMON_RELIC","is_daily":false,"chose_seed":false,"campfire_upgraded":7,"win_rate":0.0,"timestamp":1611462235,"path_taken":["M","M","M","?","?","M","?","R","T","E","R","?","E","M","R","BOSS","M","?","M","?","$","R","M","E","T","R","E","M","R","M","R","BOSS","M","?","?","?","?","E","R","M","T","R","$","M","?","M","R","BOSS"],"items_purchased_type":["Relic","Relic","Relic","Relic","Potion"],"build_version":"2020-12-22","purchased_purges":0,"victory":true,"max_hp_per_floor":[80,80,80,80,80,80,80,80,80,80,80,80,80,80,80,80,80,80,80,80,80,80,80,80,80,80,80,80,80,80,80,80,80,80,80,80,80,80,80,80,80,80,80,80,80,80,80,80,80,80],"card_choices":[{"not_picked":["Wild Strike","Twin Strike"],"picked":"Thunderclap","floor":1},{"not_picked":["Anger","Dual Wield"],"picked":"Sword Boomerang","floor":2},{"not_picked":["Spot Weakness","Clothesline"],"picked":"Reaper","floor":3},{"not_picked":["Dual Wield","Infernal Blade"],"picked":"Inflame","floor":6},{"not_picked":["Wild Strike","Anger"],"picked":"Twin Strike","floor":10},{"not_picked":["Anger","Perfected Strike"],"picked":"Brutality","floor":13},{"not_picked":["Clothesline","Clash"],"picked":"Shrug It Off","floor":14},{"not_picked":["Berserk","Feed"],"picked":"Impervious","floor":16},{"not_picked":["Iron Wave+1","Wild Strike"],"picked":"Cleave+1","floor":18},{"not_picked":["Sword Boomerang","Havoc"],"picked":"Dual Wield","floor":20},{"not_picked":["Sword Boomerang","Headbutt+1"],"picked":"Sentinel","floor":24},{"not_picked":["Armaments","Seeing Red"],"picked":"Feed","floor":25},{"not_picked":["Searing Blow","Twin Strike+1"],"picked":"Bloodletting+1","floor":28},{"not_picked":["Sword Boomerang","Anger"],"picked":"Seeing Red","floor":29},{"not_picked":["Flex","Dark Embrace"],"picked":"Headbutt+1","floor":31},{"not_picked":["Limit Break","Impervious"],"picked":"Fiend Fire","floor":33},{"not_picked":["Dropkick+1","Blood for Blood"],"picked":"Combust","floor":35},{"not_picked":["Wild Strike","Warcry+1"],"picked":"True Grit","floor":36},{"not_picked":["Thunderclap","Dual Wield"],"picked":"Flame Barrier+1","floor":39},{"not_picked":["Twin Strike","True Grit"],"picked":"Heavy Blade","floor":40},{"not_picked":["True Grit+1","Sword Boomerang"],"picked":"Shrug It Off+1","floor":42},{"not_picked":["Searing Blow","Clash+1"],"picked":"Sword Boomerang","floor":46},{"not_picked":["Clothesline","Wild Strike"],"picked":"Iron Wave","floor":48}],"player_experience":330042,"relics_obtained":[{"floor":9,"key":"Gremlin Horn"},{"floor":10,"key":"Bottled Flame"},{"floor":13,"key":"Juzu Bracelet"},{"floor":25,"key":"Akabeko"},{"floor":26,"key":"Letter Opener"},{"floor":28,"key":"Mercury Hourglass"},{"floor":36,"key":"Magic Flower"},{"floor":39,"key":"Pocketwatch"},{"floor":40,"key":"Ornamental Fan"},{"floor":40,"key":"Omamori"},{"floor":43,"key":"Thread and Needle"}],"event_choices":[{"cards_removed":["Strike_R"],"damage_healed":0,"gold_gain":0,"player_choice":"Card Removal","damage_taken":7,"max_hp_gain":0,"max_hp_loss":0,"event_name":"Golden Wing","floor":4,"gold_loss":0},{"damage_healed":0,"gold_gain":0,"player_choice":"Take Damage","damage_taken":20,"relics_obtained":["Golden Idol"],"max_hp_gain":0,"max_hp_loss":0,"event_name":"Golden Idol","floor":5,"gold_loss":0},{"damage_healed":0,"gold_gain":75,"player_choice":"Gather Gold","damage_taken":11,"max_hp_gain":0,"max_hp_loss":0,"event_name":"World of Goop","floor":7,"gold_loss":0},{"damage_healed":0,"gold_gain":0,"player_choice":"Success","damage_taken":7,"relics_obtained":["Mummified Hand"],"max_hp_gain":0,"max_hp_loss":0,"event_name":"Scrap Ooze","floor":12,"gold_loss":0},{"cards_removed":["Warcry"],"damage_healed":0,"gold_gain":0,"player_choice":"Gave Gold","damage_taken":0,"max_hp_gain":0,"max_hp_loss":0,"event_name":"Beggar","floor":21,"gold_loss":75},{"damage_healed":0,"gold_gain":0,"player_choice":"Fight","damage_taken":0,"max_hp_gain":0,"max_hp_loss":0,"event_name":"Mysterious Sphere","floor":36,"gold_loss":0},{"damage_healed":0,"gold_gain":0,"player_choice":"Ignored","damage_taken":0,"max_hp_gain":0,"max_hp_loss":0,"event_name":"SecretPortal","floor":37,"gold_loss":0},{"cards_removed":["True Grit"],"damage_healed":0,"gold_gain":0,"player_choice":"Removed Skill","damage_taken":0,"max_hp_gain":0,"max_hp_loss":0,"event_name":"Falling","floor":38,"gold_loss":0},{"damage_healed":0,"gold_gain":0,"player_choice":"Fight","damage_taken":0,"max_hp_gain":0,"max_hp_loss":0,"event_name":"MindBloom","floor":39,"gold_loss":0},{"damage_healed":0,"gold_gain":0,"player_choice":"Embrace Madness","damage_taken":10,"max_hp_gain":0,"max_hp_loss":0,"event_name":"Winding Halls","floor":47,"gold_loss":0,"cards_obtained":["Madness","Madness"]}],"is_beta":false,"boss_relics":[{"not_picked":["Busted Crown","Velvet Choker"],"picked":"Pandora\u0027s Box"},{"not_picked":["Fusion Hammer","SlaversCollar"],"picked":"Black Star"}],"items_purged_floors":[],"is_endless":false,"potions_floor_spawned":[2,3,10,16,24,25,33,36,42],"ascension_level":0}}