{"host":"ia9e4s524g7bamk7","time":1611479586,"event":{"mods":["AchievementEnabler","BaseMod","Minty Spire (QoL Compilation)","Slay-I"],"gold_per_floor":[116,116,132,57,72,104,104,204,204,222,251,251,297,297,297,392,392,405,405,38,38,53,53,80,80,80,113,113,145,245,257,257,361,361,381,191,250,282,282,291,326,335,335,698,707,751,771,791,791,791,791],"floor_reached":50,"language":"ENG","playtime":4233,"items_purged":["Defend_B","Chaos","Thunder Strike"],"score":869,"play_id":"4ee642a5-8908-4551-b492-1a2001a2414f","local_time":"20210124101306","is_ascension_mode":true,"campfire_choices":[{"data":"White Noise","floor":7.0,"key":"SMITH"},{"floor":12.0,"key":"REST"},{"data":"Beam Cell","floor":15.0,"key":"SMITH"},{"data":"Apotheosis","floor":23.0,"key":"SMITH"},{"floor":25.0,"key":"REST"},{"floor":32.0,"key":"REST"},{"floor":40.0,"key":"REST"},{"floor":42.0,"key":"REST"},{"floor":45.0,"key":"REST"},{"floor":49.0,"key":"RECALL"}],"circlet_count":0,"master_deck":["Zap","Dualcast","FTL","Coolheaded","White Noise+1","Beam Cell+1","Conserve Battery","Blizzard","Defragment","Go for the Eyes","Compile Driver","BootSequence","Rebound+1","Apotheosis+1","Defragment","Scrape","FTL","Amplify","Cold Snap","Coolheaded+1","Redo","Creative AI","CurseOfTheBell","FTL","Go for the Eyes+1","Redo","Go for the Eyes","Gash+1","Echo Form","Turbo+1","Glacier+1","White Noise","Seek","Turbo+1","Redo+1"],"relics":["Cracked Core","NeowsBlessing","Matryoshka","Art of War","Centennial Puzzle","War Paint","Meat on the Bone","Bag of Preparation","Pandora\u0027s Box","MutagenicStrength","TungstenRod","Strawberry","Dream Catcher","Blood Vial","Calling Bell","CeramicFish","Gremlin Horn","Du-Vu Doll","Prayer Wheel","Bronze Scales","Shuriken","Old Coin","Boot"],"acts_visited":["Exordium","TheCity","TheBeyond"],"potions_floor_usage":[],"damage_taken":[{"damage":0.0,"enemies":"Small Slimes","floor":1.0,"turns":1.0},{"damage":0.0,"enemies":"Cultist","floor":3.0,"turns":1.0},{"damage":0.0,"enemies":"Jaw Worm","floor":5.0,"turns":1.0},{"damage":41.0,"enemies":"Gremlin Nob","floor":6.0,"turns":5.0},{"damage":26.0,"enemies":"Exordium Thugs","floor":10.0,"turns":4.0},{"damage":0.0,"enemies":"Lagavulin","floor":11.0,"turns":8.0},{"damage":0.0,"enemies":"Slime Boss","floor":16.0,"turns":9.0},{"damage":8.0,"enemies":"2 Thieves","floor":18.0,"turns":4.0},{"damage":6.0,"enemies":"Shell Parasite","floor":22.0,"turns":4.0},{"damage":22.0,"enemies":"Slavers","floor":24.0,"turns":4.0},{"damage":8.0,"enemies":"Gremlin Leader","floor":27.0,"turns":3.0},{"damage":21.0,"enemies":"Slavers","floor":29.0,"turns":6.0},{"damage":0.0,"enemies":"Centurion and Healer","floor":31.0,"turns":4.0},{"damage":14.0,"enemies":"Automaton","floor":33.0,"turns":6.0},{"damage":7.0,"enemies":"Orb Walker","floor":35.0,"turns":4.0},{"damage":12.0,"enemies":"Mind Bloom Boss Battle","floor":37.0,"turns":5.0},{"damage":11.0,"enemies":"3 Darklings","floor":38.0,"turns":5.0},{"damage":40.0,"enemies":"Nemesis","floor":41.0,"turns":5.0},{"damage":12.0,"enemies":"2 Orb Walkers","floor":44.0,"turns":4.0},{"damage":40.0,"enemies":"Reptomancer","floor":46.0,"turns":6.0},{"damage":13.0,"enemies":"Maw","floor":47.0,"turns":7.0},{"damage":7.0,"enemies":"4 Shapes","floor":48.0,"turns":2.0},{"damage":52,"enemies":"Donu and Deca","floor":50,"turns":4}],"seed_played":"9194813850968470063","potions_obtained":[{"floor":6.0,"key":"SkillPotion"},{"floor":10.0,"key":"BlessingOfTheForge"},{"floor":11.0,"key":"ColorlessPotion"},{"floor":16.0,"key":"PotionOfCapacity"},{"floor":29.0,"key":"DuplicationPotion"},{"floor":33.0,"key":"FocusPotion"},{"floor":38.0,"key":"SkillPotion"},{"floor":41.0,"key":"SkillPotion"},{"floor":47.0,"key":"Strength Potion"}],"is_trial":false,"path_per_floor":["M","?","M","$","M","E","R","?","T","M","E","R","T","?","R","B",null,"M","?","$","?","M","R","E","R","T","E","?","E","?","M","R","B",null,"M","$","?","M","?","R","E","R","T","?","R","E","M","M","R","B"],"character_chosen":"DEFECT","items_purchased":["Apotheosis","Defragment","FTL"],"campfire_rested":6,"item_purchase_floors":[20,20,36],"current_hp_per_floor":[75,75,75,75,75,34,34,34,34,8,8,30,30,23,23,35,75,67,67,67,67,61,61,39,61,68,60,60,51,51,53,77,65,82,75,75,65,56,56,80,42,66,66,56,80,42,43,50,50,0,0],"gold":791,"neow_bonus":"THREE_ENEMY_KILL","is_daily":false,"chose_seed":false,"campfire_upgraded":3,"win_rate":0.0,"timestamp":1611479586,"path_taken":["M","?","M","$","?","E","R","?","T","?","E","R","?","?","R","BOSS","M","?","$","?","M","R","E","R","T","E","?","E","?","?","R","BOSS","M","$","?","M","?","R","E","R","T","?","R","E","M","?","R","BOSS"],"items_purchased_type":["Card","Card","Card"],"build_version":"2020-12-22","purchased_purges":3,"victory":false,"max_hp_per_floor":[75,75,75,75,75,75,75,75,75,75,75,75,75,75,75,75,75,75,75,75,75,75,75,75,75,82,82,82,82,82,82,82,82,82,82,82,82,82,82,82,82,82,82,82,82,82,82,82,82,82,82],"card_choices":[{"not_picked":["Hologram","Heatsinks"],"picked":"Leap","floor":1.0},{"not_picked":["Rebound","Aggregate"],"picked":"FTL","floor":3.0},{"not_picked":["Capacitor","Reprogram"],"picked":"Coolheaded","floor":5.0},{"not_picked":["Fusion","Doom and Gloom"],"picked":"White Noise","floor":6.0},{"not_picked":["Steam","Stack"],"picked":"Beam Cell","floor":10.0},{"not_picked":["Streamline","Cold Snap"],"picked":"Conserve Battery","floor":11.0},{"not_picked":["Buffer","Core Surge"],"picked":"Thunder Strike","floor":16.0},{"not_picked":["Aggregate","Force Field"],"picked":"Rebound+1","floor":18.0},{"not_picked":["Streamline","Rip and Tear"],"picked":"Scrape","floor":22.0},{"not_picked":["Fusion","Cold Snap"],"picked":"FTL","floor":24.0},{"not_picked":["Rainbow","Compile Driver"],"picked":"Amplify","floor":27.0},{"not_picked":["Rainbow","Sweeping Beam"],"picked":"Cold Snap","floor":29.0},{"not_picked":["Steam Power","Rebound"],"picked":"Coolheaded+1","floor":31.0},{"not_picked":["Stack","Steam Power"],"picked":"Redo","floor":32.0},{"not_picked":["Amplify","Thunder Strike"],"picked":"Creative AI","floor":33.0},{"not_picked":["Loop","Compile Driver","Sweeping Beam+1"],"picked":"SKIP","floor":35.0},{"not_picked":["Beam Cell","Capacitor"],"picked":"Go for the Eyes+1","floor":37.0},{"not_picked":["Conserve Battery","Genetic Algorithm"],"picked":"Redo","floor":38.0},{"not_picked":["Hello World+1","Glacier"],"picked":"Go for the Eyes","floor":38.0},{"not_picked":["Static Discharge","Aggregate"],"picked":"Gash+1","floor":40.0},{"not_picked":["Skim","Static Discharge"],"picked":"Echo Form","floor":41.0},{"not_picked":["BootSequence","Gash"],"picked":"Turbo+1","floor":42.0},{"not_picked":["Beam Cell+1","Coolheaded+1"],"picked":"Glacier+1","floor":44.0},{"not_picked":["Compile Driver+1","Sweeping Beam"],"picked":"White Noise","floor":45.0},{"not_picked":["Glacier+1","Go for the Eyes+1"],"picked":"Seek","floor":46.0},{"not_picked":["Gash+1","Reprogram+1"],"picked":"Turbo+1","floor":47.0},{"not_picked":["Beam Cell","Streamline","Reprogram"],"picked":"SKIP","floor":47.0},{"not_picked":["Heatsinks+1","Steam+1"],"picked":"Redo+1","floor":48.0},{"not_picked":["Streamline","Coolheaded+1","Cold Snap+1"],"picked":"SKIP","floor":48.0}],"player_experience":185607,"relics_obtained":[{"floor":6.0,"key":"Art of War"},{"floor":9.0,"key":"Centennial Puzzle"},{"floor":9.0,"key":"War Paint"},{"floor":11.0,"key":"Meat on the Bone"},{"floor":13.0,"key":"Bag of Preparation"},{"floor":24.0,"key":"TungstenRod"},{"floor":26.0,"key":"Strawberry"},{"floor":27.0,"key":"Dream Catcher"},{"floor":29.0,"key":"Blood Vial"},{"floor":34.0,"key":"CeramicFish"},{"floor":34.0,"key":"Gremlin Horn"},{"floor":34.0,"key":"Du-Vu Doll"},{"floor":37.0,"key":"Prayer Wheel"},{"floor":41.0,"key":"Bronze Scales"},{"floor":43.0,"key":"Shuriken"},{"floor":44.0,"key":"Old Coin"},{"floor":46.0,"key":"Boot"}],"event_choices":[{"cards_removed":["Leap"],"damage_healed":0.0,"max_hp_gain":0.0,"max_hp_loss":0.0,"gold_gain":0.0,"event_name":"WeMeetAgain","player_choice":"Gave Card","floor":2.0,"gold_loss":0.0,"damage_taken":0.0,"relics_obtained":["Matryoshka"]},{"damage_healed":0.0,"max_hp_gain":0.0,"max_hp_loss":0.0,"gold_gain":100.0,"event_name":"Golden Shrine","player_choice":"Pray","floor":8.0,"gold_loss":0.0,"damage_taken":0.0},{"cards_removed":["Strike_B"],"damage_healed":0.0,"max_hp_gain":0.0,"max_hp_loss":0.0,"gold_gain":0.0,"event_name":"Golden Wing","player_choice":"Card Removal","floor":14.0,"gold_loss":0.0,"damage_taken":7.0},{"damage_healed":0.0,"max_hp_gain":0.0,"max_hp_loss":0.0,"gold_gain":0.0,"event_name":"Drug Dealer","player_choice":"Inject Mutagens","floor":19.0,"gold_loss":0.0,"damage_taken":0.0,"relics_obtained":["MutagenicStrength"]},{"damage_healed":0.0,"max_hp_gain":0.0,"max_hp_loss":0.0,"gold_gain":0.0,"event_name":"Ghosts","player_choice":"Ignored","floor":21.0,"gold_loss":0.0,"damage_taken":0.0},{"damage_healed":0.0,"max_hp_gain":0.0,"max_hp_loss":0.0,"gold_gain":0.0,"event_name":"Vampires","player_choice":"Ignored","floor":28.0,"gold_loss":0.0,"damage_taken":0.0},{"damage_healed":0.0,"max_hp_gain":0.0,"max_hp_loss":0.0,"gold_gain":100.0,"event_name":"Golden Shrine","player_choice":"Pray","floor":30.0,"gold_loss":0.0,"damage_taken":0.0},{"damage_healed":0.0,"max_hp_gain":0.0,"max_hp_loss":0.0,"gold_gain":0.0,"event_name":"MindBloom","player_choice":"Fight","floor":37.0,"gold_loss":0.0,"damage_taken":0.0},{"damage_healed":0.0,"max_hp_gain":0.0,"max_hp_loss":0.0,"gold_gain":0.0,"event_name":"Tomb of Lord Red Mask","player_choice":"Ignored","floor":39.0,"gold_loss":0.0,"damage_taken":0.0},{"damage_healed":0.0,"max_hp_gain":0.0,"max_hp_loss":0.0,"gold_gain":0.0,"event_name":"Mysterious Sphere","player_choice":"Fight","floor":44.0,"gold_loss":0.0,"damage_taken":0.0}],"is_beta":false,"boss_relics":[{"not_picked":["Sozu","Cursed Key"],"picked":"Pandora\u0027s Box"},{"not_picked":["Coffee Dripper","FrozenCore"],"picked":"Calling Bell"}],"items_purged_floors":[4,20,36],"is_endless":false,"potions_floor_spawned":[6,10,11,16,29,33,38,41,47],"killed_by":"Donu and Deca","ascension_level":4}}