{"host":"h1qktzcccqnez8tx","time":1611505592,"event":{"mods":["BaseMod","Block Reminder","Colored Map","Colored Powertips","Curses Come First","Highlight Path","Infinite Spire","Minty Spire (QoL Compilation)","Permanent Neow","Quick Restart","Replay The Spire","StSLib","The Jungle"],"gold_per_floor":[110,123,31,44,62,62,119,152,152,170,197,224,265,265,265,373,373,397,406,418,312,341,341,368,368,368,368,368,368,368,293,154,164,164,278,278,304,304,328,352,37,65,75,110,189,203,252,252,293,4,4,4],"floor_reached":53,"language":"ENG","playtime":2474,"items_purged":["Glacier","Ball Lightning","Ball Lightning","Rebound"],"score":1075,"play_id":"81832daa-4cfa-4ca8-9922-f4be3dadcb7a","local_time":"20210124172632","daily_mods":["Draft"],"is_ascension_mode":true,"campfire_choices":[{"data":"Static Discharge","floor":6,"key":"SMITH"},{"data":"Gash","floor":15,"key":"SMITH"},{"data":"Echo Form","floor":23,"key":"SMITH"},{"data":"infinitespire:Gouge","floor":25,"key":"SMITH"},{"data":"Scrape","floor":30,"key":"SMITH"},{"data":"Scrape","floor":34,"key":"SMITH"},{"data":"Hologram","floor":51,"key":"SMITH"}],"circlet_count":0,"master_deck":["Gash+1","Hologram+1","Skim","Steam","FTL","Hologram","Turbo","Beam Cell+1","Leap","Hologram","Gash","Gash","Rebound","Gash","Static Discharge+1","Conserve Battery","Scrape+1","Sweeping Beam","FTL","Echo Form+1","Go for the Eyes+1","infinitespire:Gouge+1","Scrape+1","Recycle","Leap","All For One","Stack+1","Gash","Steam","Turbo+1"],"relics":["Cracked Core","Replay:Bottled Steam","Replay:Ringing Soul","Snack Pack","CeramicFish","Replay:WaspNest","Blood Vial","Empty Cage","ReplayTheSpireMod:Ninjato","Replay:Kaleidoscope","Happy Flower","Nuclear Battery","ReplayTheSpireMod:Lightbulb","Potion Belt","Oddly Smooth Stone","Shuriken","Replay:Towering Pillar of Hats","Replay:Multitool","infinitespire:Bottled Soul","Torii"],"acts_visited":["Exordium","TheCity","TheBeyond"],"potions_floor_usage":[20,52,52,52,52],"damage_taken":[{"damage":0,"enemies":"Jaw Worm","floor":1,"turns":2},{"damage":0,"enemies":"Small Slimes","floor":2,"turns":2},{"damage":0,"enemies":"Cultist","floor":4,"turns":2},{"damage":0,"enemies":"Lots of Slimes","floor":5,"turns":2},{"damage":17,"enemies":"Gremlin Nob","floor":7,"turns":3},{"damage":10,"enemies":"Gremlin Nob","floor":8,"turns":3},{"damage":4,"enemies":"Gremlin Gang","floor":10,"turns":3},{"damage":6,"enemies":"Lagavulin","floor":11,"turns":4},{"damage":4,"enemies":"Blue Slaver","floor":12,"turns":2},{"damage":15,"enemies":"3 Sentries","floor":13,"turns":3},{"damage":11,"enemies":"Fading Forest","floor":16,"turns":11},{"damage":5,"enemies":"Shell Parasite","floor":18,"turns":3},{"damage":13,"enemies":"2 Thieves","floor":20,"turns":2},{"damage":1,"enemies":"Snecko","floor":22,"turns":3},{"damage":10,"enemies":"Book of Stabbing","floor":24,"turns":3},{"damage":7,"enemies":"Snake Plant","floor":33,"turns":3},{"damage":14,"enemies":"Automaton","floor":35,"turns":3},{"damage":17,"enemies":"3 Darklings","floor":37,"turns":2},{"damage":0,"enemies":"Orb Walker","floor":39,"turns":2},{"damage":4,"enemies":"4 Shapes","floor":40,"turns":2},{"damage":3,"enemies":"Reptomancer","floor":42,"turns":2},{"damage":7,"enemies":"Spire Growth","floor":43,"turns":2},{"damage":13,"enemies":"Giant Head","floor":44,"turns":2},{"damage":0,"enemies":"3 Darklings","floor":46,"turns":1},{"damage":0,"enemies":"2 Orb Walkers","floor":47,"turns":2},{"damage":1,"enemies":"Nemesis","floor":49,"turns":3},{"damage":30,"enemies":"infinitespire:MassOfShapes","floor":52,"turns":3}],"seed_played":"8767318403964927697","potions_obtained":[{"floor":4,"key":"Milkshake"},{"floor":5,"key":"PowerPotion"},{"floor":10,"key":"BlessingOfTheForge"},{"floor":33,"key":"Energy Potion"},{"floor":43,"key":"Strength Potion"}],"is_trial":true,"path_per_floor":["M","M","$","M","M","R","?","E","T","M","E","M","E","?","R","B",null,"M","AVR","M","$","M","R","E","R","T","?","PTL","PTL","R","?","$","M","R","B",null,"M","?","M","M","$","E","M","E","T","M","?","AVR","E","$","R_BF","B",null],"character_chosen":"DEFECT","items_purchased":["Gash","Rebound","Scrape","Leap","ReplayTheSpireMod:Lightbulb","Torii"],"campfire_rested":0,"item_purchase_floors":[3,3,21,32,41,50],"current_hp_per_floor":[75,75,75,75,75,75,58,51,51,54,54,55,47,40,40,64,84,90,93,85,88,98,98,98,98,98,98,98,98,98,98,101,102,102,104,107,104,104,114,117,117,117,117,117,117,117,117,117,120,120,120,106],"gold":4,"neow_bonus":"","is_daily":false,"chose_seed":false,"campfire_upgraded":7,"win_rate":0.0,"timestamp":1611505592,"path_taken":["M","M","$","M","M","R","?","E","T","M","E","M","E","?","R","BOSS","M","AVR","M","$","M","R","E","R","T","?","PTL","PTL","R","?","$","M","R","BOSS","M","?","?","M","?","E","M","E","T","?","?","AVR","E","$","R_BF","BOSS"],"items_purchased_type":["Card","Card","Card","Card","Relic","Relic"],"build_version":"2020-12-22","purchased_purges":4,"victory":true,"max_hp_per_floor":[75,75,75,75,75,75,75,78,78,81,81,84,87,87,87,90,90,93,96,96,99,102,102,102,102,102,102,102,102,102,102,105,105,105,108,108,111,111,114,117,117,117,117,117,117,117,117,117,120,120,120,120],"card_choices":[{"not_picked":["Time Bomb","Stack"],"picked":"Compile Driver","floor":0},{"not_picked":["Steam","Lockon"],"picked":"Ball Lightning","floor":0},{"not_picked":["Leap","BasicCrystalCard"],"picked":"Gash","floor":0},{"not_picked":["Steam Power","Rip and Tear"],"picked":"Hologram","floor":0},{"not_picked":["Fusion","ReplaySort"],"picked":"Skim","floor":0},{"not_picked":["Aggregate","Compile Driver"],"picked":"Steam","floor":0},{"not_picked":["Redo","ReplayTheSpireMod:Repulse"],"picked":"Rebound","floor":0},{"not_picked":["BasicCrystalCard","Panic Button"],"picked":"Ball Lightning","floor":0},{"not_picked":["Stack","Streamline"],"picked":"FTL","floor":0},{"not_picked":["ReplayTheSpireMod:Calculation Training","Barrage"],"picked":"Hologram","floor":0},{"not_picked":["Sweeping Beam","Cold Snap"],"picked":"Ball Lightning","floor":0},{"not_picked":["ReplaySort","BasicCrystalCard"],"picked":"Streamline","floor":0},{"not_picked":["Stack","Redo"],"picked":"Turbo","floor":0},{"not_picked":["Storm","Barrage"],"picked":"Beam Cell","floor":0},{"not_picked":["Panic Button","Coolheaded"],"picked":"Leap","floor":0},{"not_picked":["Rip and Tear","Panic Button"],"picked":"Hologram","floor":1},{"not_picked":["Genetic Algorithm","Cold Snap"],"picked":"Gash","floor":2},{"not_picked":["Cold Snap","Undo"],"picked":"Gash","floor":4},{"not_picked":["Hello World","ReplaySort"],"picked":"Static Discharge","floor":5},{"not_picked":["Beam Cell","Auto Shields"],"picked":"Conserve Battery","floor":7},{"not_picked":["Redo","Electrodynamics"],"picked":"Glacier","floor":8},{"not_picked":["ReplayTheSpireMod:GoodbyeWorld","Stack"],"picked":"Scrape","floor":10},{"not_picked":["Fusion","Defragment","Cold Snap"],"picked":"SKIP","floor":11},{"not_picked":["Tempest","Streamline","Sweeping Beam"],"picked":"SKIP","floor":12},{"not_picked":["Tempest","Streamline"],"picked":"Sweeping Beam","floor":12},{"not_picked":["Hyperbeam","Rebound"],"picked":"FTL","floor":13},{"not_picked":["Hyperbeam","Rainbow"],"picked":"Echo Form","floor":16},{"not_picked":["Leap","Streamline"],"picked":"Go for the Eyes+1","floor":18},{"not_picked":["Leap","Coolheaded+1","Compile Driver"],"picked":"SKIP","floor":20},{"not_picked":["Steam","Streamline+1"],"picked":"Recycle","floor":22},{"not_picked":["Panic Button","Storm+1","Aggregate"],"picked":"SKIP","floor":24},{"not_picked":["Compile Driver","FIFO Queue","Consume"],"picked":"SKIP","floor":33},{"not_picked":["Compile Driver","FIFO Queue","Consume"],"picked":"SKIP","floor":33},{"not_picked":["Multi-Cast","Mirror Shield"],"picked":"All For One","floor":35},{"not_picked":["FIFO Queue","Barrage+1"],"picked":"Stack+1","floor":37},{"not_picked":["Coolheaded+1","Cold Snap"],"picked":"Gash","floor":39},{"not_picked":["Loop","Streamline+1"],"picked":"Steam","floor":40},{"not_picked":["Panic Button","Sweeping Beam","Redo"],"picked":"SKIP","floor":42},{"not_picked":["Genetic Algorithm","Biased Cognition","Force Field+1"],"picked":"SKIP","floor":43},{"not_picked":["Genetic Algorithm","Biased Cognition","Force Field+1"],"picked":"SKIP","floor":43},{"not_picked":["Doom and Gloom+1","ReplayTheSpireMod:GoodbyeWorld","Chaos+1"],"picked":"SKIP","floor":44},{"not_picked":["Melter","ReplayTheSpireMod:Calculation Training","Crystallizer+1"],"picked":"SKIP","floor":46},{"not_picked":["Stack+1","Panic Button+1"],"picked":"Turbo+1","floor":49}],"player_experience":132432,"relics_obtained":[{"floor":7,"key":"Replay:Bottled Steam"},{"floor":8,"key":"Replay:Ringing Soul"},{"floor":9,"key":"Snack Pack"},{"floor":11,"key":"CeramicFish"},{"floor":13,"key":"Replay:WaspNest"},{"floor":24,"key":"Replay:Kaleidoscope"},{"floor":26,"key":"Happy Flower"},{"floor":42,"key":"Potion Belt"},{"floor":44,"key":"Oddly Smooth Stone"},{"floor":45,"key":"Shuriken"},{"floor":47,"key":"Replay:Towering Pillar of Hats"},{"floor":49,"key":"infinitespire:Bottled Soul"}],"event_choices":[{"damage_healed":0,"gold_gain":0,"player_choice":"Searched \u00271\u0027 times","damage_taken":0,"max_hp_gain":0,"max_hp_loss":0,"event_name":"Dead Adventurer","floor":7,"gold_loss":0},{"damage_healed":0,"gold_gain":0,"player_choice":"Success","damage_taken":7,"relics_obtained":["Blood Vial"],"max_hp_gain":0,"max_hp_loss":0,"event_name":"Scrap Ooze","floor":14,"gold_loss":0},{"damage_healed":0,"gold_gain":0,"player_choice":"Ignored","damage_taken":0,"max_hp_gain":0,"max_hp_loss":0,"event_name":"Vampires","floor":27,"gold_loss":0},{"cards_removed":["Ball Lightning"],"damage_healed":0,"gold_gain":0,"player_choice":"Gave Gold","damage_taken":0,"max_hp_gain":0,"max_hp_loss":0,"event_name":"Beggar","floor":31,"gold_loss":75},{"damage_healed":0,"gold_gain":0,"player_choice":"Upgraded","damage_taken":0,"max_hp_gain":0,"max_hp_loss":0,"event_name":"Upgrade Shrine","floor":38,"gold_loss":0,"cards_upgraded":["Beam Cell"]},{"damage_healed":0,"gold_gain":0,"player_choice":"Fight","damage_taken":0,"max_hp_gain":0,"max_hp_loss":0,"event_name":"Mysterious Sphere","floor":47,"gold_loss":0}],"is_beta":false,"boss_relics":[{"not_picked":["Sozu","ChewingGum"],"picked":"Empty Cage"},{"not_picked":["infinitespire:Cupcake","Velvet Choker"],"picked":"Nuclear Battery"}],"items_purged_floors":[19,21,32,41],"is_endless":false,"potions_floor_spawned":[4,5,10,11,16,33,40,43],"ascension_level":5}}