{"host":"srk2drlvga69hbot","time":1611499574,"event":{"mods":["BaseMod","Bestiary","Block Reminder","Colored Map","Colored Powertips","Dark Map","DeckTracker","Highlight Path","Minty Spire (QoL Compilation)","Quick Restart","Rare Cards Sparkle","Relic Stats","SuperFastMode","Unceasing Turn Reminder"],"gold_per_floor":[115,115,133,58,76,102,102,102,102],"floor_reached":8,"language":"ZHS","playtime":242,"items_purged":["Strike_R"],"score":78,"play_id":"cc8cc20b-18f2-4692-8133-2364a1442264","local_time":"20210124224614","is_ascension_mode":true,"campfire_choices":[{"floor":7.0,"key":"REST"}],"circlet_count":0,"master_deck":["Strike_R","Strike_R","Strike_R","Strike_R","Defend_R","Defend_R","Defend_R","Defend_R","Bash","Rupture","Bloodletting","Shrug It Off"],"relics":["Burning Blood","Vajra","Gremlin Horn"],"acts_visited":["Exordium"],"potions_floor_usage":[],"damage_taken":[{"damage":11.0,"enemies":"Jaw Worm","floor":1.0,"turns":4.0},{"damage":6.0,"enemies":"Cultist","floor":3.0,"turns":3.0},{"damage":8.0,"enemies":"Small Slimes","floor":5.0,"turns":5.0},{"damage":47.0,"enemies":"Gremlin Nob","floor":6.0,"turns":5.0},{"damage":57,"enemies":"Lagavulin","floor":8,"turns":8}],"seed_played":"8619708889937426464","potions_obtained":[{"floor":5.0,"key":"Block Potion"},{"floor":6.0,"key":"SpeedPotion"}],"is_trial":false,"path_per_floor":["M","?","M","$","M","E","R","E"],"character_chosen":"IRONCLAD","items_purchased":[],"campfire_rested":1,"item_purchase_floors":[],"current_hp_per_floor":[67,67,67,67,65,24,48,0,0],"gold":102,"neow_bonus":"RANDOM_COMMON_RELIC","is_daily":false,"chose_seed":false,"campfire_upgraded":0,"win_rate":0.0,"timestamp":1611499574,"path_taken":["M","?","M","?","?","E","R","E"],"items_purchased_type":[],"build_version":"2020-12-22","purchased_purges":1,"victory":false,"max_hp_per_floor":[80,80,80,80,80,80,80,80,80],"relic_stats":{"Gremlin Horn":[0,0],"counters":[5,25],"obtain_stats":[{"Gremlin Horn":6,"Vajra":0,"Burning Blood":0},{"Gremlin Horn":4,"Vajra":0,"Burning Blood":0},{"Gremlin Horn":17,"Vajra":0,"Burning Blood":0}],"Burning Blood":24},"card_choices":[{"not_picked":["Twin Strike","Iron Wave","Clash"],"picked":"SKIP","floor":1.0},{"not_picked":["Entrench","Flex"],"picked":"Rupture","floor":3.0},{"not_picked":["Twin Strike","Carnage"],"picked":"Bloodletting","floor":5.0},{"not_picked":["Warcry","Havoc"],"picked":"Shrug It Off","floor":6.0}],"player_experience":215587,"relics_obtained":[{"floor":6.0,"key":"Gremlin Horn"}],"event_choices":[{"damage_healed":0.0,"max_hp_gain":0.0,"max_hp_loss":0.0,"gold_gain":0.0,"event_name":"The Woman in Blue","player_choice":"Bought 0 Potions","floor":2.0,"gold_loss":0.0,"damage_taken":0.0}],"is_beta":false,"boss_relics":[],"items_purged_floors":[4],"is_endless":false,"potions_floor_spawned":[5,6],"killed_by":"Lagavulin","ascension_level":8}}