{"host":"y24pqu7jih1n8m3t","time":1611525846,"event":{"mods":["AchievementEnabler","BaseMod","Bestiary","Block Reminder","Colored Map","Colored Powertips","DeckTracker","Highlight Path","Minty Spire (QoL Compilation)","Permanent Neow","Quick Restart","Rare Cards Sparkle","Relic Stats"],"gold_per_floor":[12,12,29,45,59,59,92,92,117,131,151,151,168,180,180,278,278,288,321,321,335,434,465,465,499,522,534,559,577,577,577,577,676,676,690,690,690,252,262,262,280,280,280],"floor_reached":42,"language":"ENG","playtime":4339,"items_purged":["Forethought"],"score":531,"play_id":"f2cb6d61-9ee8-4792-9525-379676708a45","local_time":"20210124170406","is_ascension_mode":true,"campfire_choices":[{"data":"1","floor":6.0,"key":"LIFT"},{"data":"2","floor":8.0,"key":"LIFT"},{"data":"3","floor":12.0,"key":"LIFT"},{"data":"Armaments","floor":15.0,"key":"SMITH"},{"floor":24.0,"key":"RECALL"},{"floor":32,"key":"REST"},{"data":"Dark Embrace","floor":40,"key":"SMITH"}],"circlet_count":0,"master_deck":["Strike_R","Strike_R","Strike_R","Strike_R","Strike_R","Defend_R","Defend_R","Defend_R","Defend_R","Bash","Pommel Strike+1","Headbutt","Flame Barrier","Body Slam","Perfected Strike","Cleave","Warcry","Armaments+1","Pommel Strike","Reaper","Body Slam+1","Twin Strike+1","Thunderclap","Intimidate","Flex","Searing Blow+1","Exhume","Reaper","Dark Embrace+1","Impervious","True Grit+1","Iron Wave","Swift Strike","Disarm","Infernal Blade"],"relics":["Burning Blood","Girya","Anchor","SlaversCollar","Red Mask","Tiny Chest","Bottled Flame","Juzu Bracelet","Oddly Smooth Stone","Enchiridion","Boot","Philosopher\u0027s Stone","Dream Catcher","MealTicket","Nunchaku"],"acts_visited":["Exordium","TheCity","TheBeyond"],"potions_floor_usage":[27,28,33,33,38,42],"damage_taken":[{"damage":0.0,"enemies":"Small Slimes","floor":1.0,"turns":4.0},{"damage":0.0,"enemies":"Cultist","floor":3.0,"turns":2.0},{"damage":4.0,"enemies":"Jaw Worm","floor":4.0,"turns":3.0},{"damage":3.0,"enemies":"Large Slime","floor":5.0,"turns":6.0},{"damage":37.0,"enemies":"3 Sentries","floor":7.0,"turns":8.0},{"damage":0.0,"enemies":"Gremlin Gang","floor":10.0,"turns":6.0},{"damage":1.0,"enemies":"Blue Slaver","floor":11.0,"turns":3.0},{"damage":0.0,"enemies":"Looter","floor":13.0,"turns":2.0},{"damage":1.0,"enemies":"Gremlin Gang","floor":14.0,"turns":3.0},{"damage":51.0,"enemies":"The Guardian","floor":16.0,"turns":9.0},{"damage":35.0,"enemies":"Shell Parasite","floor":18.0,"turns":10.0},{"damage":20.0,"enemies":"Masked Bandits","floor":19.0,"turns":4.0},{"damage":12.0,"enemies":"Chosen","floor":21.0,"turns":4.0},{"damage":15.0,"enemies":"Gremlin Leader","floor":23.0,"turns":5.0},{"damage":8.0,"enemies":"Slavers","floor":25.0,"turns":4.0},{"damage":0,"enemies":"Snake Plant","floor":27,"turns":3},{"damage":19,"enemies":"Gremlin Leader","floor":28,"turns":5},{"damage":36,"enemies":"Shelled Parasite and Fungi","floor":29,"turns":6},{"damage":62,"enemies":"Collector","floor":33,"turns":9},{"damage":11,"enemies":"3 Darklings","floor":35,"turns":7},{"damage":5,"enemies":"Orb Walker","floor":39,"turns":4},{"damage":9,"enemies":"3 Darklings","floor":41,"turns":5},{"damage":101,"enemies":"Giant Head","floor":42,"turns":8}],"seed_played":"4304114769439887736","potions_obtained":[{"floor":5.0,"key":"LiquidMemories"},{"floor":7.0,"key":"HeartOfIron"},{"floor":13.0,"key":"SteroidPotion"},{"floor":16.0,"key":"BlessingOfTheForge"},{"floor":19.0,"key":"Strength Potion"},{"floor":25.0,"key":"LiquidMemories"},{"floor":28,"key":"FearPotion"},{"floor":33,"key":"PowerPotion"},{"floor":41,"key":"Fire Potion"}],"is_trial":false,"path_per_floor":["M","?","M","M","M","R","E","R","T","M","M","R","M","M","R","B",null,"M","?","?","M","?","E","R","E","T","M","E","M","?","T","R","B",null,"M","?","T","$","M","R","M","E"],"character_chosen":"IRONCLAD","items_purchased":["Fruit Juice","Nunchaku","Iron Wave","Swift Strike"],"campfire_rested":1,"item_purchase_floors":[38,38,38,38],"current_hp_per_floor":[80,80,80,80,80,80,49,49,49,55,60,60,66,71,71,26,80,58,60,60,54,54,66,66,64,64,70,70,48,32,32,56,34,80,80,80,80,85,85,85,85,0,0],"gold":280,"neow_bonus":"ONE_RARE_RELIC","is_daily":false,"chose_seed":false,"campfire_upgraded":2,"win_rate":0.0,"timestamp":1611525846,"path_taken":["M","?","M","M","M","R","E","R","T","M","M","R","M","?","R","BOSS","M","?","?","?","?","E","R","E","T","M","E","M","?","?","R","BOSS","M","?","?","$","M","R","M","E"],"items_purchased_type":["Potion","Relic","Card","Card"],"build_version":"2020-12-22","purchased_purges":1,"victory":false,"max_hp_per_floor":[80,80,80,80,80,80,80,80,80,80,80,80,80,80,80,80,80,80,80,80,80,80,80,80,80,80,80,80,80,80,80,80,80,80,80,80,80,85,85,85,85,85,85],"relic_stats":{"Dream Catcher":0,"Nunchaku":[4],"counters":[23,120],"Tiny Chest":1,"MealTicket":0,"Juzu Bracelet":0,"Boot":[0],"obtain_stats":[{"Girya":0,"Oddly Smooth Stone":28,"Enchiridion":30,"Juzu Bracelet":26,"Boot":31,"Burning Blood":0,"SlaversCollar":17,"Anchor":7,"Bottled Flame":25,"Dream Catcher":36,"Nunchaku":38,"Tiny Chest":23,"Philosopher\u0027s Stone":34,"MealTicket":37,"Red Mask":19},{"Girya":0,"Oddly Smooth Stone":17,"Enchiridion":18,"Juzu Bracelet":15,"Boot":18,"Burning Blood":0,"SlaversCollar":10,"Anchor":5,"Bottled Flame":15,"Dream Catcher":20,"Nunchaku":20,"Tiny Chest":14,"Philosopher\u0027s Stone":19,"MealTicket":20,"Red Mask":12},{"Girya":0,"Oddly Smooth Stone":81,"Enchiridion":87,"Juzu Bracelet":73,"Boot":87,"Burning Blood":0,"SlaversCollar":46,"Anchor":23,"Bottled Flame":73,"Dream Catcher":103,"Nunchaku":103,"Tiny Chest":69,"Philosopher\u0027s Stone":96,"MealTicket":103,"Red Mask":60}],"Burning Blood":102},"card_choices":[{"not_picked":["Iron Wave","Anger"],"picked":"Pommel Strike","floor":1.0},{"not_picked":["Heavy Blade","Barricade"],"picked":"Headbutt","floor":3.0},{"not_picked":["Shockwave","Body Slam"],"picked":"Flame Barrier","floor":4.0},{"not_picked":["Havoc","Thunderclap"],"picked":"Body Slam","floor":5.0},{"not_picked":["Disarm","Pommel Strike"],"picked":"Perfected Strike","floor":7.0},{"not_picked":["Clash","Burning Pact"],"picked":"Cleave","floor":10.0},{"not_picked":["Sever Soul","Anger"],"picked":"Warcry","floor":11.0},{"not_picked":["Uppercut","Carnage"],"picked":"Armaments","floor":13.0},{"not_picked":["Searing Blow","Clash"],"picked":"Pommel Strike","floor":14.0},{"not_picked":["Offering","Fiend Fire"],"picked":"Reaper","floor":16.0},{"not_picked":["Clash","Heavy Blade"],"picked":"Body Slam+1","floor":18.0},{"not_picked":["Perfected Strike","Clothesline"],"picked":"Twin Strike+1","floor":19.0},{"not_picked":["Sword Boomerang","Disarm"],"picked":"Flex","floor":21.0},{"not_picked":["Heavy Blade","Intimidate+1"],"picked":"Searing Blow+1","floor":23.0},{"not_picked":["Anger+1","Thunderclap"],"picked":"Exhume","floor":25.0},{"not_picked":["Headbutt","Clash","Armaments"],"picked":"SKIP","floor":27},{"not_picked":["Bloodletting+1","Body Slam"],"picked":"Reaper","floor":28},{"not_picked":["Armaments","Hemokinesis"],"picked":"Dark Embrace","floor":29},{"not_picked":["Barricade","Bludgeon"],"picked":"Impervious","floor":33},{"not_picked":["Cleave","Sever Soul+1"],"picked":"True Grit+1","floor":35},{"not_picked":["Intimidate","Bloodletting"],"picked":"Disarm","floor":39},{"not_picked":["Headbutt","Body Slam"],"picked":"Infernal Blade","floor":41}],"player_experience":177075,"relics_obtained":[{"floor":7.0,"key":"Anchor"},{"floor":19.0,"key":"Red Mask"},{"floor":23.0,"key":"Tiny Chest"},{"floor":25.0,"key":"Bottled Flame"},{"floor":26.0,"key":"Juzu Bracelet"},{"floor":28,"key":"Oddly Smooth Stone"},{"floor":30,"key":"Enchiridion"},{"floor":31,"key":"Boot"},{"floor":37,"key":"MealTicket"}],"event_choices":[{"damage_healed":0.0,"max_hp_gain":0.0,"max_hp_loss":0.0,"gold_gain":0.0,"event_name":"Accursed Blacksmith","player_choice":"Forge","floor":2.0,"gold_loss":0.0,"damage_taken":0.0,"cards_upgraded":["Pommel Strike"]},{"damage_healed":0.0,"max_hp_gain":0.0,"max_hp_loss":0.0,"gold_gain":0.0,"event_name":"Masked Bandits","player_choice":"Fought Bandits","floor":19.0,"gold_loss":0.0,"damage_taken":0.0},{"damage_healed":0.0,"max_hp_gain":0.0,"max_hp_loss":0.0,"gold_gain":0.0,"event_name":"Match and Keep!","player_choice":"3 cards matched","floor":20.0,"gold_loss":0.0,"damage_taken":0.0,"cards_obtained":["Thunderclap","Intimidate","Forethought"]},{"damage_healed":0.0,"max_hp_gain":0.0,"max_hp_loss":0.0,"gold_gain":99.0,"event_name":"Nest","player_choice":"Stole From Cult","floor":22.0,"gold_loss":0.0,"damage_taken":0.0},{"damage_healed":0,"gold_gain":0,"player_choice":"Obtained Book","damage_taken":16,"max_hp_gain":0,"max_hp_loss":0,"event_name":"Cursed Tome","floor":30,"gold_loss":0},{"damage_healed":0,"gold_gain":0,"player_choice":"Gave Potion","damage_taken":0,"relics_obtained":["Dream Catcher"],"max_hp_gain":0,"max_hp_loss":0,"event_name":"WeMeetAgain","floor":36,"gold_loss":0}],"is_beta":false,"boss_relics":[{"not_picked":["Coffee Dripper","Calling Bell"],"picked":"SlaversCollar"},{"not_picked":["SacredBark","Mark of Pain"],"picked":"Philosopher\u0027s Stone"}],"items_purged_floors":[38],"is_endless":false,"potions_floor_spawned":[5,7,13,16,19,25,28,33,41],"killed_by":"Giant Head","ascension_level":2}}