{"host":"xc18ixkpjvqrt8st","time":1611519765,"event":{"mods":["Act Like it!","BaseMod","Better Match","Better Third Choice","Conspire","Hallownest","Hermit","Hubris","Infinite Spire","Minty Spire (QoL Compilation)","Replay The Spire","Robot Space Explorer","Shop Mod","Spicy Shops","Spire Arcade","StSLib","The Animator","The Jungle","The Marked","The Sage"],"gold_per_floor":[130,130,141,169,169,169,196,213,213,232,262,262,43,73,73,177,177,193,83,108,108,108],"floor_reached":21,"language":"ENG","playtime":1128,"items_purged":[],"score":206,"play_id":"68bf9469-c894-43b4-a7ff-aacf9b6b886e","local_time":"20210124142245","is_ascension_mode":true,"campfire_choices":[{"floor":6,"key":"RECALL"},{"floor":12,"key":"REST"}],"circlet_count":0,"master_deck":["animator:Strike_Fate","animator:Defend_Fate","animator:Strike","animator:Strike","animator:Strike","animator:Defend","animator:Defend","animator:Defend","animator:Alexander","animator:Rider","animator:Shigure","animator:Hans","animator:Sloth","animator:Benimaru","animator:Shuna+1","animator:FeridBathory","animator:Tatsumaki","animator:Archer","animator:RinTohsaka","animator:Envy","Survivor","animator:Gilgamesh+1","animator:MisaKurobane","infinitespire:Collect","animator:GazelDwargon"],"relics":["animator:LivingPicture","animator:TheMissingPiece","Hallownest:DreamNailRelic","hubris:Icosahedron","infinitespire:Beetle Shell","infinitespire:WardingShard","hubris:TenFootPole","Omamori","ReplayTheSpireMod:SealedPack","theJungle:Flamango"],"acts_visited":["Hallownest:Greenpath","theJungle:Jungle"],"potions_floor_usage":[11,16],"damage_taken":[{"damage":2,"enemies":"Hallownest:2_MossCreeps","floor":1,"turns":6},{"damage":6,"enemies":"Hallownest:2_Tiktiks_and_1_Crawlid","floor":3,"turns":5},{"damage":2,"enemies":"Hallownest:2_Baldur","floor":4,"turns":3},{"damage":8,"enemies":"Hallownest:eliteVengeflyKing","floor":7,"turns":6},{"damage":7,"enemies":"Hallownest:MossCreep_and_Mosskin","floor":8,"turns":5},{"damage":2,"enemies":"Hallownest:Wandering_and_Horned","floor":10,"turns":5},{"damage":40,"enemies":"Hallownest:eliteCrystalGuardian","floor":11,"turns":9},{"damage":0,"enemies":"Hallownest:monsterAspidMother","floor":14,"turns":5},{"damage":26,"enemies":"Hallownest:BossFalseKnight","floor":16,"turns":7},{"damage":33,"enemies":"theJungle:Flameango_and_Byrd","floor":18,"turns":7},{"damage":50,"enemies":"JungleHuntersEvent","floor":21,"turns":3}],"seed_played":"-2400269598541538747","potions_obtained":[{"floor":3,"key":"SpeedPotion"},{"floor":10,"key":"Milkshake"},{"floor":14,"key":"AttackPotion"},{"floor":18,"key":"CultistPotion"}],"is_trial":false,"path_per_floor":["M","?","M","M","?","R","E","M","T","M","E","R","$","M","R","B",null,"M","?","T","?"],"character_chosen":"THE_ANIMATOR","items_purchased":["animator:Archer","Omamori"],"campfire_rested":1,"item_purchase_floors":[13,13],"current_hp_per_floor":[70,70,64,62,62,62,54,65,65,64,24,45,45,45,66,41,75,42,42,42,0,0],"gold":108,"neow_bonus":"TEN_PERCENT_HP_BONUS","is_daily":false,"chose_seed":false,"campfire_upgraded":0,"win_rate":0.0,"timestamp":1611519765,"path_taken":["M","?","?","M","?","R","E","M","T","M","E","R","$","M","R","BOSS","M","?","?","?"],"items_purchased_type":["Card","Relic"],"build_version":"2020-12-22","purchased_purges":0,"victory":false,"max_hp_per_floor":[72,72,72,72,72,72,72,72,72,73,73,73,73,73,73,74,75,75,75,75,75,75],"card_choices":[{"not_picked":["animator:Benimaru","animator:Vanir"],"picked":"animator:Shigure","floor":1},{"not_picked":["animator:Cocytus","animator:Entoma"],"picked":"animator:Hans","floor":3},{"not_picked":["animator:Millim","animator:MaesHughes"],"picked":"animator:Sloth","floor":4},{"not_picked":["animator:Vesta","animator:Kaijin"],"picked":"animator:Benimaru","floor":7},{"not_picked":["animator:ElricAlphonse","animator:MumenRider"],"picked":"animator:Shuna","floor":8},{"not_picked":["animator:Darkness","animator:Pride"],"picked":"animator:FeridBathory","floor":10},{"not_picked":["animator:Millim","animator:Illya"],"picked":"animator:Tatsumaki","floor":11},{"not_picked":["animator:Illya","animator:Assassin"],"picked":"animator:RinTohsaka","floor":14},{"not_picked":["animator:Father","animator:Wiz"],"picked":"animator:Envy","floor":16},{"not_picked":["Eruption","Vigilance"],"picked":"Survivor","floor":17},{"not_picked":["animator:Saber","animator:FeridBathory"],"picked":"animator:Gilgamesh","floor":17},{"not_picked":["animator:IchigoKurosaki","animator:Urushihara"],"picked":"animator:MisaKurobane","floor":17},{"not_picked":["infinitespire:FutureSight","infinitespire:SevenWalls"],"picked":"infinitespire:Collect","floor":17},{"not_picked":["animator:Illya","animator:Rider+1"],"picked":"animator:GazelDwargon","floor":18}],"player_experience":594690,"relics_obtained":[{"floor":7,"key":"infinitespire:Beetle Shell"},{"floor":9,"key":"infinitespire:WardingShard"},{"floor":11,"key":"hubris:TenFootPole"}],"event_choices":[],"is_beta":false,"boss_relics":[{"not_picked":["Astrolabe","Replay:Fungal Core"],"picked":"ReplayTheSpireMod:SealedPack"}],"items_purged_floors":[],"is_endless":false,"potions_floor_spawned":[3,10,14,18],"killed_by":"JungleHuntersEvent","ascension_level":2}}