{"host":"ees9py5fbpv5lclk","time":1611481114,"event":{"mods":["AchievementEnabler","BaseMod","Challenge The Spire","Colored Map","Colored Powertips","Conspire","Downfall","Hermit","Infinite Spire","Minty Spire (QoL Compilation)","Replay The Spire","Shop Mod","StSLib","SuperFastMode","The Bug Knight","The Cursed","The Servant 0.9.4"],"gold_per_floor":[113,123,133,408,186,221,221,252,252,252,272,122,154,154,154,154,154],"floor_reached":16,"language":"ENG","playtime":1081,"items_purged":["Regret","Strike_S"],"score":118,"play_id":"ce9962b0-4e46-4256-b76e-4d9a18293843","local_time":"20210124043834","daily_mods":["Heirloom","Flight","DeadlyEvents","Elite Swarm"],"is_ascension_mode":false,"campfire_choices":[{"floor":7,"key":"REST"},{"floor":10,"key":"REST"},{"data":"TheWorld","floor":15,"key":"SMITH"}],"circlet_count":0,"master_deck":["Strike_S","Strike_S","Strike_S","Defend_S","Defend_S","Defend_S","Defend_S","KidneyShot","Exchange","Spin","Rewind","TheWorld+1","LightFlow","Spin","Contraction","Ricochet","LightFlow"],"relics":["Uniform","Durian","MerchantsRug","conspire:Flyswatter","TungstenRod","Kunai","StrikeDummy","conspire:TopHat"],"acts_visited":["Exordium"],"potions_floor_usage":[],"damage_taken":[{"damage":2,"enemies":"Small Slimes","floor":1,"turns":5},{"damage":1,"enemies":"Cultist","floor":2,"turns":4},{"damage":1,"enemies":"Jaw Worm","floor":3,"turns":3},{"damage":41,"enemies":"3 Sentries","floor":6,"turns":8},{"damage":36,"enemies":"Gremlin Nob","floor":8,"turns":6},{"damage":2,"enemies":"Looter","floor":11,"turns":3},{"damage":7,"enemies":"HollowMod:MossKnight","floor":13,"turns":9},{"damage":59,"enemies":"Fading Forest","floor":16,"turns":7}],"seed_played":"2702279742879365604","potions_obtained":[{"floor":6,"key":"bronze:BurnAndBuffPotion"},{"floor":11,"key":"sneckomod:MuddlingPotion"}],"is_trial":true,"path_per_floor":["M","M","M","?","$","E","R","E","T","R","M","$","E","T","R","B"],"character_chosen":"THE_SERVANT","items_purchased":["MerchantsRug","Contraction","Ricochet"],"campfire_rested":2,"item_purchase_floors":[5,12,12],"current_hp_per_floor":[68,67,66,66,66,25,46,10,10,31,29,29,22,22,22,0,0],"gold":154,"neow_bonus":"","is_daily":false,"chose_seed":false,"campfire_upgraded":1,"win_rate":0.0,"timestamp":1611481114,"path_taken":["M","M","M","?","$","E","R","?","T","R","?","?","?","?","R","BOSS"],"items_purchased_type":["Relic","Card","Card"],"build_version":"2020-12-22","purchased_purges":2,"victory":false,"max_hp_per_floor":[70,70,70,70,70,70,70,70,70,70,70,70,70,70,70,70,70],"card_choices":[{"not_picked":["BottledTime","Hightail"],"picked":"Spin","floor":1},{"not_picked":["Read","ReturningBlade","Rearm"],"picked":"SKIP","floor":2},{"not_picked":["Rearm","Alleviate"],"picked":"Rewind","floor":3},{"not_picked":["KillingDoll","ForgedInTime"],"picked":"TheWorld","floor":6},{"not_picked":["KillingDoll","Duplication"],"picked":"LightFlow","floor":8},{"not_picked":["Replace","Defy"],"picked":"Spin","floor":11},{"not_picked":["Sunlight","Initiator"],"picked":"LightFlow","floor":13}],"player_experience":124462,"relics_obtained":[{"floor":6,"key":"conspire:Flyswatter"},{"floor":8,"key":"TungstenRod"},{"floor":9,"key":"Kunai"},{"floor":13,"key":"StrikeDummy"},{"floor":14,"key":"conspire:TopHat"}],"event_choices":[{"damage_healed":0,"gold_gain":275,"player_choice":"Desecrate","damage_taken":0,"max_hp_gain":0,"max_hp_loss":0,"event_name":"Golden Shrine","floor":4,"gold_loss":0,"cards_obtained":["Regret"]}],"is_beta":false,"boss_relics":[],"items_purged_floors":[5,12],"is_endless":false,"potions_floor_spawned":[6,11],"killed_by":"Fading Forest","ascension_level":0}}