{"host":"nsxzlb359hv0da5z","time":1611465895,"event":{"mods":["BaseMod","Bestiary","Colored Map","Minty Spire (QoL Compilation)","Permanent Neow","Relic Stats","Slay the Relics Exporter","ojb\u0027s Info Mod"],"gold_per_floor":[118,268,13,63,93,93,155,209,258,258,8,8,63,158,158,310,310,345,345,345,41,80,137,87,147,147,147,147,62,62,102,102,200,200,243,243,243,285,285,285,336,380,380,202,271,328,328,328,328,353,353,353,12,66,91],"floor_reached":56,"language":"ENG","playtime":6814,"items_purged":["Doubt","Strike_P","Strike_P"],"score":1980,"play_id":"e515ed67-8469-4ee5-b3c2-c81f266bb596","local_time":"20210123212455","is_ascension_mode":true,"campfire_choices":[{"data":"HandOfGreed","floor":6,"key":"SMITH"},{"data":"Eruption","floor":10,"key":"SMITH"},{"data":"TalkToTheHand","floor":15,"key":"SMITH"},{"data":"Omniscience","floor":27,"key":"SMITH"},{"data":"MentalFortress","floor":30,"key":"SMITH"},{"data":"Wireheading","floor":32,"key":"SMITH"},{"data":"Fasting2","floor":40,"key":"SMITH"},{"floor":47,"key":"RECALL"},{"data":"WaveOfTheHand","floor":49,"key":"SMITH"},{"data":"CutThroughFate","floor":52,"key":"SMITH"}],"circlet_count":0,"master_deck":["AscendersBane","Strike_P","Defend_P","Defend_P","Defend_P","Eruption+1","Vigilance","ThirdEye","HandOfGreed+1","Tantrum","Blasphemy","TalkToTheHand+1","Consecrate","Study","Wireheading+1","Wallop","Omniscience+1","FlurryOfBlows","FearNoEvil","MentalFortress+1","Consecrate","Fasting2+1","FollowUp","Meditate+1","DevaForm","Meditate+1","CutThroughFate+1","InnerPeace","WaveOfTheHand+1","TalkToTheHand+1","JustLucky","EmptyMind+1"],"relics":["Runic Pyramid","Yang","Anchor","Juzu Bracelet","Coffee Dripper","MealTicket","Regal Pillow","Torii","Centennial Puzzle","Philosopher\u0027s Stone","Bottled Flame","Incense Burner","Bottled Tornado","PreservedInsect","Orichalcum","Medical Kit","Vajra"],"acts_visited":["Exordium","TheCity","TheBeyond","TheEnding"],"potions_floor_usage":[7,8,13,16,23,33,50,55,55],"damage_taken":[{"damage":0,"enemies":"2 Louse","floor":1,"turns":2},{"damage":1,"enemies":"Small Slimes","floor":4,"turns":3},{"damage":0,"enemies":"Cultist","floor":5,"turns":4},{"damage":19,"enemies":"Exordium Thugs","floor":7,"turns":4},{"damage":0,"enemies":"Gremlin Nob","floor":8,"turns":2},{"damage":5,"enemies":"3 Sentries","floor":13,"turns":3},{"damage":0,"enemies":"3 Louse","floor":14,"turns":7},{"damage":9,"enemies":"Slime Boss","floor":16,"turns":11},{"damage":0,"enemies":"Chosen","floor":18,"turns":4},{"damage":0,"enemies":"Spheric Guardian","floor":22,"turns":3},{"damage":5,"enemies":"Book of Stabbing","floor":23,"turns":5},{"damage":20,"enemies":"Gremlin Leader","floor":25,"turns":5},{"damage":1,"enemies":"Snake Plant","floor":31,"turns":2},{"damage":1,"enemies":"Collector","floor":33,"turns":7},{"damage":1,"enemies":"3 Darklings","floor":35,"turns":3},{"damage":0,"enemies":"Orb Walker","floor":38,"turns":3},{"damage":7,"enemies":"Giant Head","floor":41,"turns":6},{"damage":15,"enemies":"Spire Growth","floor":42,"turns":4},{"damage":9,"enemies":"Jaw Worm Horde","floor":45,"turns":5},{"damage":1,"enemies":"Reptomancer","floor":46,"turns":6},{"damage":1,"enemies":"Awakened One","floor":50,"turns":13},{"damage":15,"enemies":"Shield and Spear","floor":54,"turns":6},{"damage":12,"enemies":"The Heart","floor":55,"turns":7}],"seed_played":"3490155117662249848","potions_obtained":[{"floor":5,"key":"EntropicBrew"},{"floor":13,"key":"BlessingOfTheForge"},{"floor":18,"key":"Weak Potion"},{"floor":33,"key":"Explosive Potion"},{"floor":38,"key":"Energy Potion"},{"floor":46,"key":"Strength Potion"}],"is_trial":false,"path_per_floor":["M","?","$","M","M","R","M","E","T","R","$","?","E","M","R","B",null,"M","?","?","$","M","E","$","E","T","R","?","?","R","M","R","B",null,"M","?","?","M","T","R","E","M","T","$","M","E","R","?","R","B",null,"R","$","E","B",null],"character_chosen":"WATCHER","items_purchased":["HandOfGreed","TalkToTheHand","Consecrate","Fire Potion","FlurryOfBlows","FearNoEvil","MentalFortress","MealTicket","PowerPotion","TalkToTheHand","PreservedInsect","Medical Kit","LiquidMemories"],"campfire_rested":0,"item_purchase_floors":[3,11,11,11,21,21,21,21,24,44,44,53,53],"current_hp_per_floor":[61,61,61,60,60,60,41,41,41,41,41,41,36,36,36,27,58,58,52,52,52,52,47,62,42,42,42,42,42,42,41,41,40,61,60,60,60,60,60,60,53,38,38,53,44,43,43,43,43,42,59,59,65,50,38],"gold":91,"neow_bonus":"BOSS_RELIC","is_daily":false,"chose_seed":false,"campfire_upgraded":9,"win_rate":0.0,"timestamp":1611465895,"path_taken":["M","?","$","M","M","R","M","E","T","R","$","?","E","M","R","BOSS","M","?","?","$","M","E","$","E","T","R","?","?","R","M","R","BOSS","M","?","?","M","?","R","E","M","T","$","M","E","R","?","R","BOSS","R","$","E","BOSS"],"items_purchased_type":["Card","Card","Card","Potion","Card","Card","Card","Relic","Potion","Card","Relic","Relic","Potion"],"build_version":"2020-12-22","purchased_purges":3,"victory":true,"max_hp_per_floor":[68,68,68,68,68,68,68,68,68,68,68,68,68,68,68,68,68,68,68,68,68,68,68,68,68,68,68,68,68,68,68,68,68,68,68,68,65,65,65,65,65,65,65,65,65,65,65,65,65,65,65,65,65,65,65],"relic_stats":{"Regal Pillow":0,"Centennial Puzzle":[30],"Torii":15,"counters":[23,115],"Yang":[292],"MealTicket":36,"PreservedInsect":138,"Juzu Bracelet":1,"Orichalcum":[0],"Medical Kit":[2],"obtain_stats":[{"Regal Pillow":23,"Torii":25,"Vajra":54,"Yang":8,"PreservedInsect":44,"Juzu Bracelet":13,"Incense Burner":41,"Bottled Tornado":43,"Orichalcum":46,"Medical Kit":53,"Anchor":9,"Centennial Puzzle":29,"Bottled Flame":39,"MealTicket":21,"Philosopher\u0027s Stone":34,"Coffee Dripper":17,"PureWater":0,"Runic Pyramid":0},{"Regal Pillow":11,"Torii":12,"Vajra":22,"Yang":5,"PreservedInsect":18,"Juzu Bracelet":6,"Incense Burner":17,"Bottled Tornado":18,"Orichalcum":20,"Medical Kit":21,"Anchor":5,"Centennial Puzzle":12,"Bottled Flame":16,"MealTicket":9,"Philosopher\u0027s Stone":14,"Coffee Dripper":8,"PureWater":0,"Runic Pyramid":0},{"Regal Pillow":48,"Torii":53,"Vajra":108,"Yang":15,"PreservedInsect":78,"Juzu Bracelet":18,"Incense Burner":74,"Bottled Tornado":78,"Orichalcum":89,"Medical Kit":102,"Anchor":15,"Centennial Puzzle":53,"Bottled Flame":68,"MealTicket":40,"Philosopher\u0027s Stone":62,"Coffee Dripper":36,"PureWater":0,"Runic Pyramid":0}]},"card_choices":[{"not_picked":["Evaluate","Crescendo"],"picked":"ThirdEye","floor":1},{"not_picked":["BattleHymn","SashWhip","EmptyBody"],"picked":"SKIP","floor":4},{"not_picked":["Crescendo","EmptyBody","Perseverance"],"picked":"SKIP","floor":5},{"not_picked":["PathToVictory","JustLucky"],"picked":"Tantrum","floor":7},{"not_picked":["SashWhip","ClearTheMind"],"picked":"Blasphemy","floor":8},{"not_picked":["SashWhip","Indignation"],"picked":"Wireheading","floor":13},{"not_picked":["Tantrum","Nirvana"],"picked":"Wallop","floor":14},{"not_picked":["Brilliance","Wish"],"picked":"Omniscience","floor":16},{"not_picked":["SignatureMove+1","CarveReality","Vengeance"],"picked":"SKIP","floor":18},{"not_picked":["Prostrate","SashWhip"],"picked":"Consecrate","floor":22},{"not_picked":["Devotion","Swivel"],"picked":"Fasting2","floor":23},{"not_picked":["Wallop","EmptyBody"],"picked":"FollowUp","floor":25},{"not_picked":["Conclude","FlyingSleeves"],"picked":"Meditate+1","floor":31},{"not_picked":["DeusExMachina","SpiritShield"],"picked":"DevaForm","floor":33},{"not_picked":["Consecrate","Protect"],"picked":"Meditate+1","floor":35},{"not_picked":["FlurryOfBlows","Protect"],"picked":"CutThroughFate","floor":38},{"not_picked":["FollowUp+1","Consecrate"],"picked":"InnerPeace","floor":41},{"not_picked":["Wish","FlyingSleeves"],"picked":"WaveOfTheHand","floor":42},{"not_picked":["DeceiveReality+1","Protect+1"],"picked":"JustLucky","floor":45},{"not_picked":["Wireheading","CutThroughFate","BowlingBash+1"],"picked":"SKIP","floor":46},{"not_picked":["DeusExMachina","Protect"],"picked":"EmptyMind+1","floor":54}],"player_experience":2017119,"relics_obtained":[{"floor":8,"key":"Yang"},{"floor":9,"key":"Anchor"},{"floor":13,"key":"Juzu Bracelet"},{"floor":23,"key":"Regal Pillow"},{"floor":25,"key":"Torii"},{"floor":39,"key":"Bottled Flame"},{"floor":41,"key":"Incense Burner"},{"floor":43,"key":"Bottled Tornado"},{"floor":46,"key":"Orichalcum"},{"floor":54,"key":"Vajra"}],"event_choices":[{"damage_healed":0,"gold_gain":150,"player_choice":"AGREE","damage_taken":0,"max_hp_gain":0,"max_hp_loss":0,"event_name":"Liars Game","floor":2,"gold_loss":0,"cards_obtained":["Doubt"]},{"damage_healed":0,"gold_gain":0,"cards_transformed":["Strike_P"],"player_choice":"Transformed","damage_taken":0,"max_hp_gain":0,"max_hp_loss":0,"event_name":"Transmorgrifier","floor":12,"gold_loss":0,"cards_obtained":["Study"]},{"damage_healed":0,"gold_gain":0,"player_choice":"","damage_taken":6,"max_hp_gain":0,"max_hp_loss":0,"event_name":"Knowing Skull","floor":19,"potions_obtained":[],"gold_loss":0,"cards_obtained":[]},{"damage_healed":0,"gold_gain":0,"player_choice":"Ignored","damage_taken":0,"max_hp_gain":0,"max_hp_loss":0,"event_name":"Vampires","floor":20,"gold_loss":0},{"damage_healed":0,"gold_gain":0,"player_choice":"Ignored","damage_taken":0,"max_hp_gain":0,"max_hp_loss":0,"event_name":"The Mausoleum","floor":28,"gold_loss":0},{"damage_healed":0,"gold_gain":0,"player_choice":"Obtained Relic","damage_taken":0,"relics_obtained":["Centennial Puzzle"],"max_hp_gain":0,"max_hp_loss":0,"event_name":"Addict","floor":29,"gold_loss":85},{"cards_removed":["Defend_P"],"damage_healed":0,"gold_gain":0,"player_choice":"Removed Skill","damage_taken":0,"max_hp_gain":0,"max_hp_loss":0,"event_name":"Falling","floor":36,"gold_loss":0},{"damage_healed":0,"gold_gain":0,"player_choice":"Max HP","damage_taken":0,"max_hp_gain":0,"max_hp_loss":3,"event_name":"Winding Halls","floor":37,"gold_loss":0},{"damage_healed":0,"gold_gain":0,"player_choice":"Upgraded","damage_taken":0,"max_hp_gain":0,"max_hp_loss":0,"event_name":"Upgrade Shrine","floor":48,"gold_loss":0,"cards_upgraded":["TalkToTheHand"]}],"is_beta":false,"boss_relics":[{"not_picked":["Sozu","Tiny House"],"picked":"Coffee Dripper"},{"not_picked":["Velvet Choker","SacredBark"],"picked":"Philosopher\u0027s Stone"}],"items_purged_floors":[3,11,53],"is_endless":false,"potions_floor_spawned":[5,7,13,14,18,33,35,38,46],"ascension_level":15}}