{"host":"crunchoberries","time":1611452826,"event":{"mods":["BaseMod","Better Third Choice","Colored Map","Downfall","Minty Spire (QoL Compilation)","Quick Restart","StSLib","SuperFastMode","The Jungle","everything is the same but u backflip on backflip","slay the spire mod where everything is the same but ironclad has a cowboy hat"],"gold_per_floor":[361,1,1,20,32,61,61,77,77,138,148,162,162,162,162,266,266,286,299,314,314,314,314,343,53,105,105,105],"floor_reached":27,"language":"ENG","playtime":1290,"items_purged":[],"score":233,"play_id":"d9e80db2-ac43-4916-98a6-ab67e7ddadae","local_time":"20210123204706","is_ascension_mode":false,"campfire_choices":[{"floor":7.0,"key":"REST"},{"data":"Strike_G","floor":13,"key":"PURGE"},{"data":"Strike_G","floor":15,"key":"PURGE"},{"floor":23,"key":"DIG"}],"circlet_count":0,"master_deck":["Strike_G","Strike_G","Strike_G","Defend_G","Defend_G","Defend_G","Defend_G","Survivor","Neutralize","Well Laid Plans","Infinite Blades","Blade Dance","Apotheosis+1","Sucker Punch","Tactician","Flying Knee","Prepared","Eviscerate","Bullet Time","Envenom","Dagger Spray","Prepared","Backflip+1","After Image","Slice"],"relics":["Ring of the Snake","Mummified Hand","Unceasing Top","Peace Pipe","TungstenRod","WristBlade","Shovel","theJungle:WildMango","Juzu Bracelet","Sundial","Gremlin Horn","Oddly Smooth Stone"],"acts_visited":["Exordium","Exordium"],"potions_floor_usage":[12,16,19,19,24],"damage_taken":[{"damage":2.0,"enemies":"Jaw Worm","floor":1.0,"turns":5.0},{"damage":1.0,"enemies":"2 Louse","floor":4.0,"turns":3.0},{"damage":0.0,"enemies":"Small Slimes","floor":5.0,"turns":3.0},{"damage":27.0,"enemies":"3 Sentries","floor":6.0,"turns":6.0},{"damage":1.0,"enemies":"Red Slaver","floor":8.0,"turns":4.0},{"damage":0.0,"enemies":"Lagavulin Event","floor":10.0,"turns":5.0},{"damage":0,"enemies":"Looter","floor":11,"turns":4},{"damage":0,"enemies":"Large Slime","floor":12,"turns":2},{"damage":1,"enemies":"Slime Boss","floor":16,"turns":7},{"damage":7,"enemies":"theJungle:GiantWrat","floor":18,"turns":4},{"damage":17,"enemies":"theJungle:5_Spyders","floor":19,"turns":5},{"damage":23,"enemies":"theJungle:2_Flameangoes","floor":20,"turns":5},{"damage":47,"enemies":"theJungle:Cassacara","floor":24,"turns":6},{"damage":9,"enemies":"theJungle:JungleHuntersEncounter","floor":27,"turns":3}],"seed_played":"-7851551933053460113","potions_obtained":[{"floor":1.0,"key":"DuplicationPotion"},{"floor":4.0,"key":"SpeedPotion"},{"floor":10.0,"key":"Slimebound:ThreeZeroPotion"},{"floor":11,"key":"hexamod:SoulburnPotion"},{"floor":16,"key":"Regen Potion"},{"floor":18,"key":"bronze:BurnAndBuffPotion"},{"floor":20,"key":"Regen Potion"}],"is_trial":false,"path_per_floor":["M","$","?","M","M","E","R","M","T","?","M","M","R","?","R","B",null,"M","M","M","?","?","R","E","$","T","M"],"character_chosen":"THE_SILENT","items_purchased":["Mummified Hand","Infinite Blades","Blade Dance","Gremlin Horn","Slice"],"campfire_rested":1,"item_purchase_floors":[2,2,2,25,25],"current_hp_per_floor":[47,47,47,46,46,19,40,39,39,39,39,39,39,39,39,38,70,63,58,35,24,38,38,6,6,6,0,0],"gold":105,"neow_bonus":"TWO_FIFTY_GOLD","is_daily":false,"chose_seed":false,"campfire_upgraded":0,"win_rate":0.0,"timestamp":1611452826,"path_taken":["M","$","?","M","M","E","R","M","T","?","M","M","R","?","R","BOSS","M","M","M","?","?","R","E","$","T","M"],"items_purchased_type":["Relic","Card","Card","Relic","Card"],"build_version":"2020-12-18","purchased_purges":0,"victory":false,"max_hp_per_floor":[70,70,70,70,70,70,70,70,70,70,70,70,70,70,70,70,70,70,70,70,70,84,84,84,84,84,84,84],"card_choices":[{"not_picked":["Tactician","Expertise"],"picked":"Well Laid Plans","floor":1.0},{"not_picked":["Slice","Well Laid Plans"],"picked":"Sucker Punch","floor":4.0},{"not_picked":["Riddle With Holes","Dagger Spray"],"picked":"Tactician","floor":5.0},{"not_picked":["Bane","Tactician"],"picked":"Flying Knee","floor":6.0},{"not_picked":["Acrobatics","Quick Slash"],"picked":"Prepared","floor":8.0},{"not_picked":["Dodge and Roll","Expertise"],"picked":"Eviscerate","floor":11},{"not_picked":["Slice","Dodge and Roll"],"picked":"Bullet Time","floor":12},{"not_picked":["Glass Knife","Venomology"],"picked":"Envenom","floor":16},{"not_picked":["Bane","Quick Slash"],"picked":"Dagger Spray","floor":18},{"not_picked":["Dagger Spray","Bane"],"picked":"Prepared","floor":19},{"not_picked":["Dodge and Roll+1","Endless Agony"],"picked":"Backflip+1","floor":20},{"not_picked":["Finisher","Acrobatics"],"picked":"After Image","floor":24}],"player_experience":10294,"relics_obtained":[{"floor":6.0,"key":"Unceasing Top"},{"floor":9.0,"key":"Peace Pipe"},{"floor":10.0,"key":"TungstenRod"},{"floor":23,"key":"Juzu Bracelet"},{"floor":24,"key":"Sundial"},{"floor":26,"key":"Oddly Smooth Stone"}],"event_choices":[{"damage_healed":47.0,"max_hp_gain":0.0,"max_hp_loss":70.0,"gold_gain":0.0,"event_name":"betterThird:BetterShining","player_choice":"Embrace","floor":3.0,"gold_loss":0.0,"damage_taken":0.0},{"damage_healed":0.0,"max_hp_gain":0.0,"max_hp_loss":0.0,"gold_gain":30.0,"event_name":"Dead Adventurer","player_choice":"Searched \u00272\u0027 times","floor":10.0,"gold_loss":0.0,"damage_taken":0.0},{"cards_removed":["Defend_G"],"damage_healed":0,"gold_gain":0,"player_choice":"Purged","damage_taken":0,"max_hp_gain":0,"max_hp_loss":0,"event_name":"Purifier","floor":14,"gold_loss":0}],"is_beta":true,"boss_relics":[{"not_picked":["Snecko Eye","Sozu"],"picked":"WristBlade"}],"items_purged_floors":[],"is_endless":false,"potions_floor_spawned":[1,4,10,11,16,18,20],"killed_by":"theJungle:JungleHuntersEncounter","ascension_level":0}}