{"host":"kw4o7b3ro2ktmmbe","time":1611466070,"event":{"mods":["BaseMod","CatGirl Mod","Evolution","Minty Spire (QoL Compilation)","StSLib"],"gold_per_floor":[114,137,137,157,175,175,175,210,290,300,313,158,169,184,184,288,288,307,307,238,238,238],"floor_reached":21,"language":"ENG","playtime":1788,"items_purged":[],"score":181,"play_id":"20996636-f05b-4e30-b653-81cd702b3ff9","local_time":"20210124182750","is_ascension_mode":false,"campfire_choices":[{"data":"theCatGirl:Evasion","floor":6,"key":"SMITH"},{"data":"theCatGirl:ShockedWitness","floor":15,"key":"SMITH"}],"circlet_count":0,"master_deck":["theCatGirl:Strike","theCatGirl:Strike","theCatGirl:Defend","theCatGirl:Defend","theCatGirl:Defend","theCatGirl:Defend","theCatGirl:ClawStrike","theCatGirl:Evasion+1","theCatGirl:FinishingMove","theCatGirl:AdventurersInsight","theCatGirl:AllIn","theCatGirl:Slip","theCatGirl:ShockedWitness+1","theCatGirl:ExtremeSpeed","theCatGirl:FocusedStrike","theCatGirl:Beastification","Bite","theCatGirl:PoiseStance"],"relics":["EVO:Axolotl","Philosopher\u0027s Stone","Nunchaku","Pantograph","InkBottle","Bag of Marbles","SlaversCollar"],"acts_visited":["Exordium","TheCity"],"potions_floor_usage":[8,13,16],"damage_taken":[{"damage":5,"enemies":"Cultist","floor":1,"turns":4},{"damage":0,"enemies":"Small Slimes","floor":4,"turns":3},{"damage":2,"enemies":"Jaw Worm","floor":5,"turns":2},{"damage":15,"enemies":"Gremlin Nob","floor":8,"turns":3},{"damage":20,"enemies":"Gremlin Gang","floor":10,"turns":4},{"damage":2,"enemies":"Exordium Wildlife","floor":11,"turns":3},{"damage":0,"enemies":"Lots of Slimes","floor":13,"turns":2},{"damage":14,"enemies":"Red Slaver","floor":14,"turns":4},{"damage":30,"enemies":"Hexaghost","floor":16,"turns":8},{"damage":12,"enemies":"Chosen","floor":18,"turns":9},{"damage":15,"enemies":"3 Byrds","floor":21,"turns":2}],"seed_played":"7750794406817933681","potions_obtained":[{"floor":4,"key":"ColorlessPotion"},{"floor":10,"key":"LiquidBronze"},{"floor":11,"key":"Explosive Potion"},{"floor":13,"key":"AttackPotion"},{"floor":18,"key":"EssenceOfSteel"}],"is_trial":false,"path_per_floor":["M","T","?","M","M","R","?","E","T","M","M","$","M","M","R","B",null,"M","?","$","M"],"character_chosen":"THE_CATGIRL","items_purchased":["Bag of Marbles","theCatGirl:PoiseStance"],"campfire_rested":0,"item_purchase_floors":[12,20],"current_hp_per_floor":[65,65,65,65,63,63,63,48,48,28,26,26,26,12,12,7,70,58,58,58,43,43],"gold":238,"neow_bonus":"BOSS_RELIC","is_daily":false,"chose_seed":false,"campfire_upgraded":2,"win_rate":0.0,"timestamp":1611466070,"path_taken":["M","?","?","M","M","R","?","E","T","M","M","$","M","?","R","BOSS","M","?","$","?"],"items_purchased_type":["Relic","Card"],"build_version":"2020-12-22","purchased_purges":0,"victory":false,"max_hp_per_floor":[70,70,70,70,70,70,70,70,70,70,70,70,70,70,70,70,70,70,70,70,70,70],"card_choices":[{"not_picked":["theCatGirl:Stalk","theCatGirl:LostTrinket"],"picked":"theCatGirl:FinishingMove","floor":1},{"not_picked":["theCatGirl:UnrelentingAssault","theCatGirl:LearnByMistake"],"picked":"theCatGirl:AllIn","floor":4},{"not_picked":["theCatGirl:EmergencyParry","theCatGirl:RageClaws"],"picked":"theCatGirl:GoddessOfMisfortune","floor":5},{"not_picked":["theCatGirl:BodyBlow","theCatGirl:UnrelentingAssault"],"picked":"theCatGirl:Slip","floor":8},{"not_picked":["theCatGirl:AccidentalSlap","theCatGirl:QuickStrike"],"picked":"theCatGirl:ShockedWitness","floor":10},{"not_picked":["theCatGirl:AccidentalSlap","theCatGirl:Meow","theCatGirl:ClawScratch"],"picked":"SKIP","floor":11},{"not_picked":["theCatGirl:Prepared","theCatGirl:PoisedStrike"],"picked":"theCatGirl:ExtremeSpeed","floor":13},{"not_picked":["theCatGirl:LuckyBlow","theCatGirl:LearnByMistake"],"picked":"theCatGirl:FocusedStrike","floor":14},{"not_picked":["theCatGirl:SevenLives","theCatGirl:HungerClaw"],"picked":"theCatGirl:Beastification","floor":16},{"not_picked":["theCatGirl:Stalk","theCatGirl:RunningWithDaggers","theCatGirl:TripLunge+1"],"picked":"SKIP","floor":18}],"player_experience":1840747,"relics_obtained":[{"floor":2,"key":"Nunchaku"},{"floor":8,"key":"Pantograph"},{"floor":9,"key":"InkBottle"}],"event_choices":[{"damage_healed":0,"gold_gain":0,"cards_transformed":["theCatGirl:ClawScratch"],"player_choice":"Change","damage_taken":0,"max_hp_gain":0,"max_hp_loss":0,"event_name":"Living Wall","floor":3,"gold_loss":0,"cards_obtained":["theCatGirl:AdventurersInsight"]},{"cards_removed":["theCatGirl:Strike"],"damage_healed":0,"gold_gain":0,"player_choice":"Purged","damage_taken":0,"max_hp_gain":0,"max_hp_loss":0,"event_name":"Purifier","floor":7,"gold_loss":0},{"cards_removed":["theCatGirl:GoddessOfMisfortune"],"damage_healed":0,"gold_gain":0,"player_choice":"Took Card","damage_taken":0,"max_hp_gain":0,"max_hp_loss":0,"event_name":"NoteForYourself","floor":19,"gold_loss":0,"cards_obtained":["Bite"]}],"is_beta":false,"boss_relics":[{"not_picked":["Pandora\u0027s Box","Velvet Choker"],"picked":"SlaversCollar"}],"items_purged_floors":[],"is_endless":false,"potions_floor_spawned":[4,10,11,13,18],"killed_by":"3 Byrds","ascension_level":0}}