{"host":"mo324zvkdr1xwprd","time":1611505425,"event":{"mods":["BaseMod","Better Note","BetterRewards","Hermit","Highlight Path","Hubris","Minty Spire (QoL Compilation)","Quick Restart","Rare Cards Sparkle","Shop Mod","StSLib","The Cursed","The Hierophant"],"gold_per_floor":[118,131,49,66,77,102,102,129,176,192,192,204,479,511,511,606,606,626,638,205,221,106,138,148,148,148,165,191,205,221,221,221,316,316,327,341,341,361,378,413,413,442,442,476,494,525,169,199,199,199,199],"floor_reached":50,"language":"ENG","playtime":5771,"items_purged":[],"score":827,"play_id":"697bcb30-d9ab-4fce-a5e7-1b56560ddbb2","local_time":"20210124162345","is_ascension_mode":true,"campfire_choices":[{"floor":7,"key":"REST"},{"floor":11,"key":"RECALL"},{"floor":15,"key":"REST"},{"floor":25,"key":"REST"},{"floor":32,"key":"REST"},{"data":"Apotheosis","floor":41,"key":"SMITH"},{"floor":49,"key":"REST"}],"circlet_count":0,"master_deck":["TheCursedMod:Strike_TheCursed","TheCursedMod:Strike_TheCursed","TheCursedMod:Strike_TheCursed","TheCursedMod:Strike_TheCursed","TheCursedMod:Defend_TheCursed","TheCursedMod:Defend_TheCursed","TheCursedMod:Defend_TheCursed","TheCursedMod:Defend_TheCursed","TheCursedMod:CursedWand","TheCursedMod:CleanUpWorkshop","TheCursedMod:Dregs","TheCursedMod:SoulReap","TheCursedMod:SoulReap","TheCursedMod:Grudge","TheCursedMod:Torture","TheCursedMod:CursedStaff+1","TheCursedMod:TroublousMinions","TheCursedMod:DemonSword+1","TheCursedMod:HellfireBreathing","Regret","TheCursedMod:TroublousMinions","TheCursedMod:NeowsMight","CurseOfTheBell","TheCursedMod:CursedMace+1","TheCursedMod:ReleasedStrength","Apotheosis+1","TheCursedMod:AbyssShockwave+1","Finesse","TheCursedMod:UltimatePain","TheCursedMod:CircleOfFlame","TheCursedMod:Stretching","TheCursedMod:SpitefulPray+1","TheCursedMod:Obscuration+1","TheCursedMod:SaltUponWound+1","TheCursedMod:CursedSpellbook","TheCursedMod:Mangle+1","Shame","TheCursedMod:CircleOfCorruption","TheCursedMod:Torture+1","TheCursedMod:CircleOfCorruption","TheCursedMod:SpreadPlague","TheCursedMod:Stretching+1","TheCursedMod:CursedStaff+1","TheCursedMod:ForbiddenAlchemy","TheCursedMod:CursedSpellbook+1","TheCursedMod:Grudge+1","TheCursedMod:HellfireBreathing","TheCursedMod:VitalStrike+1","hubris:DuctTapeCard"],"relics":["TheCursedMod:BlackMagic101","Molten Egg 2","Centennial Puzzle","Mercury Hourglass","Vajra","Calling Bell","TheCursedMod:Tack","hubris:BottledRain","Unceasing Top","Strawberry","hubris:DisguiseKit","InkBottle","Bottled Lightning","hubris:TinFlute","hubris:Backtick","Ice Cream","Boot","hubris:TenFootPole","Mummified Hand","Kunai","Ancient Tea Set","Incense Burner","hubris:DuctTape"],"acts_visited":["Exordium","TheCity","TheBeyond"],"potions_floor_usage":[5,6,8,14,23,23,27,46,46,46,46,46,46,46,46,48,50,50,50,50,50,50],"damage_taken":[{"damage":0,"enemies":"Cultist","floor":1,"turns":3},{"damage":0,"enemies":"2 Louse","floor":2,"turns":2},{"damage":0,"enemies":"Small Slimes","floor":4,"turns":5},{"damage":4,"enemies":"Looter","floor":5,"turns":3},{"damage":46,"enemies":"Lagavulin","floor":6,"turns":9},{"damage":11,"enemies":"3 Sentries","floor":8,"turns":8},{"damage":12,"enemies":"Gremlin Gang","floor":10,"turns":5},{"damage":9,"enemies":"Red Slaver","floor":12,"turns":2},{"damage":9,"enemies":"Lagavulin","floor":14,"turns":5},{"damage":30,"enemies":"Hexaghost","floor":16,"turns":9},{"damage":5,"enemies":"Chosen","floor":18,"turns":3},{"damage":29,"enemies":"Spheric Guardian","floor":19,"turns":4},{"damage":23,"enemies":"Centurion and Healer","floor":21,"turns":3},{"damage":18,"enemies":"Slavers","floor":23,"turns":2},{"damage":18,"enemies":"Cultist and Chosen","floor":24,"turns":5},{"damage":18,"enemies":"Shelled Parasite and Fungi","floor":27,"turns":3},{"damage":38,"enemies":"Gremlin Leader","floor":28,"turns":4},{"damage":0,"enemies":"Sentry and Sphere","floor":29,"turns":3},{"damage":0,"enemies":"3 Cultists","floor":30,"turns":4},{"damage":71,"enemies":"hubris:MusketHawk","floor":33,"turns":6},{"damage":5,"enemies":"3 Darklings","floor":35,"turns":3},{"damage":5,"enemies":"3 Shapes","floor":36,"turns":3},{"damage":20,"enemies":"Jaw Worm Horde","floor":38,"turns":3},{"damage":2,"enemies":"Sphere and 2 Shapes","floor":39,"turns":2},{"damage":5,"enemies":"Nemesis","floor":40,"turns":5},{"damage":10,"enemies":"Reptomancer","floor":42,"turns":5},{"damage":17,"enemies":"Nemesis","floor":44,"turns":8},{"damage":4,"enemies":"4 Shapes","floor":45,"turns":2},{"damage":0,"enemies":"Giant Head","floor":46,"turns":5},{"damage":38,"enemies":"Reptomancer","floor":48,"turns":3},{"damage":89,"enemies":"Time Eater","floor":50,"turns":7}],"seed_played":"-3211685890186619654","potions_obtained":[{"floor":4,"key":"Fire Potion"},{"floor":5,"key":"PowerPotion"},{"floor":6,"key":"Explosive Potion"},{"floor":12,"key":"EssenceOfSteel"},{"floor":16,"key":"BlessingOfTheForge"},{"floor":19,"key":"BlessingOfTheForge"},{"floor":21,"key":"SneckoOil"},{"floor":29,"key":"Dexterity Potion"},{"floor":36,"key":"LiquidMemories"},{"floor":38,"key":"Fire Potion"},{"floor":39,"key":"Explosive Potion"},{"floor":48,"key":"BlessingOfTheForge"}],"is_trial":false,"path_per_floor":["M","M","?","M","M","E","R","E","T","M","R","M","?","E","R","B",null,"M","M","$","M","$","E","M","R","T","M","E","M","M","?","R","B",null,"M","M","?","M","M","E","R","E","T","E","M","E","$","E","R","B"],"character_chosen":"THE_CURSED","items_purchased":["Strawberry","Apotheosis","TheCursedMod:AbyssShockwave+1","Finesse","Dramatic Entrance+1","TheCursedMod:CircleOfFlame","Incense Burner","TheCursedMod:HellfireBreathing"],"campfire_rested":5,"item_purchase_floors":[20,20,20,20,22,22,47,47],"current_hp_per_floor":[82,82,82,82,82,41,65,64,64,60,60,56,56,57,81,63,82,82,59,66,51,51,33,31,57,57,54,36,36,56,56,82,18,89,84,87,87,75,80,89,89,85,85,78,82,89,89,51,77,0,0],"gold":199,"neow_bonus":"TEN_PERCENT_HP_BONUS","is_daily":false,"chose_seed":false,"campfire_upgraded":1,"win_rate":0.0,"timestamp":1611505425,"path_taken":["M","M","?","M","M","E","R","E","T","?","R","M","?","E","R","BOSS","M","M","$","M","$","E","M","R","T","M","E","?","M","?","R","BOSS","M","M","?","M","M","E","R","E","T","E","M","E","$","E","R","BOSS"],"items_purchased_type":["Relic","Card","Card","Card","Card","Card","Relic","Card"],"build_version":"2020-12-22","purchased_purges":0,"victory":false,"max_hp_per_floor":[82,82,82,82,82,82,82,82,82,82,82,82,82,82,82,82,82,82,82,89,89,89,89,89,89,89,89,89,89,89,89,89,89,89,89,89,89,89,89,89,89,89,89,89,89,89,89,89,89,89,89],"card_choices":[{"not_picked":["TheCursedMod:WearCloak","TheCursedMod:CircleOfFocus"],"picked":"TheCursedMod:SoulReap","floor":1},{"not_picked":["TheCursedMod:CircleOfFocus","TheCursedMod:CircleOfWindfury"],"picked":"TheCursedMod:SoulReap","floor":2},{"not_picked":["TheCursedMod:Hemoplague","TheCursedMod:Wield+1"],"picked":"TheCursedMod:Grudge","floor":4},{"not_picked":["TheCursedMod:SoulCrush+1","TheCursedMod:RavingStaff+1"],"picked":"TheCursedMod:Torture","floor":5},{"not_picked":["TheCursedMod:BlessingInDisguise","TheCursedMod:CircleOfCorruption"],"picked":"TheCursedMod:CursedStaff+1","floor":6},{"not_picked":["TheCursedMod:Stigma+1","TheCursedMod:CursedShiv+1"],"picked":"TheCursedMod:TroublousMinions","floor":8},{"not_picked":["TheCursedMod:SpitefulPlan","TheCursedMod:TroublousMinions"],"picked":"TheCursedMod:DemonSword+1","floor":10},{"not_picked":["TheCursedMod:Wield+1","TheCursedMod:VitalStrike+1"],"picked":"TheCursedMod:HellfireBreathing","floor":12},{"not_picked":["TheCursedMod:TacticalStrike+1","TheCursedMod:StingEye+1"],"picked":"TheCursedMod:TroublousMinions","floor":14},{"not_picked":["TheCursedMod:ParallelWorld","TheCursedMod:ShockAndAwe+1"],"picked":"TheCursedMod:NeowsMight","floor":16},{"not_picked":["TheCursedMod:Grudge","TheCursedMod:Hemoplague"],"picked":"TheCursedMod:CursedMace+1","floor":18},{"not_picked":["TheCursedMod:WearCloak","TheCursedMod:CursedAmulet"],"picked":"TheCursedMod:ReleasedStrength","floor":19},{"not_picked":["TheCursedMod:LuckyCharm","TheCursedMod:Evocation"],"picked":"TheCursedMod:UltimatePain","floor":21},{"not_picked":["TheCursedMod:VitalStrike+1","TheCursedMod:ManaBullet+1"],"picked":"TheCursedMod:Stretching","floor":23},{"not_picked":["TheCursedMod:FleshFromBone","TheCursedMod:CursedArmor+1","hierophant:RustyCrate"],"picked":"TheCursedMod:SpitefulPray+1","floor":24},{"not_picked":["TheCursedMod:FleshFromBone+1","TheCursedMod:BlessingInDisguise","hierophant:Shelter"],"picked":"TheCursedMod:Obscuration+1","floor":27},{"not_picked":["TheCursedMod:FuryStrike+1","TheCursedMod:Wield+1","hierophant:SecretStash"],"picked":"TheCursedMod:SaltUponWound+1","floor":28},{"not_picked":["TheCursedMod:CursedArmor","TheCursedMod:VitalStrike+1","hierophant:AuricBeam"],"picked":"TheCursedMod:CursedSpellbook","floor":29},{"not_picked":["TheCursedMod:RapidMovement","TheCursedMod:FuryStrike+1","hierophant:Doubloon"],"picked":"TheCursedMod:Mangle+1","floor":30},{"not_picked":["TheCursedMod:CursedRelics+1","TheCursedMod:DemonSword+1","hierophant:LocustPlague"],"picked":"TheCursedMod:CollectTribute","floor":33},{"not_picked":["TheCursedMod:ManaBullet+1","TheCursedMod:CursedAmulet","hierophant:Charity"],"picked":"TheCursedMod:CircleOfCorruption","floor":35},{"not_picked":["TheCursedMod:RavingStaff+1","TheCursedMod:TacticalStrike+1","hierophant:Prophecy"],"picked":"TheCursedMod:Torture+1","floor":36},{"not_picked":["TheCursedMod:Stigma+1","TheCursedMod:CursedMace+1","hierophant:Cornucopia"],"picked":"TheCursedMod:CircleOfCorruption","floor":38},{"not_picked":["TheCursedMod:FleshFromBone","TheCursedMod:EmpowerCircles+1","hierophant:Repentance"],"picked":"TheCursedMod:SpreadPlague","floor":39},{"not_picked":["TheCursedMod:TacticalStrike+1","TheCursedMod:VitalStrike+1","hierophant:OrnateBuckler"],"picked":"TheCursedMod:Stretching+1","floor":40},{"not_picked":["TheCursedMod:ReleasedStrength","TheCursedMod:RapidMovement","hierophant:Cornucopia"],"picked":"TheCursedMod:CursedStaff+1","floor":42},{"not_picked":["TheCursedMod:SpitefulStrike+1","TheCursedMod:VitalStrike+1","hierophant:MirrorShield"],"picked":"TheCursedMod:ForbiddenAlchemy","floor":44},{"not_picked":["TheCursedMod:Obscuration","TheCursedMod:WearCloak+1","hierophant:Cornucopia"],"picked":"TheCursedMod:CursedSpellbook+1","floor":45},{"not_picked":["TheCursedMod:Stigma+1","TheCursedMod:LuckyCharm","hierophant:Remorse"],"picked":"TheCursedMod:Grudge+1","floor":46},{"not_picked":["TheCursedMod:CursedMace+1","TheCursedMod:FleshFromBone","hierophant:Blessing"],"picked":"TheCursedMod:VitalStrike+1","floor":48}],"player_experience":380766,"relics_obtained":[{"floor":6,"key":"Centennial Puzzle"},{"floor":8,"key":"Mercury Hourglass"},{"floor":14,"key":"Vajra"},{"floor":17,"key":"TheCursedMod:Tack"},{"floor":17,"key":"hubris:BottledRain"},{"floor":17,"key":"Unceasing Top"},{"floor":23,"key":"hubris:DisguiseKit"},{"floor":26,"key":"InkBottle"},{"floor":28,"key":"Bottled Lightning"},{"floor":40,"key":"Boot"},{"floor":42,"key":"hubris:TenFootPole"},{"floor":43,"key":"Mummified Hand"},{"floor":44,"key":"Kunai"},{"floor":46,"key":"Ancient Tea Set"},{"floor":48,"key":"hubris:DuctTape"}],"event_choices":[{"damage_healed":0,"gold_gain":0,"player_choice":"Paid Gold","damage_taken":0,"relics_obtained":["Molten Egg 2"],"max_hp_gain":0,"max_hp_loss":0,"event_name":"WeMeetAgain","floor":3,"gold_loss":82},{"damage_healed":0,"gold_gain":275,"player_choice":"Desecrate","damage_taken":0,"max_hp_gain":0,"max_hp_loss":0,"event_name":"Golden Shrine","floor":13,"gold_loss":0,"cards_obtained":["Regret"]},{"damage_healed":0,"gold_gain":0,"player_choice":"Stole Relic","damage_taken":0,"relics_obtained":["hubris:TinFlute"],"max_hp_gain":0,"max_hp_loss":0,"event_name":"Addict","floor":31,"gold_loss":0,"cards_obtained":["Shame"]},{"damage_healed":0,"gold_gain":0,"player_choice":"Ignored","damage_taken":0,"max_hp_gain":0,"max_hp_loss":0,"event_name":"Fountain of Cleansing","floor":37,"gold_loss":0}],"is_beta":false,"boss_relics":[{"not_picked":["Runic Dome","hubris:CrackedHourglass"],"picked":"Calling Bell"},{"not_picked":["hubris:RunicObelisk","Runic Pyramid"],"picked":"hubris:Backtick"}],"items_purged_floors":[],"is_endless":false,"potions_floor_spawned":[4,5,6,12,16,19,21,29,36,38,39,44,48],"killed_by":"Time Eater","ascension_level":2}}