{"host":"8ztb9kwpjc2zof9s","time":1611523462,"event":{"mods":["BaseMod","Block Reminder","Curses Come First","Minty Spire (QoL Compilation)","Relic Stats","StSLib"],"gold_per_floor":[213,213,228,245,245,275,245,245,245,264,264,283,283,74,74,173,173,189,172,172,172],"floor_reached":20,"language":"ENG","playtime":898,"items_purged":[],"score":200,"play_id":"1326752e-9882-4a2a-a996-d38dc1402858","local_time":"20210124132422","is_ascension_mode":true,"campfire_choices":[{"floor":8,"key":"REST"},{"floor":11,"key":"REST"},{"data":"Halt","floor":13,"key":"SMITH"},{"data":"FlyingSleeves","floor":15,"key":"SMITH"}],"circlet_count":0,"master_deck":["Strike_P","Strike_P","Strike_P","Strike_P","Defend_P+1","Defend_P","Defend_P","Defend_P","Eruption+1","Vigilance","EmptyBody","CutThroughFate","Wireheading","Halt+1","FlyingSleeves+1","Crescendo","DevaForm+1","WreathOfFlame","ThirdEye"],"relics":["PureWater","Frozen Egg 2","Bag of Marbles","Medical Kit","VioletLotus"],"acts_visited":["Exordium","TheCity"],"potions_floor_usage":[6,16,18],"damage_taken":[{"damage":0,"enemies":"Small Slimes","floor":1,"turns":5},{"damage":0,"enemies":"2 Louse","floor":3,"turns":2},{"damage":2,"enemies":"Jaw Worm","floor":4,"turns":5},{"damage":50,"enemies":"Gremlin Nob","floor":6,"turns":5},{"damage":20,"enemies":"Lots of Slimes","floor":10,"turns":5},{"damage":0,"enemies":"Looter","floor":12,"turns":5},{"damage":22,"enemies":"The Guardian","floor":16,"turns":12},{"damage":35,"enemies":"Shell Parasite","floor":18,"turns":8},{"damage":34,"enemies":"2 Thieves","floor":19,"turns":4},{"damage":8,"enemies":"Cultist and Chosen","floor":20,"turns":6}],"seed_played":"8267934097899053435","potions_obtained":[{"floor":4,"key":"Dexterity Potion"},{"floor":12,"key":"PowerPotion"},{"floor":16,"key":"Block Potion"}],"is_trial":false,"path_per_floor":["M","?","M","M","?","E","?","R","T","M","R","M","R","$","R","B",null,"M","M","M"],"character_chosen":"WATCHER","items_purchased":["Crescendo","Medical Kit"],"campfire_rested":2,"item_purchase_floors":[14,14],"current_hp_per_floor":[72,58,58,56,61,11,11,34,34,14,37,37,37,37,37,15,77,42,8,0,0],"gold":172,"neow_bonus":"HUNDRED_GOLD","is_daily":false,"chose_seed":false,"campfire_upgraded":2,"win_rate":0.0,"timestamp":1611523462,"path_taken":["M","?","M","M","?","E","?","R","T","M","R","M","R","?","R","BOSS","M","?","M"],"items_purchased_type":["Card","Relic"],"build_version":"2020-12-22","purchased_purges":0,"victory":false,"max_hp_per_floor":[72,72,72,72,77,77,77,77,77,77,77,77,77,77,77,77,77,77,77,77,77],"relic_stats":{"counters":[10,57],"VioletLotus":[3],"Medical Kit":[3],"obtain_stats":[{"VioletLotus":17,"Bag of Marbles":9,"PureWater":0,"Frozen Egg 2":6,"Medical Kit":14},{"VioletLotus":7,"Bag of Marbles":4,"PureWater":0,"Frozen Egg 2":4,"Medical Kit":6},{"VioletLotus":39,"Bag of Marbles":17,"PureWater":0,"Frozen Egg 2":17,"Medical Kit":27}]},"card_choices":[{"not_picked":["CrushJoints","Pray"],"picked":"EmptyBody","floor":1},{"not_picked":["MentalFortress","Consecrate"],"picked":"CutThroughFate","floor":3},{"not_picked":["InnerPeace","Indignation"],"picked":"Wireheading","floor":4},{"not_picked":["SignatureMove","CrushJoints"],"picked":"Halt","floor":6},{"not_picked":["CrushJoints","Sanctity","CutThroughFate"],"picked":"SKIP","floor":10},{"not_picked":["Consecrate","TalkToTheHand"],"picked":"FlyingSleeves","floor":12},{"not_picked":["Brilliance","Ragnarok"],"picked":"DevaForm+1","floor":16},{"not_picked":["SashWhip+1","PathToVictory"],"picked":"WreathOfFlame","floor":18},{"not_picked":["CutThroughFate+1","Prostrate"],"picked":"ThirdEye","floor":19}],"player_experience":269146,"relics_obtained":[{"floor":6,"key":"Frozen Egg 2"},{"floor":9,"key":"Bag of Marbles"}],"event_choices":[{"damage_healed":0,"gold_gain":0,"player_choice":"Entered Light","damage_taken":14,"max_hp_gain":0,"max_hp_loss":0,"event_name":"Shining Light","floor":2,"gold_loss":0,"cards_upgraded":["Eruption","Defend_P"]},{"damage_healed":0,"gold_gain":0,"player_choice":"Donut","damage_taken":0,"max_hp_gain":5,"max_hp_loss":0,"event_name":"Big Fish","floor":5,"gold_loss":0},{"damage_healed":0,"gold_gain":0,"player_choice":"Left Gold","damage_taken":0,"max_hp_gain":0,"max_hp_loss":0,"event_name":"World of Goop","floor":7,"gold_loss":30}],"is_beta":false,"boss_relics":[{"not_picked":["Philosopher\u0027s Stone","Pandora\u0027s Box"],"picked":"VioletLotus"}],"items_purged_floors":[],"is_endless":false,"potions_floor_spawned":[4,12,16],"killed_by":"Cultist and Chosen","ascension_level":3}}