{"host":"bplbr8uekuotory4","time":1611489620,"event":{"mods":["Act Like it!","BaseMod","Custom Start","Gensokyo","GungeonMod","Hermit","KinomotoSakuraMod(木之本樱)","Marisa（F雨　魔理沙）","Minty Spire (QoL Compilation)","Prisma Mod","Quick Restart","Reimu（博丽灵梦）","Replay The Spire","SOS（斯巴达之子）","Spicy Shops","StSLib","TestMod","The Blackbeard","The Cursed","The Mystic","The Poker Player","The Runesmith","The Saiyan","The Senshi","The Servant 0.9.4","Yuri Mod","[IsaacMod]以撒尖塔"],"gold_per_floor":[110,110,35,52,75,104,115,150,231,270,282,294,306,318,330,342,342],"floor_reached":16,"language":"ZHS","playtime":265,"items_purged":["Defend_G"],"score":240,"play_id":"6211b093-6439-4aa8-96b7-b827fcbfc087","local_time":"20210124200020","is_ascension_mode":true,"campfire_choices":[{"data":"Bullet Time","floor":12,"key":"SMITH"},{"data":"Neutralize","floor":15,"key":"SMITH"}],"circlet_count":0,"master_deck":["AscendersBane","Strike_G","Strike_G","Strike_G","Strike_G","Defend_G","Defend_G","Defend_G","Defend_G","Survivor","Neutralize+1","ReplayTheSpireMod:Speed Training","PiercingWail","Bullet Time+1"],"relics":["Ring of the Snake","testmod-TestBox","HushsDoor","GuppysPaw","testmod-ArcanaOfDestiny","NeowsBlessing","Juzu Bracelet","RuthlessExorcism:ReiMu","Lantern","MawBank","Calipers","Golden Idol"],"acts_visited":["Exordium"],"potions_floor_usage":[8],"damage_taken":[{"damage":0,"enemies":"Jaw Worm","floor":1,"turns":1},{"damage":0,"enemies":"2 Louse","floor":4,"turns":1},{"damage":0,"enemies":"3 Sentries","floor":6,"turns":1},{"damage":0,"enemies":"Cultist","floor":7,"turns":4},{"damage":10,"enemies":"Gremlin Nob","floor":8,"turns":3},{"damage":33,"enemies":"Lagavulin","floor":10,"turns":8},{"damage":0,"enemies":"Slime Boss","floor":16,"turns":1}],"seed_played":"-2577847512373925189","potions_obtained":[{"floor":6,"key":"Poison Potion"}],"is_trial":false,"path_per_floor":["M","?","$","M","T","E","M","E","T","E","?","R","?","?","R","B"],"character_chosen":"THE_SILENT","items_purchased":[],"campfire_rested":0,"item_purchase_floors":[],"current_hp_per_floor":[59,52,52,52,52,52,52,42,42,9,9,9,9,9,9,9,9],"gold":342,"neow_bonus":"THREE_ENEMY_KILL","is_daily":false,"chose_seed":false,"campfire_upgraded":2,"win_rate":0.0,"timestamp":1611489620,"path_taken":["M","?","$","M","?","E","M","E","T","E","?","R","?","?","R","BOSS"],"items_purchased_type":[],"build_version":"2020-12-22","purchased_purges":1,"victory":false,"max_hp_per_floor":[66,66,66,66,66,66,66,66,66,66,66,66,66,61,61,61,61],"card_choices":[{"not_picked":[],"picked":"Bomb","floor":0},{"not_picked":["Predator","Quick Slash","PiercingWail"],"picked":"SKIP","floor":1},{"not_picked":["Blade Dance","Tactician"],"picked":"ReplayTheSpireMod:Speed Training","floor":4},{"not_picked":["Terror","Deadly Poison","Choke"],"picked":"SKIP","floor":6},{"not_picked":["Sucker Punch","Footwork"],"picked":"PiercingWail","floor":7},{"not_picked":["Atom Bomb","Replay:Poison Smokescreen"],"picked":"Bomb","floor":8},{"not_picked":["Night Terror","Underhanded Strike","Footwork"],"picked":"SKIP","floor":10}],"player_experience":1195880,"relics_obtained":[{"floor":5,"key":"RuthlessExorcism:ReiMu"},{"floor":6,"key":"Lantern"},{"floor":8,"key":"MawBank"},{"floor":10,"key":"Calipers"}],"event_choices":[{"damage_healed":0,"gold_gain":0,"player_choice":"Success","damage_taken":7,"relics_obtained":["Juzu Bracelet"],"max_hp_gain":0,"max_hp_loss":0,"event_name":"Scrap Ooze","floor":2,"gold_loss":0},{"damage_healed":0,"gold_gain":0,"cards_transformed":["Strike_G"],"player_choice":"Transformed","damage_taken":0,"max_hp_gain":0,"max_hp_loss":0,"event_name":"Transmorgrifier","floor":11,"gold_loss":0,"cards_obtained":["Bullet Time"]},{"damage_healed":0,"gold_gain":0,"player_choice":"Lose Max HP","damage_taken":0,"relics_obtained":["Golden Idol"],"max_hp_gain":0,"max_hp_loss":5,"event_name":"Golden Idol","floor":14,"gold_loss":0}],"is_beta":false,"boss_relics":[],"items_purged_floors":[3],"is_endless":false,"potions_floor_spawned":[6],"killed_by":"Slime Boss","ascension_level":14}}