{"host":"syozzdlzcqop4jia","time":1611461770,"event":{"mods":["BaseMod","Colored Powertips","Minty Spire (QoL Compilation)","Quick Restart"],"gold_per_floor":[117,117,33,46,46,73,73,73,73,92,102,102,136,35,35,132,132,150,150,222,222,321,321,331,349,349,349,360,360,371,89,89,193,193,213,213,213,69,81,106,151,151,151],"floor_reached":42,"language":"ENG","playtime":2508,"items_purged":["Defend_R","Strike_R"],"score":500,"play_id":"3dc01fd7-b4b8-4c0c-ad99-ca0f0796b64c","local_time":"20210124051610","is_ascension_mode":true,"campfire_choices":[{"data":"Infernal Blade","floor":7,"key":"SMITH"},{"data":"Inflame","floor":12,"key":"SMITH"},{"data":"Sword Boomerang","floor":15,"key":"SMITH"},{"data":"Flex","floor":23,"key":"SMITH"},{"floor":27,"key":"REST"},{"data":"Heavy Blade","floor":29,"key":"SMITH"},{"data":"Bludgeon","floor":32,"key":"SMITH"}],"circlet_count":0,"master_deck":["Strike_R","Strike_R","Strike_R","Strike_R","Defend_R+1","Defend_R+1","Defend_R","Bash+1","Heavy Blade+1","Inflame+1","Iron Wave","Anger","Infernal Blade+1","Twin Strike","Demon Form","Sword Boomerang+1","Shrug It Off","Exhume","Flex+1","Perfected Strike","Heavy Blade+1","Carnage+1","Reckless Charge","Iron Wave","Flex","Bludgeon+1","Immolate","Twin Strike+1","Perfected Strike+1","Writhe","Perfected Strike","Perfected Strike","Ghostly Armor","Flex+1"],"relics":["Burning Blood","Matryoshka","Peace Pipe","Gremlin Horn","Toy Ornithopter","Kunai","Sozu","Oddly Smooth Stone","Mercury Hourglass","Prayer Wheel","Fusion Hammer","PreservedInsect","War Paint","Bird Faced Urn"],"acts_visited":["Exordium","TheCity","TheBeyond"],"potions_floor_usage":[6,13,25],"damage_taken":[{"damage":6,"enemies":"Jaw Worm","floor":1,"turns":5},{"damage":1,"enemies":"Cultist","floor":4,"turns":3},{"damage":21,"enemies":"Lagavulin","floor":6,"turns":5},{"damage":0,"enemies":"Small Slimes","floor":10,"turns":2},{"damage":0,"enemies":"2 Fungi Beasts","floor":11,"turns":2},{"damage":4,"enemies":"3 Sentries","floor":13,"turns":5},{"damage":48,"enemies":"Hexaghost","floor":16,"turns":7},{"damage":1,"enemies":"Spheric Guardian","floor":18,"turns":3},{"damage":6,"enemies":"Chosen","floor":24,"turns":3},{"damage":25,"enemies":"Snake Plant","floor":25,"turns":5},{"damage":11,"enemies":"Sentry and Sphere","floor":28,"turns":3},{"damage":18,"enemies":"Chosen and Byrds","floor":30,"turns":5},{"damage":53,"enemies":"Collector","floor":33,"turns":8},{"damage":30,"enemies":"3 Shapes","floor":35,"turns":2},{"damage":9,"enemies":"Orb Walker","floor":39,"turns":3},{"damage":18,"enemies":"Giant Head","floor":40,"turns":5},{"damage":35,"enemies":"2 Orb Walkers","floor":41,"turns":3},{"damage":45,"enemies":"Nemesis","floor":42,"turns":2}],"seed_played":"-3079676461762419601","potions_obtained":[{"floor":6,"key":"BloodPotion"},{"floor":11,"key":"Block Potion"},{"floor":16,"key":"LiquidBronze"}],"is_trial":false,"path_per_floor":["M","?","$","M","?","E","R","?","T","M","M","R","E","$","R","B",null,"M","?","T","?","?","R","M","M","T","R","M","R","M","$","R","B",null,"M","?","?","$","M","E","?","E"],"character_chosen":"IRONCLAD","items_purchased":["Inflame","Iron Wave","Shrug It Off","Flex","Bludgeon","PreservedInsect"],"campfire_rested":1,"item_purchase_floors":[3,3,14,31,31,38],"current_hp_per_floor":[80,80,80,80,62,63,63,63,63,69,75,75,80,80,80,38,80,80,65,65,65,65,65,65,51,51,76,71,71,59,59,59,12,85,61,61,82,82,79,67,38,0,0],"gold":151,"neow_bonus":"UPGRADE_CARD","is_daily":false,"chose_seed":false,"campfire_upgraded":6,"win_rate":0.0,"timestamp":1611461770,"path_taken":["M","?","$","?","?","E","R","?","T","M","M","R","E","?","R","BOSS","M","?","?","?","?","R","M","M","T","R","?","R","M","?","R","BOSS","M","?","?","$","M","E","?","E"],"items_purchased_type":["Card","Card","Card","Card","Card","Relic"],"build_version":"2020-12-22","purchased_purges":2,"victory":false,"max_hp_per_floor":[80,80,80,80,80,80,80,80,80,80,80,80,80,80,80,80,80,80,85,85,85,85,85,85,85,85,85,85,85,85,85,85,85,85,85,85,85,85,85,85,85,85,85],"card_choices":[{"not_picked":["Whirlwind","True Grit"],"picked":"Heavy Blade","floor":1},{"not_picked":["Clash","Armaments"],"picked":"Anger","floor":4},{"not_picked":["Pommel Strike","Whirlwind"],"picked":"Infernal Blade","floor":6},{"not_picked":["Reckless Charge","Warcry"],"picked":"Twin Strike","floor":10},{"not_picked":["Clothesline","Warcry"],"picked":"Demon Form","floor":11},{"not_picked":["Thunderclap","Feel No Pain"],"picked":"Sword Boomerang","floor":13},{"not_picked":["Brutality","Impervious"],"picked":"Exhume","floor":16},{"not_picked":["Cleave","True Grit"],"picked":"Flex","floor":18},{"not_picked":["Dual Wield","Wild Strike"],"picked":"Heavy Blade","floor":24},{"not_picked":["Sword Boomerang","Perfected Strike"],"picked":"Ghostly Armor","floor":25},{"not_picked":["Burning Pact","Sword Boomerang+1"],"picked":"Carnage+1","floor":28},{"not_picked":["Burning Pact","Intimidate"],"picked":"Reckless Charge","floor":28},{"not_picked":["Combust","Clothesline+1"],"picked":"Iron Wave","floor":30},{"not_picked":["Hemokinesis","Double Tap","Power Through"],"picked":"SKIP","floor":30},{"not_picked":["Exhume","Fiend Fire"],"picked":"Immolate","floor":33},{"not_picked":["Rampage","Sword Boomerang+1"],"picked":"Twin Strike+1","floor":35},{"not_picked":["Sword Boomerang","Clothesline"],"picked":"Perfected Strike+1","floor":35},{"not_picked":["Rampage","Headbutt"],"picked":"Perfected Strike","floor":39},{"not_picked":["Headbutt+1","Brutality"],"picked":"Perfected Strike","floor":39},{"not_picked":["True Grit+1","Headbutt+1"],"picked":"Ghostly Armor","floor":40},{"not_picked":["Bloodletting+1","Perfected Strike"],"picked":"Flex+1","floor":41}],"player_experience":334833,"relics_obtained":[{"floor":6,"key":"Peace Pipe"},{"floor":9,"key":"Gremlin Horn"},{"floor":9,"key":"Toy Ornithopter"},{"floor":13,"key":"Kunai"},{"floor":20,"key":"Oddly Smooth Stone"},{"floor":20,"key":"Mercury Hourglass"},{"floor":26,"key":"Prayer Wheel"},{"floor":40,"key":"War Paint"},{"floor":41,"key":"Bird Faced Urn"}],"event_choices":[{"damage_healed":0,"gold_gain":0,"player_choice":"Forge","damage_taken":0,"max_hp_gain":0,"max_hp_loss":0,"event_name":"Accursed Blacksmith","floor":2,"gold_loss":0,"cards_upgraded":["Heavy Blade"]},{"damage_healed":0,"gold_gain":0,"player_choice":"Success","damage_taken":18,"relics_obtained":["Matryoshka"],"max_hp_gain":0,"max_hp_loss":0,"event_name":"Scrap Ooze","floor":5,"gold_loss":0},{"damage_healed":0,"gold_gain":0,"player_choice":"Ignored","damage_taken":0,"max_hp_gain":0,"max_hp_loss":0,"event_name":"Liars Game","floor":8,"gold_loss":0},{"damage_healed":0,"gold_gain":0,"player_choice":"Shed Blood","damage_taken":20,"max_hp_gain":5,"max_hp_loss":0,"event_name":"Forgotten Altar","floor":19,"gold_loss":0},{"damage_healed":0,"gold_gain":0,"player_choice":"Read","damage_taken":0,"max_hp_gain":0,"max_hp_loss":0,"event_name":"The Library","floor":21,"gold_loss":0,"cards_obtained":["Perfected Strike"]},{"damage_healed":0,"gold_gain":99,"player_choice":"Stole From Cult","damage_taken":0,"max_hp_gain":0,"max_hp_loss":0,"event_name":"Nest","floor":22,"gold_loss":0},{"cards_removed":["Ghostly Armor"],"damage_healed":0,"gold_gain":0,"player_choice":"Removed Skill","damage_taken":0,"max_hp_gain":0,"max_hp_loss":0,"event_name":"Falling","floor":36,"gold_loss":0},{"damage_healed":21,"gold_gain":0,"player_choice":"Writhe","damage_taken":0,"max_hp_gain":0,"max_hp_loss":0,"event_name":"Winding Halls","floor":37,"gold_loss":0,"cards_obtained":["Writhe"]},{"damage_healed":0,"gold_gain":0,"player_choice":"Fight","damage_taken":0,"max_hp_gain":0,"max_hp_loss":0,"event_name":"Mysterious Sphere","floor":41,"gold_loss":0}],"is_beta":false,"boss_relics":[{"not_picked":["Black Blood","SlaversCollar"],"picked":"Sozu"},{"not_picked":["Mark of Pain","Calling Bell"],"picked":"Fusion Hammer"}],"items_purged_floors":[14,31],"is_endless":false,"potions_floor_spawned":[6,11,16,25,33,35],"killed_by":"Nemesis","ascension_level":2}}