{"host":"i58uscbei3sy5089","time":1611491321,"event":{"mods":["ATMod(°¢èªMod)","Act Like it!","BaseMod","Challenge The Spire","Colored Powertips","Conspire","Gensokyo","Infinite Spire","Lobotomy","LobotomyExtend","Minty Spire (QoL Compilation)","MostiFishMod","Quick Restart","Replay The Spire","Shop Mod","Spicy Shops","StSLib","TestMod","UnlockEverythingMod","[IsaacMod]ÒÔÈö¼âËþ","vexMod","¡¾¹¦ÄÜMod¡¿»ìãçÖ®»·ÐÞ¸´²¹¶¡","¡¾ÒÅÎï¿¨ÅÆ¡¿REMEMod","óô»ðÖ¸ÄÏ"],"gold_per_floor":[113,125,145,195,208,208,208,82,82,99,416,651,665,665,665,766,766,782,795,813,813,824,824,824],"floor_reached":23,"language":"ZHS","playtime":1540,"items_purged":["SpecialBullet"],"score":307,"play_id":"e944f7a2-a7e3-4e60-b4c3-7577461f5a0e","local_time":"20210124202841","is_ascension_mode":true,"campfire_choices":[{"data":"Mimicry","floor":6,"key":"SMITH"},{"data":"Adoration","floor":15,"key":"SMITH"}],"circlet_count":0,"master_deck":["SpecialBullet","SpecialBullet","SpecialBullet","SpecialBullet","SpecialBullet","AT_DiedThrough","Power Through","Heaven","Mimicry+1","InformationCode","Adoration+1","LongBird","SecurityCode","SoundOfStar","OSAHOGD"],"relics":["CogitoBucket","testmod-TestBox","HushsDoor","KeepersGift","DaveBox","AT_ATBox","REME_ComplimentaryCards","testmod-TimeTraveler","Transparent","SynthV:TestCard","LetterFromLob","StrikeDummy","Bronze Scales","conspire:Boomerang","BehaviorAdjustment","LaetitiaHeart","InspiredRelic","ShadowXiaoBlade","RottenBaby","SkinProphecy"],"acts_visited":["Exordium","Gensokyo:Gensokyo"],"potions_floor_usage":[12],"damage_taken":[{"damage":14,"enemies":"Gensokyo:3_Fairies","floor":1,"turns":2},{"damage":11,"enemies":"Gensokyo:2_Kodama","floor":2,"turns":2},{"damage":7,"enemies":"Gensokyo:Python","floor":3,"turns":1},{"damage":7,"enemies":"Hiden Room Battle","floor":4,"turns":2},{"damage":7,"enemies":"Gensokyo:5_Fairies","floor":5,"turns":2},{"damage":40,"enemies":"Gensokyo:Python_and_Kodama","floor":10,"turns":4},{"damage":7,"enemies":"Gensokyo:3_Kodama","floor":11,"turns":2},{"damage":7,"enemies":"Gensokyo:Cirno","floor":12,"turns":4},{"damage":7,"enemies":"Gensokyo:5_Fairies","floor":13,"turns":2},{"damage":7,"enemies":"Gensokyo:2_Rabbits","floor":14,"turns":1},{"damage":7,"enemies":"Gensokyo:2_Rabbits","floor":14,"turns":1},{"damage":7,"enemies":"Gensokyo:2_Rabbits","floor":14,"turns":1},{"damage":30,"enemies":"Gensokyo:Yukari","floor":16,"turns":3},{"damage":21,"enemies":"Gensokyo:Chomper","floor":18,"turns":4},{"damage":20,"enemies":"Gensokyo:AngelMirror","floor":19,"turns":1},{"damage":0,"enemies":"Gensokyo:Slime_Group","floor":20,"turns":2},{"damage":10,"enemies":"Gensokyo:Chomper_and_Gloop","floor":22,"turns":2},{"damage":55,"enemies":"Nightmare","floor":23,"turns":3}],"seed_played":"6140239904675931792","potions_obtained":[{"floor":2,"key":"EssenceOfSteel"},{"floor":10,"key":"AttackPotion"},{"floor":12,"key":"testmod-SpacePotion"},{"floor":13,"key":"Fire Potion"},{"floor":16,"key":"SmokeBomb"}],"is_trial":false,"path_per_floor":["M","M","M","?","M","R","$","COS","T","M","M","E","M","M","R","B",null,"M","M","M","?","M","NM"],"character_chosen":"Angela","items_purchased":["RottenBaby"],"campfire_rested":0,"item_purchase_floors":[17],"current_hp_per_floor":[70,70,70,70,70,70,70,70,70,70,70,70,70,70,70,70,49,49,51,57,57,59,0,0],"gold":824,"neow_bonus":"THREE_CARDS","is_daily":false,"chose_seed":false,"campfire_upgraded":2,"win_rate":0.0,"timestamp":1611491321,"path_taken":["M","M","M","?","M","R","?","COS","T","M","M","E","M","M","R","BOSS","M","M","M","?","?","NM"],"items_purchased_type":["Relic"],"build_version":"2020-12-22","purchased_purges":1,"victory":false,"max_hp_per_floor":[70,70,70,70,70,70,70,70,70,70,70,70,70,70,70,70,49,49,51,57,57,59,61,61],"card_choices":[{"not_picked":[],"picked":"ChaosCard","floor":0},{"not_picked":["SomewhereSpear","BlackSwan_ego"],"picked":"Heaven","floor":0},{"not_picked":["FourthMatchFlame"],"picked":"Mimicry","floor":1},{"not_picked":["InTheNameOfLoveAndHate","RedEyes","Mimicry","Gaze"],"picked":"SKIP","floor":2},{"not_picked":["Spore","Pleasure","Loneliness","Wingbeat"],"picked":"SKIP","floor":3},{"not_picked":["ShedSkin","InTheNameOfLoveAndHate","Lamp","CUTE"],"picked":"SKIP","floor":5},{"not_picked":["Discord+1","Christmas+1","CUTE+1","CherryBlossom+1"],"picked":"SKIP","floor":10},{"not_picked":["Tough","CUTE","Logging","TodaysExpression"],"picked":"SKIP","floor":10},{"not_picked":["ParadiseLost","Mimicry","Twilight"],"picked":"Adoration","floor":11},{"not_picked":["Diffraction","Heaven","Horn","FrostShard"],"picked":"SKIP","floor":11},{"not_picked":["PunishingBird","Wellcheers"],"picked":"LongBird","floor":12},{"not_picked":["Amita","WristCuter","Moonlight","Mimicry"],"picked":"SKIP","floor":12},{"not_picked":["Regret_ego","Logging","Loneliness","Tough"],"picked":"SKIP","floor":13},{"not_picked":["TheSmile","Mimicry","Justitia"],"picked":"SoundOfStar","floor":16},{"not_picked":["Tough","Regret_ego","ShedSkin","Christmas+1"],"picked":"SKIP","floor":18},{"not_picked":["Lamp","Pleasure","Moonlight","Wingbeat+1"],"picked":"SKIP","floor":19},{"not_picked":["SingingMachine","HappyTeddy"],"picked":"OSAHOGD","floor":20},{"not_picked":["Ecstasy","Discord+1","Harmony+1","GreenStem"],"picked":"SKIP","floor":20},{"not_picked":["TodaysExpression","Horn+1","Wingbeat","CherryBlossom"],"picked":"SKIP","floor":22}],"player_experience":588672,"relics_obtained":[{"floor":1,"key":"SynthV:TestCard"},{"floor":1,"key":"LetterFromLob"},{"floor":4,"key":"StrikeDummy"},{"floor":4,"key":"Bronze Scales"},{"floor":9,"key":"conspire:Boomerang"},{"floor":12,"key":"ReplayTheSpireMod:TigerMarble"}],"event_choices":[{"damage_healed":0,"gold_gain":0,"player_choice":"Fight","damage_taken":0,"max_hp_gain":0,"max_hp_loss":0,"event_name":"HidenRoomEvent","floor":4,"gold_loss":0}],"is_beta":false,"boss_relics":[{"not_picked":["xbg","REME_ChargedStone"],"picked":"ShadowXiaoBlade"},{"not_picked":[]}],"items_purged_floors":[17],"is_endless":false,"potions_floor_spawned":[2,10,12,13,14,16,18,22],"killed_by":"Nightmare","ascension_level":8}}