{"host":"z9mq1tf06lkrncmk","time":1611465442,"event":{"mods":["BaseMod","Downfall","Minty Spire (QoL Compilation)","StSLib"],"gold_per_floor":[118,118,133,133,144,144,156,189,243,243,243,243,257,257,257,257,257],"floor_reached":16,"language":"ENG","playtime":397,"items_purged":[],"score":120,"play_id":"29339c33-fbcc-4519-9252-5c7165a2823c","local_time":"20210124001722","is_ascension_mode":true,"campfire_choices":[{"data":"Whirlwind","floor":6,"key":"SMITH"},{"data":"Heavy Blade","floor":10,"key":"SMITH"},{"floor":12,"key":"RECALL"},{"floor":15,"key":"REST"}],"circlet_count":0,"master_deck":["Strike_R","Strike_R","Strike_R","Strike_R","Strike_R","Defend_R","Defend_R","Defend_R","Defend_R","Bash+1","Cleave+1","Heavy Blade+1","Whirlwind+1","Seeing Red"],"relics":["Burning Blood","The Courier","Whetstone","Golden Idol","Blue Candle"],"acts_visited":["Exordium"],"potions_floor_usage":[8,16],"damage_taken":[{"damage":9,"enemies":"2 Louse","floor":1,"turns":4},{"damage":5,"enemies":"Small Slimes","floor":3,"turns":4},{"damage":9,"enemies":"Jaw Worm","floor":5,"turns":5},{"damage":9,"enemies":"Blue Slaver","floor":7,"turns":4},{"damage":32,"enemies":"Gremlin Nob","floor":8,"turns":4},{"damage":16,"enemies":"Exordium Wildlife","floor":13,"turns":4},{"damage":70,"enemies":"The Guardian","floor":16,"turns":9}],"seed_played":"-498171024873504739","potions_obtained":[{"floor":3,"key":"BloodPotion"},{"floor":13,"key":"hexamod:SoulburnPotion"}],"is_trial":false,"path_per_floor":["M","?","M","$","M","R","M","E","T","R","?","R","M","?","R","B"],"character_chosen":"IRONCLAD","items_purchased":[],"campfire_rested":1,"item_purchase_floors":[],"current_hp_per_floor":[85,85,86,86,83,83,80,71,71,71,71,71,61,56,80,10,10],"gold":257,"neow_bonus":"TEN_PERCENT_HP_BONUS","is_daily":false,"chose_seed":false,"campfire_upgraded":2,"win_rate":0.0,"timestamp":1611465442,"path_taken":["M","?","M","$","M","R","M","E","T","R","?","R","?","?","R","BOSS"],"items_purchased_type":[],"build_version":"2020-12-22","purchased_purges":0,"victory":false,"max_hp_per_floor":[88,88,88,88,88,88,88,88,88,88,81,81,81,81,81,81,81],"card_choices":[{"not_picked":["Iron Wave","Pommel Strike"],"picked":"Cleave","floor":1},{"not_picked":["Cleave","Rupture"],"picked":"Heavy Blade","floor":3},{"not_picked":["Intimidate","Hemokinesis"],"picked":"Whirlwind","floor":5},{"not_picked":["True Grit","Sword Boomerang","Pummel"],"picked":"SKIP","floor":7},{"not_picked":["Reckless Charge","Sword Boomerang","Feel No Pain"],"picked":"SKIP","floor":8},{"not_picked":["True Grit","Intimidate"],"picked":"Seeing Red","floor":13}],"player_experience":388835,"relics_obtained":[{"floor":8,"key":"The Courier"},{"floor":9,"key":"Whetstone"}],"event_choices":[{"damage_healed":0,"gold_gain":0,"player_choice":"Leave","damage_taken":0,"max_hp_gain":0,"max_hp_loss":0,"event_name":"The Cleric","floor":2,"gold_loss":0},{"damage_healed":0,"gold_gain":0,"player_choice":"Lose Max HP","damage_taken":0,"relics_obtained":["Golden Idol"],"max_hp_gain":0,"max_hp_loss":7,"event_name":"Golden Idol","floor":11,"gold_loss":0}],"is_beta":false,"boss_relics":[],"items_purged_floors":[],"is_endless":false,"potions_floor_spawned":[3,13],"killed_by":"The Guardian","ascension_level":4}}