{"host":"f6w7z8zvb0mi4wy9","time":1611518285,"event":{"mods":["BaseMod","Colored Map","Minty Spire (QoL Compilation)","READ ME - Guardian Mod","StSLib","SuperFastMode","The Jungle"],"gold_per_floor":[116,19,29,29,29,64,64,95,95,108,108,142,163,177,177,303,303,317,157,20,20,43,43,84,84,84,127,127,161,17,36,36,159,159,180,57,57,420,46,86,419,445,445,464,491,491,506,506,506,506,506,506,19,46,46],"floor_reached":56,"language":"KOR","playtime":1865,"items_purged":["Strike_B"],"score":1958,"play_id":"d716b6f8-2e78-46d4-9747-2b53d0209a80","local_time":"20210125045805","is_ascension_mode":true,"campfire_choices":[{"data":"Zap","floor":7.0,"key":"SMITH"},{"data":"Dualcast","floor":15.0,"key":"SMITH"},{"data":"Go for the Eyes","floor":23.0,"key":"SMITH"},{"floor":25.0,"key":"REST"},{"floor":28.0,"key":"REST"},{"floor":32.0,"key":"RECALL"},{"data":"Beam Cell","floor":46,"key":"SMITH"},{"floor":49,"key":"REST"},{"data":"Hologram","floor":52,"key":"SMITH"}],"circlet_count":0,"master_deck":["Strike_B","Strike_B+1","Strike_B","Defend_B","Defend_B+1","Defend_B","Defend_B","Zap+1","Dualcast+1","Static Discharge","Dramatic Entrance+1","Cold Snap","All For One","Chill","Capacitor","White Noise+1","All For One","Swift Strike","Swift Strike","Go for the Eyes+1","Chill","Steam+1","Reboot","Defragment+1","Swift Strike","Defragment+1","Heatsinks+1","Redo+1","BootSequence+1","Beam Cell+1","Hologram+1","Steam","Hologram","Hello World+1","Panache+1","Barrage"],"relics":["Cracked Core","NeowsBlessing","Singing Bowl","Lizard Tail","Gremlin Horn","Sozu","Pear","Question Card","Pantograph","WingedGreaves","Membership Card","Nuclear Battery","HandDrill","Old Coin","Frozen Egg 2","Toolbox","Incense Burner","InkBottle","Ice Cream","StrikeDummy","Nunchaku","TungstenRod","War Paint","Frozen Eye","Pocketwatch"],"acts_visited":["Exordium","TheCity","TheBeyond","TheEnding"],"potions_floor_usage":[],"damage_taken":[{"damage":0.0,"enemies":"Small Slimes","floor":1.0,"turns":1.0},{"damage":0.0,"enemies":"Jaw Worm","floor":3.0,"turns":1.0},{"damage":0.0,"enemies":"Lagavulin","floor":6.0,"turns":1.0},{"damage":8.0,"enemies":"Gremlin Nob","floor":8.0,"turns":3.0},{"damage":0.0,"enemies":"2 Louse","floor":10.0,"turns":1.0},{"damage":10.0,"enemies":"3 Sentries","floor":12.0,"turns":6.0},{"damage":0.0,"enemies":"Exordium Thugs","floor":13.0,"turns":3.0},{"damage":0.0,"enemies":"Lots of Slimes","floor":14.0,"turns":1.0},{"damage":17.0,"enemies":"Hexaghost","floor":16.0,"turns":8.0},{"damage":8.0,"enemies":"2 Thieves","floor":18.0,"turns":3.0},{"damage":18.0,"enemies":"Spheric Guardian","floor":22.0,"turns":4.0},{"damage":18.0,"enemies":"Gremlin Leader","floor":24.0,"turns":6.0},{"damage":33.0,"enemies":"Slavers","floor":27.0,"turns":4.0},{"damage":36.0,"enemies":"Book of Stabbing","floor":29.0,"turns":5.0},{"damage":24.0,"enemies":"Shelled Parasite and Fungi","floor":31.0,"turns":4.0},{"damage":61,"enemies":"Automaton","floor":33,"turns":12},{"damage":0,"enemies":"3 Shapes","floor":35,"turns":4},{"damage":1,"enemies":"Mind Bloom Boss Battle","floor":38,"turns":5},{"damage":1,"enemies":"Reptomancer","floor":40,"turns":8},{"damage":29,"enemies":"Giant Head","floor":42,"turns":7},{"damage":16,"enemies":"Orb Walker","floor":44,"turns":2},{"damage":0,"enemies":"Nemesis","floor":45,"turns":5},{"damage":13,"enemies":"Maw","floor":47,"turns":6},{"damage":46,"enemies":"Donu and Deca","floor":50,"turns":9},{"damage":53,"enemies":"Shield and Spear","floor":54,"turns":6},{"damage":34,"enemies":"The Heart","floor":55,"turns":7}],"seed_played":"-1363101438866053926","potions_obtained":[{"floor":6.0,"key":"AttackPotion"},{"floor":11.0,"key":"Fire Potion"},{"floor":11.0,"key":"EssenceOfSteel"},{"floor":11.0,"key":"SkillPotion"},{"floor":12.0,"key":"Weak Potion"},{"floor":14.0,"key":"Energy Potion"}],"is_trial":false,"path_per_floor":["M","$","M","?","?","E","R","E","T","M","?","E","M","M","R","B",null,"M","$","$","?","M","R","E","R","T","E","R","E","$","M","R","B",null,"M","$","?","?","$","E","?","E","T","M","E","R","M","?","R","B",null,"R","$","E","B",null],"character_chosen":"DEFECT","items_purchased":["Dramatic Entrance","Swift Strike","Swift Strike","Go for the Eyes","Membership Card","HandDrill","Swift Strike","Frozen Egg 2","Defragment+1","Toolbox","Incense Burner","TungstenRod","War Paint","Steam","Hologram","Hello World+1","Panache+1","Frozen Eye","Barrage"],"campfire_rested":3,"item_purchase_floors":[2,19,20,20,30,36,36,39,39,39,39,53,53,53,53,53,53,53,53],"current_hp_per_floor":[68,68,68,53,35,37,37,29,29,31,31,21,21,21,21,4,60,54,54,54,54,36,36,28,55,55,24,51,17,17,47,47,11,74,74,74,74,96,96,95,95,66,66,50,50,50,37,37,66,45,84,84,84,33,24],"gold":46,"neow_bonus":"THREE_ENEMY_KILL","is_daily":false,"chose_seed":false,"campfire_upgraded":5,"win_rate":0.0,"timestamp":1611518285,"path_taken":["M","$","M","?","?","E","R","E","T","M","?","E","?","M","R","BOSS","M","?","$","?","M","R","E","R","T","E","R","E","$","?","R","BOSS","M","$","?","?","?","E","?","E","T","M","E","R","?","?","R","BOSS","R","$","E","BOSS"],"items_purchased_type":["Card","Card","Card","Card","Relic","Relic","Card","Relic","Card","Relic","Relic","Relic","Relic","Card","Card","Card","Card","Relic","Card"],"build_version":"2020-12-22","purchased_purges":1,"victory":true,"max_hp_per_floor":[75,75,75,75,75,77,77,77,77,79,79,79,79,79,79,79,79,81,81,81,81,81,81,91,91,91,93,93,95,95,95,95,95,95,95,95,95,97,97,97,97,97,97,97,97,97,97,97,97,97,97,97,97,99,99],"card_choices":[{"not_picked":["Barrage","Leap"],"picked":"Static Discharge","floor":1.0},{"not_picked":["Reinforced Body","Rebound"],"picked":"Cold Snap","floor":3.0},{"not_picked":["Cold Snap","Consume","Sweeping Beam"],"picked":"Singing Bowl","floor":6.0},{"not_picked":["Hologram","Ball Lightning"],"picked":"All For One","floor":8.0},{"not_picked":["Sunder","Compile Driver","Sweeping Beam"],"picked":"Singing Bowl","floor":10.0},{"not_picked":["Skim","Go for the Eyes"],"picked":"Chill","floor":12.0},{"not_picked":["Leap","Hologram"],"picked":"Capacitor","floor":13.0},{"not_picked":["BootSequence","Conserve Battery"],"picked":"White Noise","floor":14.0},{"not_picked":["Electrodynamics","Buffer"],"picked":"All For One","floor":16.0},{"not_picked":["Redo","Streamline","Leap"],"picked":"Singing Bowl","floor":18.0},{"not_picked":["Fusion","Leap"],"picked":"Chill","floor":22.0},{"not_picked":["Turbo","Genetic Algorithm"],"picked":"Steam","floor":24.0},{"not_picked":["Hello World","Thunder Strike","Genetic Algorithm+1","Double Energy"],"picked":"Singing Bowl","floor":27.0},{"not_picked":["Sweeping Beam","Streamline","Cold Snap","Reinforced Body"],"picked":"Singing Bowl","floor":29.0},{"not_picked":["Coolheaded","Sweeping Beam+1","Scrape"],"picked":"Steam","floor":31.0},{"not_picked":["Hyperbeam","Core Surge","Rainbow"],"picked":"Reboot","floor":33},{"not_picked":["Fusion","Go for the Eyes","Leap"],"picked":"Defragment+1","floor":35},{"not_picked":["Turbo+1","Chaos","Electrodynamics","Reinforced Body"],"picked":"Singing Bowl","floor":38},{"not_picked":["Stack+1","Ball Lightning","Cold Snap"],"picked":"Heatsinks+1","floor":40},{"not_picked":["Scrape","Go for the Eyes","Tempest"],"picked":"Redo+1","floor":42},{"not_picked":["Chaos+1","Reprogram","Rip and Tear"],"picked":"BootSequence+1","floor":44},{"not_picked":["Biased Cognition+1","Streamline","Redo+1"],"picked":"Beam Cell","floor":45},{"not_picked":["Ball Lightning","Steam+1","Chill"],"picked":"Hologram","floor":47},{"not_picked":["Cold Snap+1","Redo+1","Sweeping Beam+1","Gash"],"picked":"Singing Bowl","floor":54}],"player_experience":887293,"relics_obtained":[{"floor":6.0,"key":"Singing Bowl"},{"floor":8.0,"key":"Lizard Tail"},{"floor":12.0,"key":"Gremlin Horn"},{"floor":24.0,"key":"Pear"},{"floor":26.0,"key":"Question Card"},{"floor":27.0,"key":"Pantograph"},{"floor":29.0,"key":"WingedGreaves"},{"floor":38,"key":"Old Coin"},{"floor":40,"key":"InkBottle"},{"floor":42,"key":"Ice Cream"},{"floor":43,"key":"StrikeDummy"},{"floor":45,"key":"Nunchaku"},{"floor":54,"key":"Pocketwatch"}],"event_choices":[{"damage_healed":0.0,"max_hp_gain":0.0,"max_hp_loss":0.0,"gold_gain":0.0,"event_name":"Shining Light","player_choice":"Entered Light","floor":4.0,"gold_loss":0.0,"damage_taken":15.0,"cards_upgraded":["Strike_B","Dramatic Entrance"]},{"damage_healed":0.0,"max_hp_gain":0.0,"max_hp_loss":0.0,"gold_gain":0.0,"event_name":"Golden Idol","player_choice":"Take Damage","floor":5.0,"gold_loss":0.0,"damage_taken":18.0,"relics_obtained":["Golden Idol"]},{"damage_healed":0.0,"max_hp_gain":0.0,"max_hp_loss":0.0,"gold_gain":0.0,"event_name":"Lab","player_choice":"Got Potions","floor":11.0,"gold_loss":0.0,"damage_taken":0.0},{"damage_healed":0.0,"max_hp_gain":0.0,"max_hp_loss":0.0,"gold_gain":0.0,"event_name":"Upgrade Shrine","player_choice":"Upgraded","floor":21.0,"gold_loss":0.0,"damage_taken":0.0,"cards_upgraded":["White Noise"]},{"cards_removed":["Steam"],"damage_healed":0,"gold_gain":0,"player_choice":"Removed Skill","damage_taken":0,"max_hp_gain":0,"max_hp_loss":0,"event_name":"Falling","floor":37,"gold_loss":0},{"damage_healed":0,"gold_gain":0,"player_choice":"Fight","damage_taken":0,"max_hp_gain":0,"max_hp_loss":0,"event_name":"MindBloom","floor":38,"gold_loss":0},{"damage_healed":0,"gold_gain":333,"player_choice":"Gave Idol","damage_taken":0,"max_hp_gain":0,"max_hp_loss":0,"event_name":"The Moai Head","floor":41,"relics_lost":["Golden Idol"],"gold_loss":0},{"damage_healed":0,"gold_gain":0,"player_choice":"Ignored","damage_taken":0,"max_hp_gain":0,"max_hp_loss":0,"event_name":"Tomb of Lord Red Mask","floor":48,"gold_loss":0}],"is_beta":false,"boss_relics":[{"not_picked":["Runic Pyramid","Fusion Hammer"],"picked":"Sozu"},{"not_picked":["Coffee Dripper","Astrolabe"],"picked":"Nuclear Battery"}],"items_purged_floors":[19],"is_endless":false,"potions_floor_spawned":[6,12,14,27,29,33,35,38,42,54],"ascension_level":9}}