{"host":"9h2qrz5zr7xpdj63","time":1611489210,"event":{"mods":["2.2 Compatiblity","AchievementEnabler","BaseMod","Bestiary","Colored Map","Colored Powertips","Highlight Path","Keyboard Shortcuts","Minty Spire (QoL Compilation)","Quick Restart","Relic Stats","StSLib"],"gold_per_floor":[111,123,136,311,331,358,358,99,99,75,93,168,168,184,184,285,285,285,35,53,53,63,63,63],"floor_reached":23,"language":"ENG","playtime":2079,"items_purged":["Doubt","Strike_P"],"score":193,"play_id":"1e527f1a-895f-4110-91eb-b6a1acbf6604","local_time":"20210124115330","is_ascension_mode":false,"campfire_choices":[{"floor":7,"key":"REST"},{"floor":13,"key":"REST"},{"data":"Vault","floor":15,"key":"SMITH"}],"circlet_count":0,"master_deck":["Strike_P","Strike_P","Strike_P","Defend_P","Defend_P","Defend_P","Defend_P","Eruption","Vigilance","Vault+1","EmptyFist","EmptyBody","DevaForm","Vengeance+1","Crescendo+1","Evaluate+1","FlurryOfBlows","ClearTheMind+1","LessonLearned+1"],"relics":["PureWater","Dream Catcher","Toy Ornithopter","Toxic Egg 2","SacredBark","Sling","Enchiridion"],"acts_visited":["Exordium","TheCity"],"potions_floor_usage":[11,16,18],"damage_taken":[{"damage":2,"enemies":"2 Louse","floor":1,"turns":4},{"damage":0,"enemies":"Small Slimes","floor":2,"turns":4},{"damage":1,"enemies":"Jaw Worm","floor":3,"turns":4},{"damage":9,"enemies":"2 Fungi Beasts","floor":5,"turns":5},{"damage":53,"enemies":"3 Sentries","floor":6,"turns":17},{"damage":12,"enemies":"Exordium Thugs","floor":11,"turns":2},{"damage":5,"enemies":"Blue Slaver","floor":14,"turns":4},{"damage":15,"enemies":"The Guardian","floor":16,"turns":13},{"damage":0,"enemies":"2 Thieves","floor":18,"turns":1},{"damage":29,"enemies":"Spheric Guardian","floor":20,"turns":7},{"damage":13,"enemies":"Centurion and Healer","floor":22,"turns":7},{"damage":18,"enemies":"Book of Stabbing","floor":23,"turns":4}],"seed_played":"-8199015402769921871","potions_obtained":[{"floor":6,"key":"AttackPotion"},{"floor":11,"key":"SmokeBomb"},{"floor":14,"key":"Explosive Potion"}],"is_trial":false,"path_per_floor":["M","M","M","?","M","E","R","$","T","$","M","?","R","M","R","B",null,"M","$","M","?","M","E"],"character_chosen":"WATCHER","items_purchased":["Vengeance","Toy Ornithopter","Crescendo+1","Sling"],"campfire_rested":2,"item_purchase_floors":[8,8,10,19],"current_hp_per_floor":[70,70,69,69,60,7,28,28,28,28,21,10,31,26,26,16,72,72,72,43,27,14,0,0],"gold":63,"neow_bonus":"ONE_RANDOM_RARE_CARD","is_daily":false,"chose_seed":false,"campfire_upgraded":1,"win_rate":0.0,"timestamp":1611489210,"path_taken":["M","M","M","?","M","E","R","$","T","$","M","?","R","M","R","BOSS","M","$","M","?","M","E"],"items_purchased_type":["Card","Relic","Card","Relic"],"build_version":"2020-12-22","purchased_purges":2,"victory":false,"max_hp_per_floor":[72,72,72,72,72,72,72,72,72,72,72,72,72,72,72,72,72,72,72,72,72,72,72,72],"relic_stats":{"Dream Catcher":2,"counters":[12,72],"obtain_stats":[{"Dream Catcher":6,"SacredBark":17,"Enchiridion":21,"PureWater":0,"Toxic Egg 2":9,"Sling":19,"Toy Ornithopter":8},{"Dream Catcher":5,"SacredBark":8,"Enchiridion":10,"PureWater":0,"Toxic Egg 2":5,"Sling":9,"Toy Ornithopter":5},{"Dream Catcher":34,"SacredBark":53,"Enchiridion":61,"PureWater":0,"Toxic Egg 2":34,"Sling":54,"Toy Ornithopter":34}],"Toy Ornithopter":10},"card_choices":[{"not_picked":["PathToVictory","Sanctity"],"picked":"EmptyFist","floor":1},{"not_picked":["Nirvana","JustLucky"],"picked":"EmptyBody","floor":2},{"not_picked":["CarveReality","ReachHeaven","EmptyBody"],"picked":"SKIP","floor":3},{"not_picked":["PathToVictory","WaveOfTheHand","JustLucky"],"picked":"SKIP","floor":5},{"not_picked":["WaveOfTheHand","Consecrate"],"picked":"DevaForm","floor":6},{"not_picked":["Adaptation","Vengeance+1"],"picked":"Evaluate+1","floor":11},{"not_picked":["EmptyFist","BowlingBash"],"picked":"FlurryOfBlows","floor":13},{"not_picked":["ReachHeaven","SashWhip"],"picked":"ClearTheMind+1","floor":14},{"not_picked":["Ragnarok","Devotion"],"picked":"LessonLearned","floor":16},{"not_picked":["Pray+1","Collect+1","FearNoEvil"],"picked":"SKIP","floor":20},{"not_picked":["PathToVictory+1","WheelKick","SashWhip"],"picked":"SKIP","floor":22}],"player_experience":221323,"relics_obtained":[{"floor":6,"key":"Dream Catcher"},{"floor":9,"key":"Toxic Egg 2"},{"floor":21,"key":"Enchiridion"}],"event_choices":[{"damage_healed":0,"gold_gain":175,"player_choice":"AGREE","damage_taken":0,"max_hp_gain":0,"max_hp_loss":0,"event_name":"Liars Game","floor":4,"gold_loss":0,"cards_obtained":["Doubt"]},{"damage_healed":0,"gold_gain":75,"player_choice":"Gather Gold","damage_taken":11,"max_hp_gain":0,"max_hp_loss":0,"event_name":"World of Goop","floor":12,"gold_loss":0},{"damage_healed":0,"gold_gain":0,"player_choice":"Obtained Book","damage_taken":16,"max_hp_gain":0,"max_hp_loss":0,"event_name":"Cursed Tome","floor":21,"gold_loss":0}],"is_beta":false,"boss_relics":[{"not_picked":["SlaversCollar","Philosopher\u0027s Stone"],"picked":"SacredBark"}],"items_purged_floors":[8,19],"is_endless":false,"potions_floor_spawned":[6,11,14],"killed_by":"Book of Stabbing","ascension_level":0}}