{"host":"jwbw4f4imxd0v0b0","time":1611476209,"event":{"mods":["BaseMod","Colored Map","Highlight Path","Minty Spire (QoL Compilation)","Relic Stats","StSLib"],"gold_per_floor":[113,113,113,13,13,38,54,88,113,113,113,38,49,11,11,115,115,134,134,134,34,53,80,80,92,92,92,167,180,39,74,74,170,170,183,198,212,262,262,292,346,346,346,44,44,75,91,106,106,106,106,106,32,61,61],"floor_reached":56,"language":"ENG","playtime":2903,"items_purged":["Strike_P","Strike_P+1"],"score":1324,"play_id":"bdc908dd-11b3-4b7c-bb19-f9e7014f612f","local_time":"20210124021649","is_ascension_mode":false,"campfire_choices":[{"data":"CarveReality","floor":10.0,"key":"SMITH"},{"data":"Consecrate","floor":15.0,"key":"SMITH"},{"data":"Wallop","floor":24.0,"key":"SMITH"},{"data":"Blasphemy","floor":32.0,"key":"SMITH"},{"floor":45.0,"key":"RECALL"},{"floor":49.0,"key":"REST"},{"data":"Apotheosis","floor":52.0,"key":"SMITH"}],"circlet_count":0,"master_deck":["Strike_P+1","Strike_P+1","Defend_P+1","Defend_P+1","Defend_P+1","Defend_P+1","Eruption+1","Vigilance","CarveReality+1","FlurryOfBlows","CutThroughFate","Evaluate","Consecrate+1","Adaptation","Crescendo","Wireheading","Blasphemy+1","LikeWater","Protect","Wallop+1","Weave+1","TalkToTheHand+1","Conclude+1","TalkToTheHand+1","FlurryOfBlows+1","Ragnarok+1","CrushJoints+1","ClearTheMind","Establishment","Impatience","Apotheosis+1","Secret Weapon","WreathOfFlame","Writhe","JustLucky+1","JustLucky+1","Wallop+1","TalkToTheHand+1","Wallop+1"],"relics":["SacredBark","Juzu Bracelet","Letter Opener","InkBottle","Boot","Thread and Needle","Philosopher\u0027s Stone","Du-Vu Doll","Molten Egg 2","Meat on the Bone","Runic Dome","Gambling Chip","Bottled Lightning","Dead Branch","Oddly Smooth Stone","TheAbacus","Shuriken","Vajra"],"acts_visited":["Exordium","TheCity","TheBeyond","TheEnding"],"potions_floor_usage":[55,55,55],"damage_taken":[{"damage":0.0,"enemies":"Small Slimes","floor":1.0,"turns":3.0},{"damage":15.0,"enemies":"Lagavulin","floor":6.0,"turns":7.0},{"damage":0.0,"enemies":"Jaw Worm","floor":7.0,"turns":1.0},{"damage":1.0,"enemies":"3 Sentries","floor":8.0,"turns":2.0},{"damage":0.0,"enemies":"Cultist","floor":13.0,"turns":2.0},{"damage":46.0,"enemies":"Hexaghost","floor":16.0,"turns":8.0},{"damage":0.0,"enemies":"Spheric Guardian","floor":18.0,"turns":2.0},{"damage":0.0,"enemies":"3 Byrds","floor":22.0,"turns":1.0},{"damage":21.0,"enemies":"Slavers","floor":23.0,"turns":4.0},{"damage":0.0,"enemies":"Sentry and Sphere","floor":25.0,"turns":3.0},{"damage":0.0,"enemies":"Snake Plant","floor":29.0,"turns":2.0},{"damage":0.0,"enemies":"Gremlin Leader","floor":31.0,"turns":5.0},{"damage":0.0,"enemies":"Automaton","floor":33.0,"turns":6.0},{"damage":0.0,"enemies":"Orb Walker","floor":35.0,"turns":1.0},{"damage":0.0,"enemies":"3 Shapes","floor":36.0,"turns":6.0},{"damage":0.0,"enemies":"Transient","floor":37.0,"turns":5.0},{"damage":0.0,"enemies":"Mind Bloom Boss Battle","floor":38.0,"turns":2.0},{"damage":13.0,"enemies":"Nemesis","floor":40.0,"turns":5.0},{"damage":9.0,"enemies":"2 Orb Walkers","floor":41.0,"turns":3.0},{"damage":46.0,"enemies":"Reptomancer","floor":46.0,"turns":4.0},{"damage":6.0,"enemies":"Jaw Worm Horde","floor":47.0,"turns":3.0},{"damage":0.0,"enemies":"Spire Growth","floor":48.0,"turns":2.0},{"damage":36.0,"enemies":"Awakened One","floor":50.0,"turns":7.0},{"damage":44,"enemies":"Shield and Spear","floor":54,"turns":5},{"damage":24,"enemies":"The Heart","floor":55,"turns":7}],"seed_played":"-5211254371377932889","potions_obtained":[{"floor":1.0,"key":"StancePotion"},{"floor":5.0,"key":"Explosive Potion"},{"floor":5.0,"key":"Explosive Potion"},{"floor":7.0,"key":"LiquidBronze"},{"floor":13.0,"key":"CultistPotion"},{"floor":18.0,"key":"Explosive Potion"},{"floor":25.0,"key":"ColorlessPotion"},{"floor":37.0,"key":"Fire Potion"},{"floor":46.0,"key":"Weak Potion"},{"floor":48.0,"key":"EssenceOfSteel"}],"is_trial":false,"path_per_floor":["M","?","?","$","?","E","M","E","T","R","T","$","M","$","R","B",null,"M","?","?","$","M","E","R","M","T","?","?","M","$","E","R","B",null,"M","M","M","?","?","E","?","?","T","$","R","E","M","M","R","B",null,"R","$","E","B",null],"character_chosen":"WATCHER","items_purchased":["FlurryOfBlows","CutThroughFate","Wireheading","TalkToTheHand+1","Fruit Juice","Oddly Smooth Stone","TheAbacus","TalkToTheHand+1"],"campfire_rested":1,"item_purchase_floors":[4,4,14,30,30,44,44,53],"current_hp_per_floor":[72,69,69,69,69,54,54,53,53,53,53,53,53,53,53,7,72,72,72,72,72,72,51,51,51,51,51,44,44,44,44,44,44,72,72,72,82,82,72,59,50,71,71,71,71,37,43,43,67,43,82,82,82,50,38],"gold":61,"neow_bonus":"BOSS_RELIC","is_daily":false,"chose_seed":false,"campfire_upgraded":5,"win_rate":0.0,"timestamp":1611476209,"path_taken":["M","?","?","?","?","E","M","E","T","R","?","?","M","$","R","BOSS","M","?","?","?","M","E","R","M","T","?","?","M","$","E","R","BOSS","M","M","M","?","?","E","?","?","T","$","R","E","M","M","R","BOSS","R","$","E","BOSS"],"items_purchased_type":["Card","Card","Card","Card","Potion","Relic","Relic","Card"],"build_version":"2020-12-22","purchased_purges":2,"victory":true,"max_hp_per_floor":[72,72,72,72,72,72,72,72,72,72,72,72,72,72,72,72,72,72,72,72,72,72,72,72,72,72,72,72,72,72,72,72,72,72,72,72,82,82,82,82,82,82,82,82,82,82,82,82,82,82,82,82,82,82,82],"relic_stats":{"TheAbacus":[12],"counters":[25,96],"Shuriken":[19],"Gambling Chip":[14],"Dead Branch":[31],"Juzu Bracelet":3,"Letter Opener":[60],"Boot":[56],"obtain_stats":[{"SacredBark":0,"Dead Branch":41,"Oddly Smooth Stone":44,"Vajra":54,"Thread and Needle":11,"Juzu Bracelet":2,"Letter Opener":6,"Boot":9,"Du-Vu Doll":23,"Runic Dome":34,"TheAbacus":44,"Shuriken":46,"Gambling Chip":38,"Philosopher\u0027s Stone":17,"Molten Egg 2":26,"Bottled Lightning":40,"PureWater":0,"InkBottle":8,"Meat on the Bone":31},{"SacredBark":0,"Dead Branch":19,"Oddly Smooth Stone":19,"Vajra":24,"Thread and Needle":4,"Juzu Bracelet":1,"Letter Opener":2,"Boot":4,"Du-Vu Doll":9,"Runic Dome":13,"TheAbacus":19,"Shuriken":20,"Gambling Chip":17,"Philosopher\u0027s Stone":6,"Molten Egg 2":10,"Bottled Lightning":18,"PureWater":0,"InkBottle":4,"Meat on the Bone":12},{"SacredBark":0,"Dead Branch":68,"Oddly Smooth Stone":68,"Vajra":89,"Thread and Needle":13,"Juzu Bracelet":3,"Letter Opener":10,"Boot":13,"Du-Vu Doll":30,"Runic Dome":46,"TheAbacus":68,"Shuriken":72,"Gambling Chip":60,"Philosopher\u0027s Stone":23,"Molten Egg 2":33,"Bottled Lightning":65,"PureWater":0,"InkBottle":13,"Meat on the Bone":40}],"InkBottle":[37],"Meat on the Bone":60},"card_choices":[{"not_picked":["DeceiveReality","Sanctity"],"picked":"CarveReality","floor":1.0},{"not_picked":["JustLucky","Fasting2"],"picked":"Evaluate","floor":6.0},{"not_picked":["Prostrate","JustLucky"],"picked":"Consecrate","floor":7.0},{"not_picked":["FlyingSleeves","ClearTheMind"],"picked":"Adaptation","floor":8.0},{"not_picked":["FlyingSleeves","Indignation"],"picked":"Crescendo","floor":13.0},{"not_picked":["Alpha","Ragnarok"],"picked":"Blasphemy","floor":16.0},{"not_picked":["Swivel","InnerPeace"],"picked":"LikeWater","floor":18.0},{"not_picked":["EmptyFist","WreathOfFlame"],"picked":"Protect","floor":22.0},{"not_picked":["BattleHymn+1","SandsOfTime"],"picked":"Wallop","floor":23.0},{"not_picked":["EmptyBody","Nirvana"],"picked":"Weave+1","floor":25.0},{"not_picked":["ReachHeaven+1","Crescendo"],"picked":"Conclude+1","floor":29.0},{"not_picked":["EmptyFist+1","Prostrate+1"],"picked":"FlurryOfBlows+1","floor":31.0},{"not_picked":["Judgement","LessonLearned+1"],"picked":"Ragnarok+1","floor":33.0},{"not_picked":["InnerPeace","FlurryOfBlows+1"],"picked":"CrushJoints+1","floor":35.0},{"not_picked":["FlyingSleeves+1","JustLucky+1","Devotion"],"picked":"SKIP","floor":36.0},{"not_picked":["FlyingSleeves+1","FlurryOfBlows+1"],"picked":"ClearTheMind","floor":37.0},{"not_picked":["FlyingSleeves+1","Fasting2+1"],"picked":"Establishment","floor":38.0},{"not_picked":["Mayhem","Swift Strike+1"],"picked":"Impatience","floor":39.0},{"not_picked":["Dramatic Entrance+1","Swift Strike+1"],"picked":"Apotheosis","floor":39.0},{"not_picked":["Discovery","Bandage Up"],"picked":"Secret Weapon","floor":39.0},{"not_picked":["ClearTheMind+1","CutThroughFate+1"],"picked":"WreathOfFlame","floor":40.0},{"not_picked":["Adaptation+1","SandsOfTime+1"],"picked":"JustLucky+1","floor":46.0},{"not_picked":["Worship","Prostrate"],"picked":"JustLucky+1","floor":47.0},{"not_picked":["Consecrate+1","Blasphemy"],"picked":"Wallop+1","floor":48.0},{"not_picked":["CrushJoints+1","Crescendo+1"],"picked":"Wallop+1","floor":54}],"player_experience":1136793,"relics_obtained":[{"floor":6.0,"key":"Letter Opener"},{"floor":8.0,"key":"InkBottle"},{"floor":9.0,"key":"Boot"},{"floor":11.0,"key":"Thread and Needle"},{"floor":23.0,"key":"Du-Vu Doll"},{"floor":26.0,"key":"Molten Egg 2"},{"floor":31.0,"key":"Meat on the Bone"},{"floor":38.0,"key":"Gambling Chip"},{"floor":40.0,"key":"Bottled Lightning"},{"floor":41.0,"key":"Dead Branch"},{"floor":46.0,"key":"Shuriken"},{"floor":54,"key":"Vajra"}],"event_choices":[{"damage_healed":0.0,"max_hp_gain":0.0,"max_hp_loss":0.0,"gold_gain":0.0,"event_name":"Scrap Ooze","player_choice":"Success","floor":2.0,"gold_loss":0.0,"damage_taken":3.0,"relics_obtained":["Juzu Bracelet"]},{"damage_healed":0.0,"max_hp_gain":0.0,"max_hp_loss":0.0,"gold_gain":0.0,"event_name":"Living Wall","player_choice":"Grow","floor":3.0,"gold_loss":0.0,"damage_taken":0.0,"cards_upgraded":["Eruption"]},{"damage_healed":0.0,"max_hp_gain":0.0,"max_hp_loss":0.0,"gold_gain":0.0,"event_name":"Lab","player_choice":"Got Potions","floor":5.0,"gold_loss":0.0,"damage_taken":0.0},{"damage_healed":0.0,"max_hp_gain":0.0,"max_hp_loss":0.0,"gold_gain":0.0,"event_name":"Vampires","player_choice":"Ignored","floor":19.0,"gold_loss":0.0,"damage_taken":0.0},{"damage_healed":0.0,"max_hp_gain":0.0,"max_hp_loss":0.0,"gold_gain":0.0,"event_name":"Back to Basics","player_choice":"Simplicity","floor":20.0,"gold_loss":0.0,"damage_taken":0.0,"cards_upgraded":["Strike_P","Strike_P","Strike_P","Defend_P","Defend_P","Defend_P","Defend_P"]},{"damage_healed":0.0,"max_hp_gain":0.0,"max_hp_loss":0.0,"gold_gain":0.0,"event_name":"The Library","player_choice":"Read","floor":27.0,"gold_loss":0.0,"damage_taken":0.0,"cards_obtained":["TalkToTheHand"]},{"damage_healed":0.0,"max_hp_gain":0.0,"max_hp_loss":0.0,"gold_gain":75.0,"event_name":"FaceTrader","player_choice":"Touch","floor":28.0,"gold_loss":0.0,"damage_taken":7.0},{"damage_healed":0.0,"max_hp_gain":0.0,"max_hp_loss":0.0,"gold_gain":0.0,"event_name":"MindBloom","player_choice":"Fight","floor":38.0,"gold_loss":0.0,"damage_taken":0.0},{"damage_healed":0.0,"max_hp_gain":0.0,"max_hp_loss":0.0,"gold_gain":0.0,"event_name":"SensoryStone","player_choice":"Memory 3","floor":39.0,"gold_loss":0.0,"damage_taken":10.0},{"damage_healed":0.0,"max_hp_gain":0.0,"max_hp_loss":0.0,"gold_gain":0.0,"event_name":"Mysterious Sphere","player_choice":"Fight","floor":41.0,"gold_loss":0.0,"damage_taken":0.0},{"damage_healed":21.0,"max_hp_gain":0.0,"max_hp_loss":0.0,"gold_gain":0.0,"event_name":"Winding Halls","player_choice":"Writhe","floor":42.0,"gold_loss":0.0,"damage_taken":0.0,"cards_obtained":["Writhe"]}],"is_beta":false,"boss_relics":[{"not_picked":["Black Star","Snecko Eye"],"picked":"Philosopher\u0027s Stone"},{"not_picked":["Sozu","Pandora\u0027s Box"],"picked":"Runic Dome"}],"items_purged_floors":[12,21],"is_endless":false,"potions_floor_spawned":[1,7,13,18,25,31,37,40,46,47,48],"ascension_level":0}}