{"host":"Kdaddybrian","time":1611454576,"event":{"mods":["AchievementEnabler","BaseMod","Bestiary","Colored Powertips","Minty Spire (QoL Compilation)","Potion Indicator Mod","Quick Restart","Rare Cards Sparkle","Relic Stats","StSLib","Uncapped"],"gold_per_floor":[110,124,124,141,159,159,186,186,213,238,238,271,271,281,281,379,379,394,434,349,363,36,36,36],"floor_reached":23,"language":"ENG","playtime":1003,"items_purged":["Strike_P"],"score":243,"play_id":"ba0fbdeb-d33c-4d6e-b55e-62e41e576543","local_time":"20210123211616","is_ascension_mode":true,"campfire_choices":[{"data":"Vigilance","floor":6,"key":"SMITH"},{"data":"Eruption","floor":8,"key":"SMITH"},{"data":"BattleHymn","floor":13,"key":"SMITH"},{"data":"CrushJoints","floor":15,"key":"SMITH"}],"circlet_count":0,"master_deck":["Strike_P","Strike_P","Strike_P","Defend_P","Defend_P","Defend_P","Defend_P","Eruption+1","Vigilance+1","ThirdEye","CutThroughFate","CrushJoints+1","ReachHeaven","LikeWater+1","Swivel","BattleHymn+1","FlyingSleeves","Wish","Conclude","Nirvana+1","Tantrum","MentalFortress","FearNoEvil"],"relics":["PureWater","NeowsBlessing","Mercury Hourglass","Centennial Puzzle","Akabeko","Ancient Tea Set","Blood Vial","SlaversCollar","Potion Belt","Medical Kit"],"acts_visited":["Exordium","TheCity"],"potions_floor_usage":[10,18],"damage_taken":[{"damage":0,"enemies":"Cultist","floor":1,"turns":1},{"damage":0,"enemies":"Jaw Worm","floor":2,"turns":1},{"damage":0,"enemies":"Small Slimes","floor":4,"turns":1},{"damage":2,"enemies":"Gremlin Gang","floor":5,"turns":4},{"damage":23,"enemies":"Lagavulin","floor":7,"turns":6},{"damage":13,"enemies":"3 Sentries","floor":10,"turns":6},{"damage":9,"enemies":"Gremlin Nob","floor":12,"turns":4},{"damage":0,"enemies":"2 Fungi Beasts","floor":14,"turns":2},{"damage":6,"enemies":"The Guardian","floor":16,"turns":8},{"damage":17,"enemies":"3 Byrds","floor":18,"turns":6},{"damage":6,"enemies":"Spheric Guardian","floor":19,"turns":3},{"damage":13,"enemies":"Centurion and Healer","floor":21,"turns":5},{"damage":47,"enemies":"Book of Stabbing","floor":23,"turns":4}],"seed_played":"5537962792483286723","potions_obtained":[{"floor":1,"key":"Regen Potion"},{"floor":4,"key":"ColorlessPotion"},{"floor":7,"key":"Weak Potion"},{"floor":19,"key":"Weak Potion"}],"is_trial":false,"path_per_floor":["M","M","T","M","M","R","E","R","T","E","?","E","R","M","R","B",null,"M","M","?","M","$","E"],"character_chosen":"WATCHER","items_purchased":["MentalFortress","FearNoEvil","Medical Kit"],"campfire_rested":0,"item_purchase_floors":[22,22,22],"current_hp_per_floor":[72,72,72,72,70,70,47,47,47,49,49,40,40,42,42,38,72,55,51,51,40,40,0,0],"gold":36,"neow_bonus":"THREE_ENEMY_KILL","is_daily":false,"chose_seed":false,"campfire_upgraded":4,"win_rate":0.0,"timestamp":1611454576,"path_taken":["M","M","?","M","M","R","E","R","T","E","?","E","R","M","R","BOSS","M","?","?","M","$","E"],"items_purchased_type":["Card","Card","Relic"],"build_version":"2020-12-18","purchased_purges":1,"victory":false,"max_hp_per_floor":[72,72,72,72,72,72,72,72,72,72,72,72,72,72,72,72,72,72,72,72,72,72,72,72],"relic_stats":{"Blood Vial":10,"Centennial Puzzle":[21],"counters":[13,50],"Medical Kit":[0],"obtain_stats":[{"Blood Vial":12,"Potion Belt":20,"SlaversCollar":17,"Centennial Puzzle":7,"NeowsBlessing":0,"PureWater":0,"Ancient Tea Set":10,"Medical Kit":22,"Akabeko":9,"Mercury Hourglass":3},{"Blood Vial":7,"Potion Belt":11,"SlaversCollar":9,"Centennial Puzzle":5,"NeowsBlessing":0,"PureWater":0,"Ancient Tea Set":6,"Medical Kit":12,"Akabeko":5,"Mercury Hourglass":2},{"Blood Vial":23,"Potion Belt":42,"SlaversCollar":33,"Centennial Puzzle":13,"NeowsBlessing":0,"PureWater":0,"Ancient Tea Set":19,"Medical Kit":46,"Akabeko":13,"Mercury Hourglass":2}],"Mercury Hourglass":[200]},"card_choices":[{"not_picked":["Study","Collect"],"picked":"ThirdEye","floor":1},{"not_picked":["FlurryOfBlows","Wireheading"],"picked":"CutThroughFate","floor":2},{"not_picked":["WreathOfFlame","Prostrate"],"picked":"CrushJoints","floor":4},{"not_picked":["Conclude","BowlingBash"],"picked":"ReachHeaven","floor":5},{"not_picked":["Indignation","Evaluate"],"picked":"LikeWater","floor":7},{"not_picked":["ConjureBlade","CrushJoints"],"picked":"Swivel","floor":10},{"not_picked":["EmptyFist","JustLucky"],"picked":"BattleHymn","floor":12},{"not_picked":["Protect","Vengeance"],"picked":"FlyingSleeves","floor":14},{"not_picked":["Establishment","Brilliance"],"picked":"Wish","floor":16},{"not_picked":["Prostrate+1","Evaluate"],"picked":"Conclude","floor":18},{"not_picked":["Evaluate","Conclude"],"picked":"Nirvana+1","floor":19},{"not_picked":["EmptyBody","Halt+1"],"picked":"Tantrum","floor":21}],"player_experience":2977756,"relics_obtained":[{"floor":3,"key":"Mercury Hourglass"},{"floor":7,"key":"Centennial Puzzle"},{"floor":9,"key":"Akabeko"},{"floor":10,"key":"Ancient Tea Set"},{"floor":12,"key":"Blood Vial"}],"event_choices":[{"damage_healed":0,"gold_gain":0,"player_choice":"Upgraded","damage_taken":0,"max_hp_gain":0,"max_hp_loss":0,"event_name":"Upgrade Shrine","floor":11,"gold_loss":0,"cards_upgraded":["LikeWater"]},{"damage_healed":0,"gold_gain":0,"player_choice":"Obtained Relic","damage_taken":0,"relics_obtained":["Potion Belt"],"max_hp_gain":0,"max_hp_loss":0,"event_name":"Addict","floor":20,"gold_loss":85}],"is_beta":true,"boss_relics":[{"not_picked":["Black Star","Pandora\u0027s Box"],"picked":"SlaversCollar"}],"items_purged_floors":[22],"is_endless":false,"potions_floor_spawned":[1,4,7,19],"killed_by":"Book of Stabbing","ascension_level":3}}