{"host":"qnw6fh3z6mhgqap2","time":1611446919,"event":{"mods":["BaseMod","Downfall","Minty Spire (QoL Compilation)","Quick Restart","Replay The Spire","StSLib","SuperFastMode"],"gold_per_floor":[114,114,127,127,139,166,166,166,166],"floor_reached":8,"language":"ENG","playtime":272,"items_purged":[],"score":59,"play_id":"bcca00e4-826b-4653-a7e3-9cc6ea4bf12b","local_time":"20210124010839","is_ascension_mode":true,"campfire_choices":[{"floor":7,"key":"DIG"}],"circlet_count":0,"master_deck":["Strike_P","Strike_P","Strike_P","Strike_P","Defend_P","Defend_P","Defend_P","Defend_P","Eruption","Vigilance","WheelKick","Prostrate","Conclude","BattleHymn"],"relics":["PureWater","NeowsBlessing","Tiny Chest","Durian","Shovel","CaptainsWheel"],"acts_visited":["Exordium"],"potions_floor_usage":[],"damage_taken":[{"damage":0,"enemies":"Jaw Worm","floor":1,"turns":1},{"damage":0,"enemies":"Small Slimes","floor":3,"turns":1},{"damage":0,"enemies":"2 Louse","floor":5,"turns":2},{"damage":58,"enemies":"Lagavulin","floor":6,"turns":5},{"damage":12,"enemies":"3 Sentries","floor":8,"turns":4}],"seed_played":"918322769225378142","potions_obtained":[],"is_trial":false,"path_per_floor":["M","?","M","T","M","E","R","E"],"character_chosen":"WATCHER","items_purchased":[],"campfire_rested":0,"item_purchase_floors":[],"current_hp_per_floor":[72,65,65,70,70,12,12,0,0],"gold":166,"neow_bonus":"THREE_ENEMY_KILL","is_daily":false,"chose_seed":false,"campfire_upgraded":0,"win_rate":0.0,"timestamp":1611446919,"path_taken":["M","?","M","?","M","E","R","E"],"items_purchased_type":[],"build_version":"2020-12-22","purchased_purges":0,"victory":false,"max_hp_per_floor":[72,72,72,77,77,77,77,77,77],"card_choices":[{"not_picked":["CutThroughFate","FlurryOfBlows"],"picked":"WheelKick","floor":1},{"not_picked":["CutThroughFate","JustLucky"],"picked":"Prostrate","floor":3},{"not_picked":["Replay:DivineShield","SashWhip"],"picked":"Conclude","floor":5},{"not_picked":["Replay:ManipulateFuture","FlyingSleeves"],"picked":"BattleHymn","floor":6}],"player_experience":171069,"relics_obtained":[{"floor":4,"key":"Durian"},{"floor":6,"key":"Shovel"},{"floor":7,"key":"CaptainsWheel"}],"event_choices":[{"damage_healed":0,"gold_gain":0,"player_choice":"Success","damage_taken":7,"relics_obtained":["Tiny Chest"],"max_hp_gain":0,"max_hp_loss":0,"event_name":"Scrap Ooze","floor":2,"gold_loss":0}],"is_beta":false,"boss_relics":[],"items_purged_floors":[],"is_endless":false,"potions_floor_spawned":[],"killed_by":"3 Sentries","ascension_level":1}}