{"host":"3i614eq7y48arb4n","time":1611478460,"event":{"mods":["Act Like it!","BaseMod","Hallownest","Minty Spire (QoL Compilation)","StSLib","The Bug Knight"],"gold_per_floor":[111,124,138,138,151,151,151,2,78,3,3,21,36,47,47,151,151,164,164,184,139,139,139,190,244,244,100,112,129,145,199,199,296,296,307,325,325,99,14,14,31,31,31,31,41,56,56,69,69,69,69],"floor_reached":50,"language":"ENG","playtime":3046,"items_purged":["HollowMod:NailStrikeStart"],"score":465,"play_id":"68f83b78-216a-4e0b-b300-4351d0ecaff8","local_time":"20210124025420","is_ascension_mode":false,"campfire_choices":[{"data":"HollowMod:DashSlash","floor":6,"key":"SMITH"},{"data":"HollowMod:MantisMark","floor":15,"key":"SMITH"},{"data":"HollowMod:Weaversong","floor":23,"key":"SMITH"},{"floor":32,"key":"REST"},{"data":"Hallownest:skillKingdomsEdgeMap","floor":40,"key":"SMITH"},{"floor":42,"key":"REST"},{"data":"HollowMod:SlysStrikes","floor":44,"key":"SMITH"},{"floor":47,"key":"REST"},{"floor":49,"key":"REST"}],"circlet_count":0,"master_deck":["HollowMod:NailStrikeStart","HollowMod:NailStrikeStart","HollowMod:NailStrikeStart+1","HollowMod:FocusHealStart","HollowMod:PogoStrike","HollowMod:HowlingWraiths+1","HollowMod:CloakDash","HollowMod:DoubleDash","HollowMod:DashSlash+1","Hallownest:skillLeafShield","Hallownest:skillLeafShield","Hallownest:skillLeafShield","Hallownest:skillLeafShield","Hallownest:skillLeafShield","HollowMod:Weaversong+1","HollowMod:MantisMark+1","HollowMod:PureNailStrike","HollowMod:SlysStrikes+1","HollowMod:BaldurShell","Hallownest:curseDreamersLament","HollowMod:SoulSplash","HollowMod:CrystalDash+1","HollowMod:SoulStrike","HollowMod:DashSlash+1","HollowMod:DungDefenderAura","Hallownest:skillKingdomsEdgeMap+1","HollowMod:GoodIntentions","HollowMod:DoubleDash"],"relics":["HollowMod:VesselMask","NeowsBlessing","ClockworkSouvenir","Letter Opener","Hallownest:DreamNailRelic","Busted Crown","Hallownest:WatcherSealRelic","Boot","FossilizedHelix","Orrery","SacredBark","HollowMod:MillibellesNoteRelic","InkBottle"],"acts_visited":["Exordium","Hallownest:Greenpath","Hallownest:CityofTears"],"potions_floor_usage":[13,13,16,16,28,50,50,50],"damage_taken":[{"damage":0,"enemies":"Hallownest:2_Baldur","floor":1,"turns":1},{"damage":0,"enemies":"Hallownest:monsterHuskWarrior","floor":2,"turns":1},{"damage":0,"enemies":"Hallownest:monsterHuskGuard","floor":3,"turns":1},{"damage":11,"enemies":"Hallownest:monsterFoolEater","floor":5,"turns":3},{"damage":4,"enemies":"Hallownest:Guard_and_Warrior","floor":12,"turns":4},{"damage":5,"enemies":"Hallownest:2_Tiktiks_1_Baldur_1_Crawlid","floor":13,"turns":5},{"damage":6,"enemies":"Hallownest:1_Ooma_and_2_Uuma","floor":14,"turns":4},{"damage":5,"enemies":"Hallownest:BossFalseKnight","floor":16,"turns":8},{"damage":3,"enemies":"Hallownest:Flukemon_and_Top","floor":18,"turns":4},{"damage":3,"enemies":"Hallownest:2_Mistakes","floor":20,"turns":4},{"damage":4,"enemies":"Hallownest:Glutton_and_Coward","floor":25,"turns":5},{"damage":14,"enemies":"Hallownest:Master_and_Novice","floor":28,"turns":6},{"damage":34,"enemies":"Hallownest:3_Mistakes","floor":29,"turns":5},{"damage":0,"enemies":"Hallownest:Warrior_and_Youth","floor":30,"turns":5},{"damage":24,"enemies":"Hallownest:Glutton_and_Coward","floor":31,"turns":5},{"damage":9,"enemies":"Hallownest:BossGrimm","floor":33,"turns":9},{"damage":10,"enemies":"Hallownest:Shield_Heavy","floor":35,"turns":6},{"damage":29,"enemies":"Hallownest:3_Siblings","floor":36,"turns":8},{"damage":30,"enemies":"Hallownest:2_Wandering_and_1_Horned","floor":41,"turns":7},{"damage":12,"enemies":"Hallownest:2_Great","floor":45,"turns":5},{"damage":26,"enemies":"Hallownest:monsterPrimalAspid","floor":46,"turns":5},{"damage":9,"enemies":"Hallownest:2_Wandering_and_1_Horned","floor":48,"turns":8},{"damage":67,"enemies":"Hallownest:Radiance","floor":50,"turns":8}],"seed_played":"6483372070428123289","potions_obtained":[{"floor":2,"key":"Regen Potion"},{"floor":12,"key":"EntropicBrew"},{"floor":14,"key":"Ancient Potion"},{"floor":16,"key":"Explosive Potion"},{"floor":25,"key":"GamblersBrew"},{"floor":30,"key":"SteroidPotion"},{"floor":33,"key":"BlessingOfTheForge"}],"is_trial":false,"path_per_floor":["M","M","M","?","M","R","?","$","T","$","?","M","M","M","R","B",null,"M","?","M","?","?","R","T","M","T","$","M","M","M","M","R","B",null,"M","M","?","$","?","R","M","R","T","R","M","M","R","M","R","B"],"character_chosen":"THE_BUGKNIGHT","items_purchased":["ClockworkSouvenir","Orrery","HollowMod:MillibellesNoteRelic","HollowMod:DungDefenderAura"],"campfire_rested":4,"item_purchase_floors":[8,27,38,38],"current_hp_per_floor":[75,75,75,75,64,64,64,64,64,64,64,60,69,63,63,58,75,72,72,69,69,69,69,69,71,71,71,57,23,33,15,37,28,75,65,42,42,42,42,42,18,39,39,39,27,1,22,19,40,0,0],"gold":69,"neow_bonus":"THREE_ENEMY_KILL","is_daily":false,"chose_seed":false,"campfire_upgraded":5,"win_rate":0.0,"timestamp":1611478460,"path_taken":["M","M","M","?","M","R","?","$","T","$","?","M","M","M","R","BOSS","M","?","M","?","?","R","?","M","T","$","M","M","M","?","R","BOSS","M","M","?","$","?","R","M","R","T","R","M","?","R","M","R","BOSS"],"items_purchased_type":["Relic","Relic","Relic","Card"],"build_version":"2020-12-22","purchased_purges":1,"victory":false,"max_hp_per_floor":[75,75,75,75,75,75,75,75,75,75,75,75,75,75,75,75,75,75,75,75,75,75,75,75,75,75,75,75,75,75,75,75,75,75,75,75,70,70,70,70,70,70,70,70,70,70,70,70,70,70,70],"card_choices":[{"not_picked":["HollowMod:CornifersMapStart","HollowMod:VengefulSpirit"],"picked":"HollowMod:HowlingWraiths","floor":1},{"not_picked":["HollowMod:WraithStrike","HollowMod:AbyssShriek"],"picked":"HollowMod:CloakDash","floor":2},{"not_picked":["HollowMod:WraithStrike","HollowMod:SoulVessel"],"picked":"HollowMod:DoubleDash","floor":3},{"not_picked":["HollowMod:HowlingWraiths","HollowMod:GoodIntentions"],"picked":"HollowMod:DashSlash","floor":5},{"not_picked":["HollowMod:DungDefenderAura","HollowMod:DescendingDark"],"picked":"HollowMod:Weaversong","floor":12},{"not_picked":["HollowMod:SoulSplash","HollowMod:GreatSlash"],"picked":"HollowMod:MantisMark","floor":13},{"not_picked":["HollowMod:InfectedCysts","HollowMod:ZotesMagnificence"],"picked":"HollowMod:PureNailStrike","floor":14},{"not_picked":["HollowMod:Hiveblood","HollowMod:PureVessel"],"picked":"HollowMod:SlysStrikes","floor":16},{"not_picked":["HollowMod:AbyssShriek"],"picked":"SKIP","floor":18},{"not_picked":[],"picked":"HollowMod:BaldurShell","floor":20},{"not_picked":["HollowMod:VengefulSpirit"],"picked":"SKIP","floor":25},{"not_picked":[],"picked":"HollowMod:SoulSplash","floor":27},{"not_picked":[],"picked":"HollowMod:CrystalDash+1","floor":27},{"not_picked":[],"picked":"HollowMod:SoulStrike","floor":28},{"not_picked":["HollowMod:ShadowDash"],"picked":"SKIP","floor":29},{"not_picked":["HollowMod:WraithStrike+1"],"picked":"SKIP","floor":30},{"not_picked":[],"picked":"HollowMod:DashSlash+1","floor":31},{"not_picked":["HollowMod:PureNailStrike"],"picked":"SKIP","floor":35},{"not_picked":["HollowMod:SiblingsShadow"],"picked":"SKIP","floor":36},{"not_picked":["HollowMod:WraithStrike+1"],"picked":"SKIP","floor":41},{"not_picked":["HollowMod:SharpenedShadows+1"],"picked":"SKIP","floor":45},{"not_picked":[],"picked":"HollowMod:GoodIntentions","floor":46},{"not_picked":[],"picked":"HollowMod:DoubleDash","floor":48}],"player_experience":133295,"relics_obtained":[{"floor":9,"key":"Letter Opener"},{"floor":24,"key":"Boot"},{"floor":26,"key":"FossilizedHelix"},{"floor":43,"key":"InkBottle"}],"event_choices":[],"is_beta":false,"boss_relics":[{"not_picked":["Fusion Hammer","Runic Pyramid"],"picked":"Busted Crown"},{"not_picked":["Empty Cage","Pandora\u0027s Box"],"picked":"SacredBark"}],"items_purged_floors":[10],"is_endless":false,"potions_floor_spawned":[2,12,14,16,25,30,31,33,45,48],"killed_by":"Hallownest:Radiance","ascension_level":0}}