{"host":"ux8r2oyej5019q8x","time":1611527707,"event":{"mods":["AchievementEnabler","BaseMod","Colored Map","Colored Powertips","GifTheSpireLib","HexUI Lib","Highlight Path","Minty Spire (QoL Compilation)","Rare Cards Sparkle","Relic Stats","StSLib","everything is the same but u backflip on backflip"],"gold_per_floor":[110,38,38,50,26,58,58,58,58,75,85,120,120,155,155,155,155],"floor_reached":16,"language":"ENG","playtime":1136,"items_purged":[],"score":179,"play_id":"adeb6523-2e26-4069-8d88-ac271e5a4803","local_time":"20210124233507","is_ascension_mode":true,"campfire_choices":[{"floor":8.0,"key":"REST"},{"floor":15,"key":"REST"}],"circlet_count":0,"master_deck":["Strike_B","Strike_B","Strike_B","Strike_B","Defend_B","Defend_B","Defend_B","Defend_B","Zap","Dualcast","Coolheaded","Chill","Cold Snap","Ball Lightning","Fusion","Blizzard","Redo","Tempest"],"relics":["Cracked Core","NeowsBlessing","Lantern","Regal Pillow","MealTicket","Juzu Bracelet","PreservedInsect"],"acts_visited":["Exordium"],"potions_floor_usage":[14,16],"damage_taken":[{"damage":0.0,"enemies":"Jaw Worm","floor":1.0,"turns":1.0},{"damage":0.0,"enemies":"Small Slimes","floor":4.0,"turns":1.0},{"damage":0.0,"enemies":"3 Sentries","floor":6.0,"turns":1.0},{"damage":0.0,"enemies":"Cultist","floor":10.0,"turns":4.0},{"damage":6,"enemies":"Exordium Wildlife","floor":11,"turns":2},{"damage":23,"enemies":"Lagavulin","floor":12,"turns":7},{"damage":44,"enemies":"Gremlin Nob","floor":14,"turns":5},{"damage":44,"enemies":"Hexaghost","floor":16,"turns":10}],"seed_played":"-5005018983949315486","potions_obtained":[{"floor":4.0,"key":"LiquidBronze"},{"floor":10,"key":"LiquidMemories"},{"floor":11,"key":"Dexterity Potion"}],"is_trial":false,"path_per_floor":["M","$","?","M","$","E","?","R","T","M","M","E","?","E","R","B"],"character_chosen":"DEFECT","items_purchased":["Chill","Ball Lightning"],"campfire_rested":2,"item_purchase_floors":[2,5],"current_hp_per_floor":[75,75,75,75,75,75,72,75,75,75,69,46,46,2,39,0,0],"gold":155,"neow_bonus":"THREE_ENEMY_KILL","is_daily":false,"chose_seed":false,"campfire_upgraded":0,"win_rate":0.0,"timestamp":1611527707,"path_taken":["M","$","?","M","$","E","?","R","T","M","M","E","?","E","R","BOSS"],"items_purchased_type":["Card","Card"],"build_version":"2020-12-22","purchased_purges":0,"victory":false,"max_hp_per_floor":[75,75,75,75,75,75,75,75,75,75,75,75,75,75,75,75,75],"relic_stats":{"Regal Pillow":15,"counters":[8,31],"MealTicket":0,"PreservedInsect":0,"Juzu Bracelet":0,"obtain_stats":[{"Lantern":6,"Regal Pillow":7,"NeowsBlessing":0,"MealTicket":9,"PreservedInsect":14,"Juzu Bracelet":12,"Cracked Core":0},{"Lantern":3,"Regal Pillow":3,"NeowsBlessing":0,"MealTicket":3,"PreservedInsect":7,"Juzu Bracelet":6,"Cracked Core":0},{"Lantern":3,"Regal Pillow":3,"NeowsBlessing":0,"MealTicket":3,"PreservedInsect":21,"Juzu Bracelet":16,"Cracked Core":0}]},"card_choices":[{"not_picked":["Leap","Gash"],"picked":"Coolheaded","floor":1.0},{"not_picked":["Steam Power","Coolheaded"],"picked":"Cold Snap","floor":4.0},{"not_picked":["Redo","Rebound"],"picked":"Fusion","floor":6.0},{"not_picked":["Core Surge","Turbo"],"picked":"Blizzard","floor":10},{"not_picked":["White Noise","Rebound"],"picked":"Redo","floor":11},{"not_picked":["Redo","Chill"],"picked":"Tempest","floor":12},{"not_picked":["Streamline","Turbo","Cold Snap"],"picked":"SKIP","floor":14}],"player_experience":214505,"relics_obtained":[{"floor":6.0,"key":"Lantern"},{"floor":9.0,"key":"MealTicket"},{"floor":12,"key":"Juzu Bracelet"},{"floor":14,"key":"PreservedInsect"}],"event_choices":[{"damage_healed":0.0,"max_hp_gain":0.0,"max_hp_loss":0.0,"gold_gain":0.0,"event_name":"The Cleric","player_choice":"Leave","floor":3.0,"gold_loss":0.0,"damage_taken":0.0},{"damage_healed":0.0,"max_hp_gain":0.0,"max_hp_loss":0.0,"gold_gain":0.0,"event_name":"Scrap Ooze","player_choice":"Success","floor":7.0,"gold_loss":0.0,"damage_taken":3.0,"relics_obtained":["Regal Pillow"]},{"damage_healed":0,"gold_gain":0,"player_choice":"Relic","damage_taken":0,"max_hp_gain":0,"max_hp_loss":0,"event_name":"Wheel of Change","floor":13,"gold_loss":0}],"is_beta":false,"boss_relics":[],"items_purged_floors":[],"is_endless":false,"potions_floor_spawned":[4,10,11,12],"killed_by":"Hexaghost","ascension_level":5}}