{"host":"7k2a2omxz3voj5ax","time":1611481425,"event":{"mods":["BaseMod","Marisa£¨ìFÓê¡¡Ä§ÀíÉ³£©","Minty Spire (QoL Compilation)","Quick Restart","Spicy Shops","StSLib","Starting Relic: Pandora\u0027s Box","¡¾ÒÅÎï¿¨ÅÆ¡¿REMEMod","óô»ðÖ¸ÄÏ"],"gold_per_floor":[10,10,10,35,35,68,68,87,87,131,154,79,117,132,132,228,228,241,241,241,260,273,273,273],"floor_reached":23,"language":"ZHS","playtime":774,"items_purged":[],"score":572,"play_id":"203933fd-f9bd-40aa-aa87-4c79d9655b3c","local_time":"20210124184345","is_ascension_mode":true,"campfire_choices":[{"data":"BlazingStar","floor":7.0,"key":"SMITH"},{"data":"BlazeAway","floor":15,"key":"SMITH"}],"circlet_count":0,"master_deck":["AscendersBane","UpSweep","MilkyWay","GasGiant","Acceleration","LuminesStrike","GalacticHalo","BlazingStar+1","CasketOfStar","EarthLightRay","PowerUp","BlazeAway+1","FinalSpark","Decay"],"relics":["MiniHakkero","REME_ComplimentaryCards","Golden Idol","Du-Vu Doll","Torii","Bottled Flame","Empty Cage"],"acts_visited":["Exordium","TheCity"],"potions_floor_usage":[10,13,21,22,23],"damage_taken":[{"damage":0.0,"enemies":"Small Slimes","floor":1.0,"turns":2.0},{"damage":0.0,"enemies":"2 Louse","floor":4.0,"turns":2.0},{"damage":10.0,"enemies":"3 Sentries","floor":6.0,"turns":5.0},{"damage":0.0,"enemies":"Cultist","floor":8.0,"turns":2.0},{"damage":8,"enemies":"Gremlin Nob","floor":10,"turns":3},{"damage":0,"enemies":"2 Fungi Beasts","floor":11,"turns":2},{"damage":0,"enemies":"3 Sentries","floor":13,"turns":4},{"damage":0,"enemies":"Exordium Thugs","floor":14,"turns":2},{"damage":0,"enemies":"Slime Boss","floor":16,"turns":5},{"damage":22,"enemies":"Shell Parasite","floor":18,"turns":3},{"damage":12,"enemies":"2 Thieves","floor":21,"turns":4},{"damage":15,"enemies":"Centurion and Healer","floor":22,"turns":4},{"damage":40,"enemies":"Book of Stabbing","floor":23,"turns":2}],"seed_played":"138299672880318330","potions_obtained":[{"floor":4.0,"key":"Swift Potion"},{"floor":10,"key":"Block Potion"},{"floor":14,"key":"SteroidPotion"},{"floor":16,"key":"SkillPotion"},{"floor":22,"key":"DistilledChaos"}],"is_trial":false,"path_per_floor":["M","?","?","M","?","E","R","M","T","E","M","?","E","M","R","B",null,"M","?","?","M","M","E"],"character_chosen":"MARISA","items_purchased":[],"campfire_rested":0,"item_purchase_floors":[],"current_hp_per_floor":[63,63,63,63,63,57,57,57,57,49,49,49,53,57,57,61,63,41,41,41,33,22,0,0],"gold":273,"neow_bonus":"THREE_RARE_CARDS","is_daily":false,"chose_seed":false,"campfire_upgraded":2,"win_rate":0.0,"timestamp":1611481425,"path_taken":["M","?","?","M","?","E","R","M","T","E","M","?","E","M","R","BOSS","M","?","?","?","M","E"],"items_purchased_type":[],"build_version":"2020-12-22","purchased_purges":0,"victory":false,"max_hp_per_floor":[70,70,63,63,63,63,63,63,63,63,63,63,63,63,63,63,63,63,63,63,63,63,63,63],"card_choices":[{"not_picked":["JA","CasketOfStar"],"picked":"BlazingStar","floor":0.0},{"not_picked":["GalacticHalo","OrrerysSun"],"picked":"EarthLightRay","floor":1.0},{"not_picked":["ChargeUpSpray","ChargingUp","SporeBomb"],"picked":"SKIP","floor":4.0},{"not_picked":["WitchOfGreed","Orbital","MilkyWay"],"picked":"SKIP","floor":6.0},{"not_picked":["PropBag","GalacticHalo","AsteroidBelt"],"picked":"SKIP","floor":8.0},{"not_picked":["ChargingUp","OortCloud","RefractionSpark"],"picked":"SKIP","floor":10},{"not_picked":["Acceleration","GalacticHalo"],"picked":"PowerUp","floor":11},{"not_picked":["FairyDestructionRay","LuminesStrike","GrandCross"],"picked":"SKIP","floor":13},{"not_picked":["6A","ShootingEcho"],"picked":"BlazeAway","floor":14},{"not_picked":["ManaRampage","JA"],"picked":"FinalSpark","floor":16},{"not_picked":["NonDirectionalLaser","ShootingEcho","DragonMeteor"],"picked":"SKIP","floor":18},{"not_picked":["DarkMatter","IllusionStar","GalacticHalo"],"picked":"SKIP","floor":21},{"not_picked":["LuminesStrike","GrandCross","GravityBeat"],"picked":"SKIP","floor":22}],"player_experience":495759,"relics_obtained":[{"floor":6.0,"key":"Du-Vu Doll"},{"floor":9.0,"key":"Torii"},{"floor":13,"key":"Bottled Flame"}],"event_choices":[{"damage_healed":0.0,"max_hp_gain":0.0,"max_hp_loss":0.0,"gold_gain":0.0,"event_name":"Liars Game","player_choice":"Ignored","floor":2.0,"gold_loss":0.0,"damage_taken":0.0},{"damage_healed":0.0,"max_hp_gain":0.0,"max_hp_loss":7.0,"gold_gain":0.0,"event_name":"Golden Idol","player_choice":"Lose Max HP","floor":3.0,"gold_loss":0.0,"damage_taken":0.0,"relics_obtained":["Golden Idol"]},{"cards_removed":["UnstableBomb"],"damage_healed":0.0,"max_hp_gain":0.0,"max_hp_loss":0.0,"gold_gain":0.0,"event_name":"Living Wall","player_choice":"Forget","floor":5.0,"gold_loss":0.0,"damage_taken":0.0},{"cards_removed":["MasterSpark"],"damage_healed":0,"gold_gain":0,"player_choice":"Card Removal","damage_taken":0,"max_hp_gain":0,"max_hp_loss":0,"event_name":"The Cleric","floor":12,"gold_loss":75},{"damage_healed":0,"gold_gain":0,"player_choice":"Ignored","damage_taken":0,"max_hp_gain":0,"max_hp_loss":0,"event_name":"Vampires","floor":19,"gold_loss":0},{"damage_healed":0,"gold_gain":0,"player_choice":"Cursed","damage_taken":0,"max_hp_gain":0,"max_hp_loss":0,"event_name":"Wheel of Change","floor":20,"gold_loss":0,"cards_obtained":["Decay"]}],"is_beta":false,"boss_relics":[{"not_picked":["Busted Crown","Velvet Choker"],"picked":"Empty Cage"}],"items_purged_floors":[],"is_endless":false,"potions_floor_spawned":[4,10,14,16,18,22],"killed_by":"Book of Stabbing","ascension_level":20}}