{"host":"ebj6lkgm8suah319","time":1611500471,"event":{"mods":["2.2 Compatiblity","AchievementEnabler","BaseMod","Block Reminder","Colored Map","Colored Powertips","Minty Spire (QoL Compilation)","Quick Restart","Rare Cards Sparkle","Relic Stats","SuperFastMode"],"gold_per_floor":[110,122,122,47,70,114,114,39,107,146,169,169,188,231,231,329,329,342,74,124,149,174,217,217,217,217,217,217],"floor_reached":27,"language":"ENG","playtime":525,"items_purged":["Strike_R","Strike_R"],"score":538,"play_id":"3fe2d603-9e1f-4bee-80b4-ab05d6048fb0","local_time":"20210124100111","is_ascension_mode":true,"campfire_choices":[{"data":"Immolate","floor":7.0,"key":"SMITH"},{"floor":12,"key":"REST"},{"data":"Uppercut","floor":15,"key":"SMITH"},{"data":"True Grit","floor":25,"key":"SMITH"}],"circlet_count":0,"master_deck":["AscendersBane","Strike_R","Strike_R","Defend_R","Defend_R","Defend_R","Defend_R","Bash","Inflame","Clothesline","Shrug It Off","Immolate+1","Uppercut+1","Barricade","Shrug It Off","Limit Break","Sword Boomerang","Inflame","Whirlwind","Pommel Strike","True Grit+1"],"relics":["Philosopher\u0027s Stone","Golden Idol","Toy Ornithopter","Kunai","Mercury Hourglass","Sundial","Cursed Key","Membership Card","Happy Flower","SsserpentHead"],"acts_visited":["Exordium","TheCity"],"potions_floor_usage":[],"damage_taken":[{"damage":8.0,"enemies":"Small Slimes","floor":1.0,"turns":3.0},{"damage":0.0,"enemies":"2 Louse","floor":2.0,"turns":3.0},{"damage":4.0,"enemies":"Jaw Worm","floor":5.0,"turns":3.0},{"damage":10.0,"enemies":"Lagavulin","floor":6.0,"turns":7.0},{"damage":9,"enemies":"Gremlin Nob","floor":10,"turns":3},{"damage":0,"enemies":"Lots of Slimes","floor":11,"turns":1},{"damage":1,"enemies":"2 Fungi Beasts","floor":13,"turns":3},{"damage":9,"enemies":"3 Sentries","floor":14,"turns":4},{"damage":20,"enemies":"The Guardian","floor":16,"turns":11},{"damage":0,"enemies":"Chosen","floor":18,"turns":3},{"damage":16,"enemies":"2 Thieves","floor":21,"turns":3},{"damage":7,"enemies":"3 Cultists","floor":22,"turns":3},{"damage":0,"enemies":"Gremlin Leader","floor":23,"turns":4},{"damage":45,"enemies":"Book of Stabbing","floor":27,"turns":4}],"seed_played":"3680228589534781407","potions_obtained":[{"floor":5.0,"key":"Block Potion"},{"floor":6.0,"key":"Strength Potion"},{"floor":11,"key":"BlessingOfTheForge"}],"is_trial":false,"path_per_floor":["M","M","?","?","M","E","R","$","T","E","M","R","M","E","R","B",null,"M","$","?","M","M","E","?","R","T","E"],"character_chosen":"IRONCLAD","items_purchased":["Membership Card","Inflame"],"campfire_rested":1,"item_purchase_floors":[19,19],"current_hp_per_floor":[60,60,60,60,56,46,46,46,46,37,37,57,56,47,47,27,58,58,58,58,42,35,35,35,35,35,0,0],"gold":217,"neow_bonus":"BOSS_RELIC","is_daily":false,"chose_seed":false,"campfire_upgraded":3,"win_rate":0.0,"timestamp":1611500471,"path_taken":["M","M","?","?","M","E","R","?","T","E","M","R","?","E","R","BOSS","M","$","?","M","M","E","?","R","T","E"],"items_purchased_type":["Relic","Card"],"build_version":"2020-12-22","purchased_purges":2,"victory":false,"max_hp_per_floor":[75,75,68,68,68,68,68,68,68,68,68,68,68,68,68,68,68,68,68,68,68,68,68,68,68,68,68,68],"relic_stats":{"SsserpentHead":0,"Happy Flower":[1],"counters":[14,54],"Golden Idol":82,"Sundial":[4],"Kunai":[6],"Cursed Key":0,"obtain_stats":[{"SsserpentHead":24,"Happy Flower":23,"Golden Idol":3,"Sundial":14,"Philosopher\u0027s Stone":0,"Kunai":9,"Membership Card":19,"Cursed Key":17,"Burning Blood":0,"Toy Ornithopter":6,"Mercury Hourglass":10},{"SsserpentHead":13,"Happy Flower":13,"Golden Idol":2,"Sundial":8,"Philosopher\u0027s Stone":0,"Kunai":4,"Membership Card":10,"Cursed Key":9,"Burning Blood":0,"Toy Ornithopter":4,"Mercury Hourglass":5},{"SsserpentHead":50,"Happy Flower":50,"Golden Idol":6,"Sundial":27,"Philosopher\u0027s Stone":0,"Kunai":16,"Membership Card":41,"Cursed Key":38,"Burning Blood":0,"Toy Ornithopter":16,"Mercury Hourglass":19}],"Toy Ornithopter":0,"Mercury Hourglass":[169]},"card_choices":[{"not_picked":["Warcry","Cleave"],"picked":"Inflame","floor":1.0},{"not_picked":["Twin Strike","Hemokinesis"],"picked":"Clothesline","floor":2.0},{"not_picked":["Clothesline","Reckless Charge"],"picked":"Shrug It Off","floor":5.0},{"not_picked":["Entrench","Sword Boomerang"],"picked":"Immolate","floor":6.0},{"not_picked":["Dropkick","True Grit"],"picked":"Uppercut","floor":10},{"not_picked":["Fire Breathing","Anger","Wild Strike"],"picked":"SKIP","floor":11},{"not_picked":["Cleave","Body Slam"],"picked":"Barricade","floor":13},{"not_picked":["Sentinel","Uppercut"],"picked":"Shrug It Off","floor":14},{"not_picked":["Brutality","Barricade"],"picked":"Limit Break","floor":16},{"not_picked":["Flex","Ghostly Armor"],"picked":"Sword Boomerang","floor":18},{"not_picked":["Thunderclap","Heavy Blade"],"picked":"Whirlwind","floor":21},{"not_picked":["Dropkick","Flex"],"picked":"Pommel Strike","floor":22},{"not_picked":["Sword Boomerang","Body Slam"],"picked":"True Grit","floor":23}],"player_experience":63809,"relics_obtained":[{"floor":6.0,"key":"Toy Ornithopter"},{"floor":9.0,"key":"Kunai"},{"floor":10,"key":"Mercury Hourglass"},{"floor":14,"key":"Sundial"},{"floor":23,"key":"Happy Flower"}],"event_choices":[{"damage_healed":0.0,"max_hp_gain":0.0,"max_hp_loss":7.0,"gold_gain":0.0,"event_name":"Golden Idol","player_choice":"Lose Max HP","floor":3.0,"gold_loss":0.0,"damage_taken":0.0,"relics_obtained":["Golden Idol"]},{"cards_removed":["Strike_R"],"damage_healed":0.0,"max_hp_gain":0.0,"max_hp_loss":0.0,"gold_gain":0.0,"event_name":"The Cleric","player_choice":"Card Removal","floor":4.0,"gold_loss":75.0,"damage_taken":0.0},{"damage_healed":0,"gold_gain":50,"player_choice":"Stole From Cult","damage_taken":0,"max_hp_gain":0,"max_hp_loss":0,"event_name":"Nest","floor":20,"gold_loss":0},{"damage_healed":0,"gold_gain":0,"player_choice":"Trade","damage_taken":0,"relics_obtained":["SsserpentHead"],"max_hp_gain":0,"max_hp_loss":0,"event_name":"FaceTrader","floor":24,"gold_loss":0}],"is_beta":false,"boss_relics":[{"not_picked":["Tiny House","Astrolabe"],"picked":"Cursed Key"}],"items_purged_floors":[8,19],"is_endless":false,"potions_floor_spawned":[5,6,11,21,22],"killed_by":"Book of Stabbing","ascension_level":19}}