{"host":"qm4rv4rkpk76sbxu","time":1611488937,"event":{"mods":["BaseMod","Bestiary","Block Reminder","DeckTracker","Filter the Spire","Keyboard Shortcuts","Minty Spire (QoL Compilation)","MonsterHotkey","Quick Restart","Random Character Button","Relic Stats","Slay-I","StSLib","Unceasing Turn Reminder","ojb\u0027s Better Paths Mod","ojb\u0027s Info Mod"],"gold_per_floor":[113,113,113,113,15,15,29,58,58,58,75,75,93,106,106,211,211,223,223,148,148,168,168,194,209,281,295,295,329,329,340,340,437,437,452,1451,745,761,761,761,761],"floor_reached":40,"language":"ENG","playtime":1096,"items_purged":["Normality"],"score":521,"play_id":"7ec875b5-3076-49cf-b6bc-2244c8dd8fa1","local_time":"20210124124857","is_ascension_mode":true,"campfire_choices":[{"data":"Vigilance","floor":6,"key":"SMITH"},{"data":"Wallop","floor":12,"key":"SMITH"},{"floor":15,"key":"REST"},{"floor":23,"key":"REST"},{"floor":30,"key":"REST"},{"floor":32,"key":"RECALL"}],"circlet_count":0,"master_deck":["Strike_P","Strike_P","Strike_P","Defend_P","Defend_P","Defend_P+1","Eruption+1","Vigilance+1","FlurryOfBlows","Wallop+1","FlurryOfBlows","TalkToTheHand","FlurryOfBlows","Devotion+1","CutThroughFate","CutThroughFate","CrushJoints+1","Halt+1","Vault","FlurryOfBlows+1","Normality","WheelKick","FlurryOfBlows+1","Madness","Madness"],"relics":["PureWater","Anchor","Nunchaku","Vajra","Letter Opener","Fusion Hammer","Incense Burner","Kunai","Thread and Needle","Black Star","Centennial Puzzle","Dead Branch"],"acts_visited":["Exordium","TheCity","TheBeyond"],"potions_floor_usage":[14,16,24,33,33,38,40,40,40,40],"damage_taken":[{"damage":2,"enemies":"Small Slimes","floor":1,"turns":5},{"damage":2,"enemies":"Jaw Worm","floor":7,"turns":4},{"damage":10,"enemies":"Lagavulin","floor":8,"turns":6},{"damage":0,"enemies":"2 Louse","floor":11,"turns":2},{"damage":0,"enemies":"Gremlin Gang","floor":13,"turns":3},{"damage":0,"enemies":"3 Louse","floor":14,"turns":2},{"damage":29,"enemies":"The Guardian","floor":16,"turns":11},{"damage":19,"enemies":"Shell Parasite","floor":18,"turns":3},{"damage":0,"enemies":"Chosen","floor":22,"turns":3},{"damage":22,"enemies":"Slavers","floor":24,"turns":4},{"damage":0,"enemies":"Centurion and Healer","floor":25,"turns":4},{"damage":0,"enemies":"Snake Plant","floor":27,"turns":3},{"damage":0,"enemies":"Gremlin Leader","floor":29,"turns":3},{"damage":0,"enemies":"Cultist and Chosen","floor":31,"turns":5},{"damage":44,"enemies":"Collector","floor":33,"turns":6},{"damage":45,"enemies":"3 Darklings","floor":35,"turns":4},{"damage":0,"enemies":"3 Shapes","floor":38,"turns":2},{"damage":21,"enemies":"Reptomancer","floor":40,"turns":2}],"seed_played":"-2694829951180323464","potions_obtained":[{"floor":10,"key":"AttackPotion"},{"floor":10,"key":"CultistPotion"},{"floor":16,"key":"Energy Potion"},{"floor":18,"key":"PowerPotion"},{"floor":27,"key":"Strength Potion"},{"floor":33,"key":"SteroidPotion"}],"is_trial":false,"path_per_floor":["M","?","?","?","$","R","M","E","T","?","M","R","M","M","R","B",null,"M","?","?","?","M","R","E","M","T","M","?","E","R","M","R","B",null,"M","?","$","M","?","E"],"character_chosen":"WATCHER","items_purchased":["PowerPotion","Fire Potion","Centennial Puzzle","EntropicBrew","WheelKick","Dead Branch"],"campfire_rested":3,"item_purchase_floors":[5,5,37,37,37,37],"current_hp_per_floor":[70,56,38,31,31,31,29,19,19,19,19,19,19,19,40,11,72,53,53,53,46,46,67,45,45,45,45,45,45,66,66,66,22,72,27,27,27,27,18,0,0],"gold":761,"neow_bonus":"RANDOM_COMMON_RELIC","is_daily":false,"chose_seed":false,"campfire_upgraded":2,"win_rate":0.0,"timestamp":1611488937,"path_taken":["M","?","?","?","$","R","M","E","T","?","?","R","M","M","R","BOSS","M","?","?","?","M","R","E","M","T","?","?","E","R","M","R","BOSS","M","?","$","M","?","E"],"items_purchased_type":["Potion","Potion","Relic","Potion","Card","Relic"],"build_version":"2020-12-22","purchased_purges":1,"victory":false,"max_hp_per_floor":[72,72,72,72,72,72,72,72,72,72,72,72,72,72,72,72,72,72,72,72,72,72,72,72,72,72,72,72,72,72,72,72,72,72,72,72,72,72,72,72,72],"relic_stats":{"Nunchaku":[22],"Centennial Puzzle":[0],"counters":[18,72],"Dead Branch":[2],"Black Star":0,"Letter Opener":[35],"Kunai":[21],"obtain_stats":[{"Anchor":0,"Nunchaku":3,"Centennial Puzzle":37,"Dead Branch":37,"Vajra":8,"Thread and Needle":29,"Fusion Hammer":17,"Incense Burner":24,"Black Star":34,"Letter Opener":9,"Kunai":26,"PureWater":0},{"Anchor":0,"Nunchaku":1,"Centennial Puzzle":16,"Dead Branch":16,"Vajra":3,"Thread and Needle":13,"Fusion Hammer":7,"Incense Burner":10,"Black Star":15,"Letter Opener":3,"Kunai":11,"PureWater":0},{"Anchor":0,"Nunchaku":5,"Centennial Puzzle":68,"Dead Branch":68,"Vajra":15,"Thread and Needle":53,"Fusion Hammer":33,"Incense Burner":43,"Black Star":64,"Letter Opener":15,"Kunai":47,"PureWater":0}]},"card_choices":[{"not_picked":["Swivel","Prostrate"],"picked":"FlurryOfBlows","floor":1},{"not_picked":["ThirdEye","EmptyMind"],"picked":"Wallop","floor":7},{"not_picked":["FlyingSleeves","ForeignInfluence"],"picked":"FlurryOfBlows","floor":8},{"not_picked":["MentalFortress","CutThroughFate"],"picked":"TalkToTheHand","floor":11},{"not_picked":["EmptyBody","ForeignInfluence"],"picked":"FlurryOfBlows","floor":13},{"not_picked":["FlurryOfBlows","EmptyBody","MasterReality"],"picked":"SKIP","floor":14},{"not_picked":["DeusExMachina","Ragnarok"],"picked":"Devotion","floor":16},{"not_picked":["PathToVictory","EmptyBody+1"],"picked":"CutThroughFate","floor":18},{"not_picked":["Protect+1","CrushJoints","EmptyFist"],"picked":"SKIP","floor":22},{"not_picked":["Study","FlurryOfBlows"],"picked":"CutThroughFate","floor":24},{"not_picked":["FlurryOfBlows","EmptyFist"],"picked":"CrushJoints+1","floor":25},{"not_picked":["Indignation","BattleHymn+1","ThirdEye"],"picked":"SKIP","floor":27},{"not_picked":["BattleHymn+1","SpiritShield"],"picked":"Halt+1","floor":29},{"not_picked":["Crescendo","Adaptation","Halt"],"picked":"SKIP","floor":31},{"not_picked":["Ragnarok","Wish"],"picked":"Vault","floor":33},{"not_picked":["DeceiveReality","CrushJoints"],"picked":"FlurryOfBlows+1","floor":35},{"not_picked":["Pray","CutThroughFate"],"picked":"FlurryOfBlows+1","floor":38}],"player_experience":1388346,"relics_obtained":[{"floor":8,"key":"Vajra"},{"floor":9,"key":"Letter Opener"},{"floor":24,"key":"Incense Burner"},{"floor":26,"key":"Kunai"},{"floor":29,"key":"Thread and Needle"}],"event_choices":[{"damage_healed":0,"gold_gain":0,"player_choice":"Entered Light","damage_taken":14,"max_hp_gain":0,"max_hp_loss":0,"event_name":"Shining Light","floor":2,"gold_loss":0,"cards_upgraded":["Defend_P","Eruption"]},{"damage_healed":0,"gold_gain":0,"player_choice":"Success","damage_taken":18,"relics_obtained":["Nunchaku"],"max_hp_gain":0,"max_hp_loss":0,"event_name":"Scrap Ooze","floor":3,"gold_loss":0},{"cards_removed":["Defend_P"],"damage_healed":0,"gold_gain":0,"player_choice":"Card Removal","damage_taken":7,"max_hp_gain":0,"max_hp_loss":0,"event_name":"Golden Wing","floor":4,"gold_loss":0},{"damage_healed":0,"gold_gain":0,"player_choice":"Got Potions","damage_taken":0,"max_hp_gain":0,"max_hp_loss":0,"event_name":"Lab","floor":10,"gold_loss":0},{"damage_healed":0,"gold_gain":0,"player_choice":"Ignored","damage_taken":0,"max_hp_gain":0,"max_hp_loss":0,"event_name":"Vampires","floor":19,"gold_loss":0},{"cards_removed":["Strike_P"],"damage_healed":0,"gold_gain":0,"player_choice":"Gave Gold","damage_taken":0,"max_hp_gain":0,"max_hp_loss":0,"event_name":"Beggar","floor":20,"gold_loss":75},{"damage_healed":0,"gold_gain":0,"player_choice":"Damaged","damage_taken":7,"max_hp_gain":0,"max_hp_loss":0,"event_name":"Wheel of Change","floor":21,"gold_loss":0},{"damage_healed":0,"gold_gain":0,"player_choice":"Upgraded","damage_taken":0,"max_hp_gain":0,"max_hp_loss":0,"event_name":"Upgrade Shrine","floor":28,"gold_loss":0,"cards_upgraded":["Devotion"]},{"damage_healed":0,"gold_gain":999,"player_choice":"Gold","damage_taken":0,"max_hp_gain":0,"max_hp_loss":0,"event_name":"MindBloom","floor":36,"gold_loss":0,"cards_obtained":["Normality","Normality"]},{"damage_healed":0,"gold_gain":0,"player_choice":"Embrace Madness","damage_taken":9,"max_hp_gain":0,"max_hp_loss":0,"event_name":"Winding Halls","floor":39,"gold_loss":0,"cards_obtained":["Madness","Madness"]}],"is_beta":false,"boss_relics":[{"not_picked":["Empty Cage","Runic Dome"],"picked":"Fusion Hammer"},{"not_picked":["Tiny House","Coffee Dripper"],"picked":"Black Star"}],"items_purged_floors":[37],"is_endless":false,"potions_floor_spawned":[11,13,16,18,27,31,33],"killed_by":"Reptomancer","ascension_level":1}}