{"host":"56ghxnzsglgdq727","time":1611460956,"event":{"mods":["AchievementEnabler","BaseMod","Downfall","Duelist Mod","Minty Spire (QoL Compilation)","Rare Cards Sparkle","StSLib","The Bug Knight","The Exalted","The Senshi","The Wild Card"],"gold_per_floor":[11,11,30,47,63,63,98,98,122,122,141,154,329,339,339,443,443,456,474,474,490,415,415,435,458,484,44,44,44,44,61,61,159,159,170,188,203,203,203,203,273,299,299,299,325,345,33,33,33,33,33],"floor_reached":50,"language":"ENG","playtime":2735,"items_purged":["theDuelist:Grasschopper","theDuelist:Sparks","theDuelist:CastleWalls"],"score":807,"play_id":"a9748d12-2e4b-4206-b5ee-a62fa9064fb8","local_time":"20210123230236","is_ascension_mode":true,"campfire_choices":[{"data":"theDuelist:BugMatrix","floor":6,"key":"SMITH"},{"floor":10,"key":"REST"},{"floor":15,"key":"REST"},{"data":"theDuelist:Zektarrow","floor":23,"key":"SMITH"},{"floor":30,"key":"REST"},{"floor":32,"key":"REST"},{"floor":40,"key":"REST"},{"data":"theDuelist:CocoonUltraEvolution","floor":44,"key":"SMITH"},{"floor":49,"key":"REST"}],"circlet_count":0,"master_deck":["theDuelist:CrossSwordBeetle","theDuelist:EmpressMantis","theDuelist:InsectKnight","theDuelist:RazorLizard","theDuelist:RazorLizard","theDuelist:Sparks+1","theDuelist:StormSparks","theDuelist:ZefraMetaltron","theWildCard:Metatron","theDuelist:BugMatrix+1","theDuelist:ManEaterBug+1","theDuelist:LinkSpider+1","theDuelist:Zektarrow+1","theDuelist:BugSignal+1","theDuelist:PotGreed","theDuelist:Parasite","theDuelist:SkullMarkLadybug","theDuelist:CocoonUltraEvolution+1","theDuelist:SpiritualForest","theDuelist:Forest+1","theDuelist:HammerShot+1","theDuelist:Zektkaliber","CurseOfTheBell","CurseOfTheBell"],"relics":["theDuelist:MillenniumPuzzle","theDuelist:CardPoolRelic","theDuelist:CardPoolBasicRelic","theDuelist:BoosterPackPoolRelic","theDuelist:CardPoolAddRelic","theDuelist:CardPoolMinusRelic","theDuelist:CardPoolSaveRelic","theDuelist:CardPoolOptionsRelic","Gambling Chip","Akabeko","Potion Belt","Empty Cage","Whetstone","Orichalcum","theDuelist:MerchantPendant","theDuelist:KaibaToken","Philosopher\u0027s Stone","Toxic Egg 2","Blood Vial","Incense Burner","Smiling Mask","Pantograph","downfall:ExtraCursedBell","HollowMod:PaleOreRelic","theDuelist:TributeEggRelic","Bromod:ArcaneAvenger"],"acts_visited":["Exordium","TheCity","TheBeyond"],"potions_floor_usage":[12,16,16,16,21,33,42,42,50,50],"damage_taken":[{"damage":0,"enemies":"2 Louse","floor":1,"turns":2},{"damage":5,"enemies":"Jaw Worm","floor":3,"turns":4},{"damage":9,"enemies":"Cultist","floor":4,"turns":5},{"damage":19,"enemies":"Exordium Thugs","floor":5,"turns":4},{"damage":30,"enemies":"3 Sentries","floor":7,"turns":4},{"damage":14,"enemies":"Blue Slaver","floor":11,"turns":3},{"damage":17,"enemies":"Exordium Thugs","floor":12,"turns":6},{"damage":0,"enemies":"2 Fungi Beasts","floor":14,"turns":1},{"damage":11,"enemies":"Slime Boss","floor":16,"turns":7},{"damage":32,"enemies":"Shell Parasite","floor":18,"turns":6},{"damage":17,"enemies":"2 Thieves","floor":19,"turns":3},{"damage":11,"enemies":"Centurion and Healer","floor":21,"turns":8},{"damage":0,"enemies":"Sentry and Sphere","floor":24,"turns":4},{"damage":0,"enemies":"Snake Plant","floor":31,"turns":4},{"damage":0,"enemies":"Champ","floor":33,"turns":13},{"damage":39,"enemies":"3 Darklings","floor":35,"turns":5},{"damage":0,"enemies":"3 Shapes","floor":36,"turns":2},{"damage":5,"enemies":"Spire Growth","floor":37,"turns":5},{"damage":3,"enemies":"Giant Head","floor":42,"turns":9},{"damage":16,"enemies":"3 Darklings","floor":46,"turns":3},{"damage":82,"enemies":"Donu and Deca","floor":50,"turns":6}],"seed_played":"73772775303346539","potions_obtained":[{"floor":4,"key":"theDuelist:WaterBottle"},{"floor":5,"key":"theDuelist:BurningPotion"},{"floor":12,"key":"theDuelist:LavaBottle"},{"floor":14,"key":"Strength Potion"},{"floor":16,"key":"theDuelist:StunPotion"},{"floor":24,"key":"SpeedPotion"},{"floor":31,"key":"SkillPotion"},{"floor":33,"key":"SkillPotion"},{"floor":36,"key":"Strength Potion"},{"floor":46,"key":"Dexterity Potion"}],"is_trial":false,"path_per_floor":["M","?","M","M","M","R","E","?","T","R","M","M","?","M","R","B",null,"M","M","?","M","$","R","M","T","T","$","?","?","R","M","R","B",null,"M","M","M","?","?","R","T","E","T","R","T","M","$","?","R","B"],"character_chosen":"THE_DUELIST","items_purchased":["theDuelist:CocoonUltraEvolution","theDuelist:MerchantPendant","theDuelist:KaibaToken","Pantograph"],"campfire_rested":6,"item_purchase_floors":[27,27,27,47],"current_hp_per_floor":[72,72,67,58,39,39,9,9,9,33,19,2,2,2,26,15,64,32,15,15,4,4,4,4,4,4,4,4,4,28,28,52,52,73,34,34,29,29,29,53,53,50,50,50,50,36,36,36,60,0,0],"gold":33,"neow_bonus":"ONE_RARE_RELIC","is_daily":false,"chose_seed":false,"campfire_upgraded":3,"win_rate":0.0,"timestamp":1611460956,"path_taken":["M","?","M","M","M","R","E","?","T","R","?","M","?","M","R","BOSS","M","M","?","?","$","R","M","?","T","$","?","?","R","M","R","BOSS","M","M","M","?","?","R","?","E","T","R","?","M","$","?","R","BOSS"],"items_purchased_type":["Card","Relic","Relic","Relic"],"build_version":"2020-12-22","purchased_purges":3,"victory":false,"max_hp_per_floor":[80,80,80,80,80,80,80,80,80,80,80,80,80,80,80,80,80,80,80,80,80,80,80,80,80,80,80,80,80,80,80,80,80,80,80,80,80,80,80,80,80,80,80,80,80,80,80,80,80,80,80],"card_choices":[{"not_picked":["theDuelist:BeeListSoldier","theDuelist:CrossSwordBeetle","theDuelist:ReptiliannePoison","theDuelist:BiteBug"],"picked":"theDuelist:ZefraMetaltron","floor":1},{"not_picked":["theDuelist:EmpressMantis","theDuelist:BiteBug","theDuelist:ZefraMetaltron","theDuelist:PetitMoth"],"picked":"theDuelist:BugMatrix","floor":3},{"not_picked":["theDuelist:NeoBug","theDuelist:EmpressMantis","theDuelist:BeeListSoldier","theDuelist:JiraiGumo"],"picked":"theDuelist:ManEaterBug","floor":4},{"not_picked":["theDuelist:ManEaterBug","theDuelist:HunterSpider","theDuelist:JiraiGumo","theDuelist:HerculesBeetle","theDuelist:DrillBug"],"picked":"SKIP","floor":5},{"not_picked":["theDuelist:DigitalBug","theDuelist:InsectQueen","theDuelist:InsectPrincess","theDuelist:Zektkaliber"],"picked":"theDuelist:LinkSpider","floor":7},{"not_picked":["theDuelist:MudGolem","theDuelist:Mudora","theDuelist:MudragonSwamp","theDuelist:WingedKuriboh","theDuelist:ForbiddenLance"],"picked":"SKIP","floor":11},{"not_picked":["theDuelist:ArmoredBee","theDuelist:RelinquishedSpider","theDuelist:TornadoDragon","theDuelist:EmpressMantis","theDuelist:Anteater"],"picked":"SKIP","floor":12},{"not_picked":["theDuelist:BugEmergency","theDuelist:AtomicFirefly","theDuelist:ArsenalBug","theDuelist:PoisonousMayakashi"],"picked":"theDuelist:CobraJar","floor":14},{"not_picked":["theDuelist:Zektahawk","theDuelist:Taotie","theDuelist:PoisonFangs","theDuelist:DestructionCyclone"],"picked":"theDuelist:Zektarrow","floor":16},{"not_picked":["theDuelist:GoldenApples","theDuelist:LightningDarts","theDuelist:SilverApples","theDuelist:UltimateOffering"],"picked":"theDuelist:BugSignal+1","floor":18},{"not_picked":["theDuelist:Yazi","theDuelist:DrillBug"],"picked":"theDuelist:Grasschopper","floor":19},{"not_picked":["theDuelist:Forest","theDuelist:CorrosiveScales","theDuelist:Anteater","theDuelist:SpiritualForest"],"picked":"theDuelist:Parasite","floor":21},{"not_picked":["theDuelist:WallThorns","theDuelist:PoisonFangs","theDuelist:GigaCricket","theDuelist:Denglong+1"],"picked":"theDuelist:SkullMarkLadybug","floor":24},{"not_picked":["theDuelist:HunterSpider","theDuelist:BlockSpider","theDuelist:PetitMoth","theDuelist:Invigoration","theDuelist:ZefraMetaltron"],"picked":"SKIP","floor":31},{"not_picked":["theDuelist:Taotie","theDuelist:SpiderEgg","theDuelist:PoisonousWinds+1","theDuelist:InsectQueen"],"picked":"theDuelist:SpiritualForest","floor":33},{"not_picked":["theDuelist:ManEaterBug","theDuelist:BiteBug","theDuelist:RelinquishedSpider+1","theDuelist:BugEmergency","theDuelist:PinchHopper"],"picked":"SKIP","floor":35},{"not_picked":["theDuelist:FuryFire","theDuelist:DarklordSuperbia","theDuelist:LightningVortex","theDuelist:EarthquakeGiant","theDuelist:Sangan"],"picked":"SKIP","floor":36},{"not_picked":["theDuelist:PinchHopper","theDuelist:DarkSpider+1","theDuelist:Inzektron","theDuelist:ArsenalBug+1"],"picked":"theDuelist:Forest+1","floor":37},{"not_picked":["theDuelist:WingedKuriboh","theDuelist:Kuriboh+1","theDuelist:ReinforcementsArmy+1","theDuelist:Cloning+3"],"picked":"theDuelist:HammerShot+1","floor":42},{"not_picked":["theDuelist:SkullMarkLadybug+1","theDuelist:IgnisHeat","theDuelist:GigaCricket+1","theDuelist:CocoonUltraEvolution+1"],"picked":"theDuelist:Zektkaliber","floor":46}],"player_experience":297893,"relics_obtained":[{"floor":7,"key":"Akabeko"},{"floor":9,"key":"Potion Belt"},{"floor":25,"key":"Whetstone"},{"floor":26,"key":"Orichalcum"},{"floor":41,"key":"Toxic Egg 2"},{"floor":42,"key":"Blood Vial"},{"floor":43,"key":"Incense Burner"},{"floor":45,"key":"Smiling Mask"},{"floor":48,"key":"HollowMod:PaleOreRelic"},{"floor":48,"key":"theDuelist:TributeEggRelic"},{"floor":48,"key":"Bromod:ArcaneAvenger"}],"event_choices":[{"damage_healed":0,"gold_gain":0,"player_choice":"Upgraded","damage_taken":0,"max_hp_gain":0,"max_hp_loss":0,"event_name":"Upgrade Shrine","floor":8,"gold_loss":0,"cards_upgraded":["theDuelist:LinkSpider"]},{"damage_healed":0,"gold_gain":175,"player_choice":"AGREE","damage_taken":0,"max_hp_gain":0,"max_hp_loss":0,"event_name":"Liars Game","floor":13,"gold_loss":0,"cards_obtained":["Doubt"]},{"damage_healed":0,"gold_gain":0,"player_choice":"1 cards matched","damage_taken":0,"max_hp_gain":0,"max_hp_loss":0,"event_name":"Match and Keep!","floor":20,"gold_loss":0,"cards_obtained":["theDuelist:PotGreed"]},{"damage_healed":0,"gold_gain":0,"player_choice":"Leave","duelist":true,"damage_taken":0,"max_hp_gain":0,"max_hp_loss":0,"event_name":"Aknamkanon\u0027s Tomb","floor":28,"gold_loss":0},{"damage_healed":0,"gold_gain":0,"player_choice":"Leave","duelist":true,"damage_taken":0,"max_hp_gain":0,"max_hp_loss":0,"event_name":"Tomb of the Nameless","floor":29,"gold_loss":0},{"cards_removed":["theDuelist:CobraJar"],"damage_healed":0,"gold_gain":0,"player_choice":"Removed Skill","damage_taken":0,"max_hp_gain":0,"max_hp_loss":0,"event_name":"Falling","floor":38,"gold_loss":0},{"damage_healed":0,"gold_gain":0,"player_choice":"Leave","duelist":true,"damage_taken":0,"max_hp_gain":0,"max_hp_loss":0,"event_name":"Egyptian Village","floor":39,"gold_loss":0}],"is_beta":false,"boss_relics":[{"not_picked":["theDuelist:MillenniumKey","HoveringKite"],"picked":"Empty Cage"},{"not_picked":["Runic Pyramid","Cursed Key"],"picked":"Philosopher\u0027s Stone"}],"items_purged_floors":[22,27,47],"is_endless":false,"potions_floor_spawned":[4,5,12,14,16,24,31,33,36,46],"killed_by":"Donu and Deca","ascension_level":9}}