{"host":"r6jigiblrojhp6xe","time":1611513347,"event":{"mods":["AchievementEnabler","BaseMod","DeckTracker","Hermit","Minty Spire (QoL Compilation)","Quick Restart","Rare Cards Sparkle","Relic Stats","StSLib","SuperFastMode","everything is the same but u backflip on backflip"],"gold_per_floor":[115,129,149,149,161,161,190,190,190,18,73,104,115,125,125,202,202,202,102,102,102,102,102,102,102,102,102,102,102,102,102,102,102,102,102,102,102,102,102,102,102,102,102,102,102,27,27,27,27,27,27,27,27,27,27,27],"floor_reached":57,"language":"KOR","playtime":2238,"items_purged":["Writhe","Strike_R"],"score":3470,"play_id":"ef57f823-a6a0-4041-8997-e31e8c149319","local_time":"20210125033547","is_ascension_mode":true,"campfire_choices":[{"data":"Havoc","floor":6.0,"key":"SMITH"},{"floor":8.0,"key":"REST"},{"data":"Corruption","floor":15.0,"key":"SMITH"},{"data":"Dark Embrace","floor":23,"key":"SMITH"},{"data":"Offering","floor":25,"key":"SMITH"},{"data":"Shockwave","floor":32,"key":"SMITH"},{"data":"Body Slam","floor":40,"key":"SMITH"},{"floor":49,"key":"RECALL"},{"data":"Evolve","floor":53,"key":"SMITH"}],"circlet_count":0,"master_deck":["AscendersBane","Strike_R","Strike_R+1","Strike_R","Defend_R","Defend_R","Defend_R","Defend_R","Bash+1","Warcry","Havoc+1","Evolve+1","Dark Embrace+1","Seeing Red","Corruption+1","Offering+1","Shockwave+1","Second Wind","Body Slam+1","Ghostly Armor","Entrench","Body Slam+1","Warcry+1","Ghostly Armor","Second Wind+1","Barricade+1"],"relics":["Burning Blood","Dead Branch","Strawberry","Shuriken","Whetstone","Bottled Tornado","Ectoplasm","Frozen Egg 2","Blood Vial","Pantograph","Boot","Black Star","Akabeko","MawBank","Lizard Tail","Happy Flower","InkBottle","Eternal Feather","Potion Belt","Bag of Preparation","Self Forming Clay","Kunai"],"acts_visited":["Exordium","TheCity","TheBeyond","TheEnding"],"potions_floor_usage":[24,38,56,56,56],"damage_taken":[{"damage":8.0,"enemies":"Small Slimes","floor":1.0,"turns":3.0},{"damage":8.0,"enemies":"2 Louse","floor":2.0,"turns":4.0},{"damage":6.0,"enemies":"Cultist","floor":3.0,"turns":3.0},{"damage":8.0,"enemies":"3 Louse","floor":5.0,"turns":5.0},{"damage":32.0,"enemies":"3 Sentries","floor":7.0,"turns":8.0},{"damage":34.0,"enemies":"Lagavulin Event","floor":11.0,"turns":4.0},{"damage":12.0,"enemies":"Lagavulin","floor":12.0,"turns":6.0},{"damage":19.0,"enemies":"Large Slime","floor":13.0,"turns":6.0},{"damage":11.0,"enemies":"Looter","floor":14.0,"turns":3.0},{"damage":1.0,"enemies":"Hexaghost","floor":16.0,"turns":5.0},{"damage":6.0,"enemies":"Spheric Guardian","floor":18.0,"turns":1.0},{"damage":0.0,"enemies":"2 Thieves","floor":20.0,"turns":1.0},{"damage":6,"enemies":"Slavers","floor":24,"turns":3},{"damage":6,"enemies":"Snecko","floor":27,"turns":2},{"damage":26,"enemies":"Book of Stabbing","floor":28,"turns":4},{"damage":11,"enemies":"Shelled Parasite and Fungi","floor":29,"turns":2},{"damage":6,"enemies":"Cultist and Chosen","floor":30,"turns":1},{"damage":17,"enemies":"Gremlin Leader","floor":31,"turns":2},{"damage":3,"enemies":"Collector","floor":33,"turns":7},{"damage":7,"enemies":"3 Shapes","floor":35,"turns":3},{"damage":6,"enemies":"3 Darklings","floor":38,"turns":2},{"damage":0,"enemies":"Writhing Mass","floor":39,"turns":1},{"damage":13,"enemies":"Giant Head","floor":41,"turns":3},{"damage":6,"enemies":"2 Orb Walkers","floor":42,"turns":1},{"damage":6,"enemies":"Reptomancer","floor":44,"turns":1},{"damage":6,"enemies":"Giant Head","floor":47,"turns":1},{"damage":0,"enemies":"Transient","floor":48,"turns":2},{"damage":6,"enemies":"Time Eater","floor":50,"turns":2},{"damage":15,"enemies":"Awakened One","floor":51,"turns":2},{"damage":6,"enemies":"Shield and Spear","floor":55,"turns":2},{"damage":94,"enemies":"The Heart","floor":56,"turns":7}],"seed_played":"8126184148921110554","potions_obtained":[{"floor":5.0,"key":"FearPotion"},{"floor":11.0,"key":"LiquidBronze"},{"floor":14.0,"key":"AttackPotion"},{"floor":16.0,"key":"Ancient Potion"},{"floor":18.0,"key":"PowerPotion"},{"floor":20.0,"key":"Swift Potion"},{"floor":29,"key":"SneckoOil"},{"floor":39,"key":"ColorlessPotion"},{"floor":44,"key":"Regen Potion"},{"floor":47,"key":"SmokeBomb"},{"floor":48,"key":"FearPotion"}],"is_trial":false,"path_per_floor":["M","M","M","?","M","R","E","R","T","$","?","E","M","M","R","B",null,"M","$","M","?","$","R","E","R","T","M","E","M","M","E","R","B",null,"M","?","?","M","M","R","E","?","T","E","$","?","E","M","R","B","B",null,"R","$","E","B",null],"character_chosen":"IRONCLAD","items_purchased":["Dark Embrace","Block Potion"],"campfire_rested":1,"item_purchase_floors":[10,10],"current_hp_per_floor":[66,64,64,66,64,64,38,62,62,62,34,28,15,10,10,15,65,65,65,71,71,71,71,71,71,71,73,55,52,54,45,45,75,80,81,81,78,78,78,78,71,73,73,75,75,75,77,78,78,78,69,76,78,78,78,45],"gold":27,"neow_bonus":"ONE_RARE_RELIC","is_daily":false,"chose_seed":false,"campfire_upgraded":7,"win_rate":0.0,"timestamp":1611513347,"path_taken":["M","M","M","?","M","R","E","R","T","$","?","E","M","M","R","BOSS","M","$","M","?","$","R","E","R","T","M","E","?","M","E","R","BOSS","M","?","?","M","M","R","E","?","T","E","?","?","E","M","R","BOSS","BOSS","R","$","E","BOSS"],"items_purchased_type":["Card","Potion"],"build_version":"2020-12-22","purchased_purges":2,"victory":true,"max_hp_per_floor":[75,75,75,82,82,82,82,82,82,82,82,82,82,82,82,82,82,82,82,82,82,82,82,82,82,82,82,82,82,82,82,82,82,82,82,82,78,78,78,78,78,78,78,78,78,78,78,78,78,78,78,78,78,78,78,78],"relic_stats":{"Happy Flower":[5],"counters":[31,97],"Self Forming Clay":[54],"Dead Branch":[529],"Eternal Feather":2,"Bag of Preparation":[10],"Whetstone":["Strike_R","Bash"],"Boot":[23],"MawBank":0,"Burning Blood":174,"Blood Vial":21,"Lizard Tail":39,"Shuriken":[41],"Pantograph":25,"Ectoplasm":709,"Black Star":4,"Kunai":[4],"obtain_stats":[{"Potion Belt":47,"Happy Flower":43,"Self Forming Clay":55,"Dead Branch":0,"Eternal Feather":44,"Bag of Preparation":47,"Whetstone":11,"Bottled Tornado":12,"Frozen Egg 2":24,"Boot":31,"MawBank":41,"Burning Blood":0,"Akabeko":41,"Blood Vial":26,"Lizard Tail":42,"Shuriken":7,"Strawberry":4,"Pantograph":28,"Ectoplasm":17,"Black Star":34,"Kunai":55,"InkBottle":44},{"Potion Belt":26,"Happy Flower":24,"Self Forming Clay":30,"Dead Branch":0,"Eternal Feather":25,"Bag of Preparation":26,"Whetstone":6,"Bottled Tornado":7,"Frozen Egg 2":13,"Boot":18,"MawBank":23,"Burning Blood":0,"Akabeko":23,"Blood Vial":13,"Lizard Tail":24,"Shuriken":5,"Strawberry":3,"Pantograph":15,"Ectoplasm":10,"Black Star":19,"Kunai":30,"InkBottle":25},{"Potion Belt":82,"Happy Flower":80,"Self Forming Clay":90,"Dead Branch":0,"Eternal Feather":81,"Bag of Preparation":82,"Whetstone":27,"Bottled Tornado":33,"Frozen Egg 2":52,"Boot":63,"MawBank":79,"Burning Blood":0,"Akabeko":79,"Blood Vial":52,"Lizard Tail":80,"Shuriken":23,"Strawberry":10,"Pantograph":58,"Ectoplasm":47,"Black Star":70,"Kunai":90,"InkBottle":81}],"InkBottle":[18]},"card_choices":[{"not_picked":["Clothesline","Perfected Strike"],"picked":"Warcry","floor":1.0},{"not_picked":["Iron Wave","Intimidate","Body Slam"],"picked":"SKIP","floor":2.0},{"not_picked":["Clothesline","Bloodletting"],"picked":"Havoc","floor":3.0},{"not_picked":["Blood for Blood","Armaments"],"picked":"Evolve","floor":5.0},{"not_picked":["Limit Break","Clash","Flex"],"picked":"SKIP","floor":7.0},{"not_picked":["True Grit","Twin Strike"],"picked":"Seeing Red","floor":11.0},{"not_picked":["Sword Boomerang","Entrench"],"picked":"Corruption","floor":12.0},{"not_picked":["Intimidate","Armaments","Heavy Blade"],"picked":"SKIP","floor":13.0},{"not_picked":["Inflame","Iron Wave","Warcry"],"picked":"SKIP","floor":14.0},{"not_picked":["Demon Form","Juggernaut"],"picked":"Offering","floor":16.0},{"not_picked":["Wild Strike","Flex+1","Inflame"],"picked":"SKIP","floor":18.0},{"not_picked":["Fire Breathing","Whirlwind","Wild Strike"],"picked":"SKIP","floor":20.0},{"not_picked":["Perfected Strike","Thunderclap"],"picked":"Shockwave","floor":24},{"not_picked":["Heavy Blade","Impervious"],"picked":"Second Wind","floor":27},{"not_picked":["Impervious","Iron Wave"],"picked":"Body Slam+1","floor":28},{"not_picked":["Anger","Reckless Charge","Clash+1"],"picked":"SKIP","floor":29},{"not_picked":["Fire Breathing+1","Dark Embrace+1"],"picked":"Ghostly Armor","floor":30},{"not_picked":["Heavy Blade","Dropkick"],"picked":"Entrench","floor":31},{"not_picked":["Bludgeon","Berserk+1"],"picked":"Feed","floor":33},{"not_picked":["Seeing Red+1","Inflame+1"],"picked":"Body Slam","floor":35},{"not_picked":["Heavy Blade","Sever Soul","Dark Embrace+1"],"picked":"SKIP","floor":38},{"not_picked":["Cleave","Combust+1","Twin Strike+1"],"picked":"SKIP","floor":39},{"not_picked":["Sword Boomerang","Headbutt","Infernal Blade+1"],"picked":"SKIP","floor":41},{"not_picked":["Cleave","Blood for Blood+1"],"picked":"Warcry+1","floor":42},{"not_picked":["Power Through","Fire Breathing+1"],"picked":"Ghostly Armor","floor":44},{"not_picked":["Seeing Red+1","Blood for Blood+1"],"picked":"Second Wind+1","floor":47},{"not_picked":["Body Slam","Iron Wave","Perfected Strike"],"picked":"SKIP","floor":48},{"not_picked":["Berserk+1","Shockwave"],"picked":"Barricade+1","floor":55}],"player_experience":588594,"relics_obtained":[{"floor":7.0,"key":"Shuriken"},{"floor":11.0,"key":"Whetstone"},{"floor":12.0,"key":"Bottled Tornado"},{"floor":24,"key":"Frozen Egg 2"},{"floor":26,"key":"Blood Vial"},{"floor":28,"key":"Pantograph"},{"floor":31,"key":"Boot"},{"floor":41,"key":"Akabeko"},{"floor":41,"key":"MawBank"},{"floor":42,"key":"Lizard Tail"},{"floor":43,"key":"Happy Flower"},{"floor":44,"key":"InkBottle"},{"floor":44,"key":"Eternal Feather"},{"floor":47,"key":"Potion Belt"},{"floor":47,"key":"Bag of Preparation"},{"floor":55,"key":"Self Forming Clay"},{"floor":55,"key":"Kunai"}],"event_choices":[{"damage_healed":0.0,"max_hp_gain":0.0,"max_hp_loss":0.0,"gold_gain":0.0,"event_name":"Scrap Ooze","player_choice":"Success","floor":4.0,"gold_loss":0.0,"damage_taken":5.0,"relics_obtained":["Strawberry"]},{"damage_healed":0.0,"max_hp_gain":0.0,"max_hp_loss":0.0,"gold_gain":30.0,"event_name":"Dead Adventurer","player_choice":"Searched \u00273\u0027 times","floor":11.0,"gold_loss":0.0,"damage_taken":0.0},{"damage_healed":0,"gold_gain":0,"player_choice":"0 cards matched","damage_taken":0,"max_hp_gain":0,"max_hp_loss":0,"event_name":"Match and Keep!","floor":21,"gold_loss":0,"cards_obtained":[]},{"cards_removed":["Feed"],"damage_healed":0,"gold_gain":0,"player_choice":"Removed Attack","damage_taken":0,"max_hp_gain":0,"max_hp_loss":0,"event_name":"Falling","floor":36,"gold_loss":0},{"damage_healed":0,"gold_gain":0,"player_choice":"Max HP","damage_taken":0,"max_hp_gain":0,"max_hp_loss":4,"event_name":"Winding Halls","floor":37,"gold_loss":0},{"damage_healed":0,"gold_gain":0,"player_choice":"Fight","damage_taken":0,"max_hp_gain":0,"max_hp_loss":0,"event_name":"Mysterious Sphere","floor":42,"gold_loss":0},{"cards_removed":["Strike_R"],"damage_healed":0,"gold_gain":0,"player_choice":"Single Remove","damage_taken":0,"max_hp_gain":0,"max_hp_loss":0,"event_name":"Designer","floor":46,"gold_loss":75}],"is_beta":false,"boss_relics":[{"not_picked":["Cursed Key","Runic Dome"],"picked":"Ectoplasm"},{"not_picked":["Fusion Hammer","Busted Crown"],"picked":"Black Star"}],"items_purged_floors":[10,19],"is_endless":false,"potions_floor_spawned":[5,11,14,16,18,20,29,31,39,44,47,48],"ascension_level":20}}