{"host":"bq4pt811tk9yrmjl","time":1611511596,"event":{"mods":["AchievementEnabler","BaseMod","Colored Map","Colored Powertips","Defuse TimeMaze Blight","Hermit","Minty Spire (QoL Compilation)","StSLib","SuperFastMode"],"gold_per_floor":[118,118,135,36,60,94,94,94,142,142,155,182,198,46,46,142,142,162,172,23,23,23,23,37,37,37,37,64,64,97,97,97,195,245,259,309,309,309,309,309,347,377,377,396,190,205,221,221,221,221,221],"floor_reached":50,"language":"ENG","playtime":1235,"items_purged":[],"score":591,"play_id":"0cf7bc66-40e0-4ece-a85b-a5de3b9602a1","local_time":"20210124160636","is_ascension_mode":true,"campfire_choices":[{"floor":7.0,"key":"RECALL"},{"data":"Survivor","floor":10.0,"key":"SMITH"},{"data":"Noxious Fumes","floor":15.0,"key":"SMITH"},{"floor":23.0,"key":"REST"},{"data":"Rage","floor":25.0,"key":"SMITH"},{"data":"Flechettes","floor":27.0,"key":"SMITH"},{"floor":32.0,"key":"REST"},{"data":"Madness","floor":40.0,"key":"SMITH"},{"floor":49,"key":"REST"}],"circlet_count":0,"master_deck":["Strike_G+1","Defend_G","Defend_G","Defend_G+1","Defend_G","Defend_G","Survivor+1","Neutralize+1","Flechettes+1","Noxious Fumes+1","Crippling Poison+1","Deadly Poison+1","Acrobatics+1","ForeignInfluence+1","Rage+1","Noxious Fumes+1","Glacier","Madness","Madness+1","Melter","Hologram+1","Flying Knee","Go for the Eyes+1"],"relics":["Ring of the Snake","NeowsBlessing","Bag of Marbles","Whetstone","Sundial","PrismaticShard","Astrolabe","Omamori","Shovel","Pen Nib","HornCleat","Tiny House","Ice Cream","Smiling Mask","Ornamental Fan","Lee\u0027s Waffle"],"acts_visited":["Exordium","TheCity","TheBeyond"],"potions_floor_usage":[46,50],"damage_taken":[{"damage":0.0,"enemies":"Small Slimes","floor":1.0,"turns":1.0},{"damage":0.0,"enemies":"Cultist","floor":3.0,"turns":1.0},{"damage":0.0,"enemies":"3 Sentries","floor":6.0,"turns":1.0},{"damage":0.0,"enemies":"2 Louse","floor":11.0,"turns":2.0},{"damage":8.0,"enemies":"Gremlin Nob","floor":12.0,"turns":4.0},{"damage":0.0,"enemies":"Looter","floor":13.0,"turns":2.0},{"damage":41.0,"enemies":"Hexaghost","floor":16.0,"turns":11.0},{"damage":10.0,"enemies":"Chosen","floor":18.0,"turns":5.0},{"damage":2.0,"enemies":"Spheric Guardian","floor":19.0,"turns":4.0},{"damage":11.0,"enemies":"Snecko","floor":24.0,"turns":4.0},{"damage":11.0,"enemies":"Book of Stabbing","floor":28.0,"turns":7.0},{"damage":14.0,"enemies":"Gremlin Leader","floor":30.0,"turns":5.0},{"damage":0.0,"enemies":"Colosseum Slavers","floor":31.0,"turns":2.0},{"damage":26.0,"enemies":"Automaton","floor":33.0,"turns":10.0},{"damage":2.0,"enemies":"Orb Walker","floor":35.0,"turns":4.0},{"damage":0.0,"enemies":"Mind Bloom Boss Battle","floor":36.0,"turns":8.0},{"damage":0.0,"enemies":"3 Shapes","floor":41.0,"turns":3.0},{"damage":56.0,"enemies":"Giant Head","floor":42.0,"turns":11.0},{"damage":43.0,"enemies":"Transient","floor":44.0,"turns":5.0},{"damage":23,"enemies":"Jaw Worm Horde","floor":46,"turns":4},{"damage":33,"enemies":"Writhing Mass","floor":47,"turns":6},{"damage":66,"enemies":"Time Eater","floor":50,"turns":13}],"seed_played":"-11759765462005790","potions_obtained":[{"floor":1.0,"key":"Weak Potion"},{"floor":3.0,"key":"Poison Potion"},{"floor":12.0,"key":"Poison Potion"},{"floor":28.0,"key":"Explosive Potion"},{"floor":33.0,"key":"Weak Potion"},{"floor":34.0,"key":"GhostInAJar"},{"floor":41.0,"key":"PowerPotion"},{"floor":47,"key":"AttackPotion"}],"is_trial":false,"path_per_floor":["M","?","M","$","T","E","R","?","T","R","M","E","M","$","R","B",null,"M","M","$","?","?","R","M","R","T","R","E","?","E","?","R","B",null,"M","?","?","?","?","R","M","E","T","M","$","M","M","?","R","B"],"character_chosen":"THE_SILENT","items_purchased":["FairyPotion","PrismaticShard","Omamori","Lee\u0027s Waffle","Flying Knee"],"campfire_rested":3,"item_purchase_floors":[4,14,20,45,45],"current_hp_per_floor":[70,70,70,70,70,70,70,70,70,70,70,62,62,62,62,21,70,60,58,58,58,45,67,56,56,56,56,45,45,31,31,53,27,80,78,78,68,68,68,68,68,12,12,24,87,64,31,31,57,0,0],"gold":221,"neow_bonus":"THREE_ENEMY_KILL","is_daily":false,"chose_seed":false,"campfire_upgraded":5,"win_rate":0.0,"timestamp":1611511596,"path_taken":["M","?","M","$","?","E","R","?","T","R","?","E","M","$","R","BOSS","M","M","$","?","?","R","M","R","T","R","E","?","E","?","R","BOSS","M","?","?","?","?","R","M","E","T","M","$","M","M","?","R","BOSS"],"items_purchased_type":["Potion","Relic","Relic","Relic","Card"],"build_version":"2020-12-22","purchased_purges":0,"victory":false,"max_hp_per_floor":[70,70,70,70,70,70,70,70,70,70,70,70,70,70,70,70,70,70,70,70,70,75,75,75,75,75,75,75,75,75,75,75,75,80,80,80,80,80,80,80,80,80,80,80,87,87,87,87,87,87,87],"card_choices":[{"not_picked":["Reflex","Masterful Stab"],"picked":"Backstab","floor":1.0},{"not_picked":["All Out Attack","Footwork","Dodge and Roll"],"picked":"SKIP","floor":3.0},{"not_picked":["Backflip","Dagger Throw","Poisoned Stab"],"picked":"SKIP","floor":6.0},{"not_picked":["Outmaneuver","Bane"],"picked":"Flechettes","floor":11.0},{"not_picked":["Quick Slash","Distraction","Expertise"],"picked":"SKIP","floor":12.0},{"not_picked":["Crippling Poison","Catalyst"],"picked":"Noxious Fumes","floor":13.0},{"not_picked":["Hello World","True Grit"],"picked":"ForeignInfluence+1","floor":18.0},{"not_picked":["Beam Cell","Purity"],"picked":"Rage","floor":19.0},{"not_picked":["Capacitor","ThirdEye+1"],"picked":"Noxious Fumes+1","floor":24.0},{"not_picked":["Vengeance","Weave","hermit:Quickdraw"],"picked":"SKIP","floor":28.0},{"not_picked":["Headbutt","Outmaneuver"],"picked":"Glacier","floor":30.0},{"not_picked":["hermit:FullyLoaded","DeceiveReality","hermit:BigShot+1"],"picked":"SKIP","floor":35.0},{"not_picked":["Evaluate+1","Conserve Battery+1"],"picked":"Melter","floor":41.0},{"not_picked":["hermit:HighNoon","Underhanded Strike+1"],"picked":"Hologram+1","floor":42.0},{"not_picked":["Doom and Gloom+1","Heavy Blade","hermit:BodyArmor"],"picked":"SKIP","floor":44.0},{"not_picked":["hermit:Misfire+1","hermit:Midnight+1","Poisoned Stab"],"picked":"SKIP","floor":46},{"not_picked":["hermit:Misfire","hermit:GhostlyPresence+1"],"picked":"Go for the Eyes+1","floor":47}],"player_experience":229005,"relics_obtained":[{"floor":6.0,"key":"Bag of Marbles"},{"floor":9.0,"key":"Whetstone"},{"floor":12.0,"key":"Sundial"},{"floor":26.0,"key":"Shovel"},{"floor":28.0,"key":"Pen Nib"},{"floor":30.0,"key":"HornCleat"},{"floor":36.0,"key":"Ice Cream"},{"floor":42.0,"key":"Smiling Mask"},{"floor":43.0,"key":"Ornamental Fan"}],"event_choices":[{"damage_healed":0.0,"max_hp_gain":0.0,"max_hp_loss":0.0,"gold_gain":0.0,"event_name":"Transmorgrifier","player_choice":"Ignored","floor":2.0,"gold_loss":0.0,"damage_taken":0.0},{"cards_removed":["Backstab"],"damage_healed":0.0,"max_hp_gain":0.0,"max_hp_loss":0.0,"gold_gain":0.0,"event_name":"Bonfire Elementals","player_choice":"Offered Uncommon","floor":8.0,"gold_loss":0.0,"damage_taken":0.0},{"damage_healed":0.0,"max_hp_gain":0.0,"max_hp_loss":0.0,"gold_gain":0.0,"event_name":"Ghosts","player_choice":"Ignored","floor":21.0,"gold_loss":0.0,"damage_taken":0.0},{"damage_healed":0.0,"max_hp_gain":5.0,"max_hp_loss":0.0,"gold_gain":0.0,"event_name":"Forgotten Altar","player_choice":"Shed Blood","floor":22.0,"gold_loss":0.0,"damage_taken":18.0},{"damage_healed":0.0,"max_hp_gain":0.0,"max_hp_loss":0.0,"gold_gain":0.0,"event_name":"Colosseum","player_choice":"Fight","floor":31.0,"gold_loss":0.0,"damage_taken":0.0},{"damage_healed":0.0,"max_hp_gain":0.0,"max_hp_loss":0.0,"gold_gain":0.0,"event_name":"Colosseum","player_choice":"Fled From Nobs","floor":31.0,"gold_loss":0.0,"damage_taken":0.0},{"damage_healed":0.0,"max_hp_gain":0.0,"max_hp_loss":0.0,"gold_gain":0.0,"event_name":"MindBloom","player_choice":"Fight","floor":36.0,"gold_loss":0.0,"damage_taken":0.0},{"damage_healed":0.0,"max_hp_gain":0.0,"max_hp_loss":0.0,"gold_gain":0.0,"event_name":"Winding Halls","player_choice":"Embrace Madness","floor":37.0,"gold_loss":0.0,"damage_taken":10.0,"cards_obtained":["Madness","Madness"]},{"cards_removed":["Strike_G"],"damage_healed":0.0,"max_hp_gain":0.0,"max_hp_loss":0.0,"gold_gain":0.0,"event_name":"Falling","player_choice":"Removed Attack","floor":38.0,"gold_loss":0.0,"damage_taken":0.0},{"damage_healed":0.0,"max_hp_gain":0.0,"max_hp_loss":0.0,"gold_gain":0.0,"event_name":"Mysterious Sphere","player_choice":"Ignored","floor":39.0,"gold_loss":0.0,"damage_taken":0.0},{"damage_healed":0,"gold_gain":0,"player_choice":"Ignored","damage_taken":0,"max_hp_gain":0,"max_hp_loss":0,"event_name":"Tomb of Lord Red Mask","floor":48,"gold_loss":0}],"is_beta":false,"boss_relics":[{"not_picked":["Black Star","Philosopher\u0027s Stone"],"picked":"Astrolabe"},{"not_picked":["Cursed Key","HoveringKite"],"picked":"Tiny House"}],"items_purged_floors":[],"is_endless":false,"potions_floor_spawned":[1,3,12,28,33,35,41,47],"killed_by":"Time Eater","ascension_level":1}}