{"host":"d5i1qeb9dejicw1z","time":1611529947,"event":{"mods":["AchievementEnabler","BaseMod","Better Note","BetterRewards","Gold Saver","Hermit","Infinite Spire","Minty Spire (QoL Compilation)","StSLib"],"gold_per_floor":[693,693,709,723,255,255,255,265,265,277,288,316,316,11,11,85,85,103,3,19,19,19,19,51,101,101,101,124,140,152,188,188,267,267,286,392,406,406,406,435,435,454,481,536,547,547,547,564,564,566],"floor_reached":51,"language":"ENG","playtime":2330,"items_purged":["Night Terror","Catalyst"],"score":1204,"play_id":"ca4c362d-48b0-4d97-bfe6-6e6d7cdf5c42","local_time":"20210124151227","is_ascension_mode":true,"campfire_choices":[{"data":"Terror","floor":6.0,"key":"SMITH"},{"data":"A Thousand Cuts","floor":13.0,"key":"SMITH"},{"data":"Neutralize","floor":15.0,"key":"SMITH"},{"data":"A Thousand Cuts","floor":23.0,"key":"SMITH"},{"data":"After Image","floor":27.0,"key":"SMITH"},{"floor":32.0,"key":"REST"},{"data":"infinitespire:Oblivion","floor":41,"key":"SMITH"},{"floor":49,"key":"REST"}],"circlet_count":0,"master_deck":["AscendersBane","Strike_G+1","Strike_G+1","Strike_G+1","Strike_G+1","Strike_G+1","Defend_G+1","Defend_G+1","Defend_G+1","Defend_G+1","Defend_G+1","Survivor","Neutralize+1","Backflip+1","Terror+1","Blur","After Image+1","Backflip","A Thousand Cuts+1","Infinite Blades","A Thousand Cuts+1","Escape Plan","Escape Plan+1","Blur","Infinite Blades","infinitespire:Oblivion+1","Impatience","Blade Dance+1","Backflip+1","Footwork","infinitespire:Collect","infinitespire:Oblivion+1"],"relics":["Ring of the Snake","infinitespire:CheckeredPen","Lantern","Kunai","infinitespire:WardingShard","Sozu","Vajra","infinitespire:Midas Blood","Strawberry","Red Mask","Lizard Tail","Pen Nib","infinitespire:Beetle Shell","StoneCalendar","DollysMirror"],"acts_visited":["Exordium","TheCity","TheBeyond"],"potions_floor_usage":[],"damage_taken":[{"damage":8.0,"enemies":"Jaw Worm","floor":1.0,"turns":5.0},{"damage":12.0,"enemies":"infinitespire:Voidling","floor":3.0,"turns":5.0},{"damage":0.0,"enemies":"Cultist","floor":4.0,"turns":4.0},{"damage":0.0,"enemies":"Blue Slaver","floor":8.0,"turns":4.0},{"damage":0.0,"enemies":"2 Fungi Beasts","floor":10.0,"turns":4.0},{"damage":0.0,"enemies":"Exordium Wildlife","floor":11.0,"turns":4.0},{"damage":5.0,"enemies":"3 Sentries","floor":12.0,"turns":11.0},{"damage":9.0,"enemies":"Slime Boss","floor":16.0,"turns":9.0},{"damage":11.0,"enemies":"2 Thieves","floor":18.0,"turns":5.0},{"damage":0.0,"enemies":"Shell Parasite","floor":20.0,"turns":5.0},{"damage":10.0,"enemies":"Gremlin Leader","floor":24.0,"turns":6.0},{"damage":0.0,"enemies":"Sentry and Sphere","floor":29.0,"turns":4.0},{"damage":0.0,"enemies":"Snake Plant","floor":30.0,"turns":4.0},{"damage":10.0,"enemies":"Masked Bandits","floor":31.0,"turns":3.0},{"damage":2.0,"enemies":"Automaton","floor":33.0,"turns":8.0},{"damage":1.0,"enemies":"3 Darklings","floor":35.0,"turns":4.0},{"damage":13.0,"enemies":"infinitespire:Three Voidlings","floor":36.0,"turns":5.0},{"damage":0.0,"enemies":"Nightmare_Alpha","floor":36.0,"turns":14.0},{"damage":0,"enemies":"Orb Walker","floor":37,"turns":3},{"damage":20,"enemies":"Reptomancer","floor":40,"turns":6},{"damage":0,"enemies":"Transient","floor":42,"turns":5},{"damage":5,"enemies":"2 Orb Walkers","floor":44,"turns":4},{"damage":0,"enemies":"Sphere and 2 Shapes","floor":45,"turns":4},{"damage":0,"enemies":"4 Shapes","floor":48,"turns":5},{"damage":15,"enemies":"Donu and Deca","floor":50,"turns":7}],"seed_played":"9086208551392236955","potions_obtained":[{"floor":4.0,"key":"SkillPotion"},{"floor":10.0,"key":"Regen Potion"},{"floor":11.0,"key":"SteroidPotion"},{"floor":12.0,"key":"Explosive Potion"},{"floor":16.0,"key":"LiquidBronze"}],"is_trial":false,"path_per_floor":["M","?","M","M","$","R","?","M","T","M","M","E","R","$","R","B",null,"M","$","M","?","?","R","E","?","T","R","T","M","M","?","R","B",null,"M","?","M","?","?","E","R","M","T","?","M","?","AVR","M","R","B",null],"character_chosen":"THE_SILENT","items_purchased":["After Image","infinitespire:CheckeredPen","Infinite Blades","infinitespire:WardingShard"],"campfire_rested":2,"item_purchase_floors":[5,5,14,14],"current_hp_per_floor":[51,51,51,51,51,51,51,51,51,51,51,61,61,61,61,52,63,52,52,52,52,52,52,42,42,42,42,49,49,49,39,60,58,69,68,64,64,64,64,44,44,44,44,39,39,39,39,39,60,45],"gold":566,"neow_bonus":"ONE_RANDOM_RARE_CARD","is_daily":false,"chose_seed":false,"campfire_upgraded":6,"win_rate":0.0,"timestamp":1611529947,"path_taken":["M","?","?","M","?","R","?","M","T","M","M","E","R","$","R","BOSS","M","$","M","?","?","R","E","?","T","R","?","?","M","?","R","BOSS","M","?","M","?","?","E","R","?","T","?","M","?","AVR","M","R","BOSS"],"items_purchased_type":["Card","Relic","Card","Relic"],"build_version":"2020-12-22","purchased_purges":2,"victory":true,"max_hp_per_floor":[66,66,66,66,66,66,66,66,66,66,66,66,66,66,66,66,66,66,66,66,66,66,66,66,66,66,66,73,73,73,73,73,73,73,73,73,73,73,73,73,73,73,73,73,73,73,73,73,73,73],"card_choices":[{"not_picked":["Deadly Poison","Dagger Spray"],"picked":"Backflip","floor":1.0},{"not_picked":["Acrobatics","Deflect"],"picked":"Terror","floor":3.0},{"not_picked":["Slice","Choke"],"picked":"Blur","floor":4.0},{"not_picked":["Flying Knee","Endless Agony"],"picked":"Backflip","floor":8.0},{"not_picked":["Flying Knee","Blade Dance"],"picked":"Catalyst","floor":10.0},{"not_picked":["Crippling Poison","Predator","Accuracy"],"picked":"SKIP","floor":11.0},{"not_picked":["Bane","Infinite Blades"],"picked":"A Thousand Cuts","floor":12.0},{"not_picked":["infinitespire:Neurotoxin","Night Terror"],"picked":"A Thousand Cuts","floor":16.0},{"not_picked":["Finisher","Dagger Throw","Tactician"],"picked":"SKIP","floor":18.0},{"not_picked":["PiercingWail","Heel Hook","Dagger Throw"],"picked":"SKIP","floor":20.0},{"not_picked":["Eviscerate","Finisher","Distraction"],"picked":"SKIP","floor":24.0},{"not_picked":["Deadly Poison","Expertise+1","Masterful Stab"],"picked":"SKIP","floor":29.0},{"not_picked":["Heel Hook","Acrobatics+1"],"picked":"Escape Plan+1","floor":30.0},{"not_picked":["Underhanded Strike","Backflip"],"picked":"Blur","floor":31.0},{"not_picked":["Underhanded Strike","Bane+1"],"picked":"Infinite Blades","floor":35.0},{"not_picked":["infinitespire:UltimateForm","infinitespire:TheBestDefense"],"picked":"infinitespire:Oblivion","floor":36},{"not_picked":["Predator","Skewer+1","Catalyst"],"picked":"SKIP","floor":37},{"not_picked":["Swift Strike","HandOfGreed"],"picked":"Impatience","floor":38},{"not_picked":["Distraction","PiercingWail"],"picked":"Blade Dance+1","floor":40},{"not_picked":["Deadly Poison","Dagger Spray+1"],"picked":"Backflip+1","floor":42},{"not_picked":["Cloak And Dagger","Leg Sweep"],"picked":"Footwork","floor":44},{"not_picked":["Doppelganger","Prepared","Quick Slash"],"picked":"SKIP","floor":45},{"not_picked":["Dagger Throw","Noxious Fumes+1","Concentrate"],"picked":"SKIP","floor":48}],"player_experience":1196631,"relics_obtained":[{"floor":9.0,"key":"Lantern"},{"floor":12.0,"key":"Kunai"},{"floor":24.0,"key":"Vajra"},{"floor":26.0,"key":"infinitespire:Midas Blood"},{"floor":28.0,"key":"Strawberry"},{"floor":31.0,"key":"Red Mask"},{"floor":36,"key":"Lizard Tail"},{"floor":40,"key":"Pen Nib"},{"floor":43,"key":"infinitespire:Beetle Shell"},{"floor":44,"key":"StoneCalendar"}],"event_choices":[{"damage_healed":0.0,"max_hp_gain":0.0,"max_hp_loss":0.0,"gold_gain":0.0,"event_name":"Accursed Blacksmith","player_choice":"Forge","floor":2.0,"gold_loss":0.0,"damage_taken":0.0,"cards_upgraded":["Backflip"]},{"damage_healed":0.0,"max_hp_gain":0.0,"max_hp_loss":0.0,"gold_gain":0.0,"event_name":"The Library","player_choice":"Read","floor":21.0,"gold_loss":0.0,"damage_taken":0.0,"cards_obtained":["Escape Plan"]},{"damage_healed":0.0,"max_hp_gain":0.0,"max_hp_loss":0.0,"gold_gain":0.0,"event_name":"Back to Basics","player_choice":"Simplicity","floor":22.0,"gold_loss":0.0,"damage_taken":0.0,"cards_upgraded":["Strike_G","Strike_G","Strike_G","Strike_G","Strike_G","Defend_G","Defend_G","Defend_G","Defend_G","Defend_G"]},{"damage_healed":0.0,"max_hp_gain":0.0,"max_hp_loss":0.0,"gold_gain":50.0,"event_name":"Nest","player_choice":"Stole From Cult","floor":25.0,"gold_loss":0.0,"damage_taken":0.0},{"damage_healed":0.0,"max_hp_gain":0.0,"max_hp_loss":0.0,"gold_gain":0.0,"event_name":"Masked Bandits","player_choice":"Fought Bandits","floor":31.0,"gold_loss":0.0,"damage_taken":0.0},{"damage_healed":0,"gold_gain":0,"player_choice":"Memory 1","damage_taken":0,"max_hp_gain":0,"max_hp_loss":0,"event_name":"SensoryStone","floor":38,"gold_loss":0},{"damage_healed":0,"gold_gain":0,"player_choice":"Got Potions","damage_taken":0,"max_hp_gain":0,"max_hp_loss":0,"event_name":"Lab","floor":39,"gold_loss":0},{"damage_healed":0,"gold_gain":0,"player_choice":"Fight","damage_taken":0,"max_hp_gain":0,"max_hp_loss":0,"event_name":"Mysterious Sphere","floor":44,"gold_loss":0},{"damage_healed":0,"gold_gain":0,"player_choice":"Ignored","damage_taken":0,"max_hp_gain":0,"max_hp_loss":0,"event_name":"Transmorgrifier","floor":46,"gold_loss":0}],"is_beta":false,"boss_relics":[{"not_picked":["Busted Crown","Runic Dome"],"picked":"Sozu"},{"not_picked":["SacredBark","Calling Bell","Coffee Dripper"]}],"items_purged_floors":[5,19],"is_endless":false,"potions_floor_spawned":[4,10,11,12,16,24,30,33,35,37,44,45],"ascension_level":15}}