{"host":"5i902d4kyq17lzic","time":1611471809,"event":{"mods":["BaseMod","BetterRewards","Colored Powertips","Dio Mod","Duelist Mod","Hermit","Hero for Fun","Minty Spire (QoL Compilation)","Shop Mod","StSLib","Td1madao Mod","The Cursed","The Marked","The Problem Sleuth","The Sage","The Servant 0.9.4","The Wild Card"],"gold_per_floor":[18,30,30,30,30,30,56,74,74,87,87,122,122,135,135,239,239,259,269,286,286,306,306,326,326,349,365,419,124,142,169,169,268,268,288,304,321,332,350,362,382,416,485,225,236,236,255,255,255,255],"floor_reached":51,"language":"ENG","playtime":972,"items_purged":[],"score":1119,"play_id":"dde3a5fd-3176-40f9-bc4f-ef1f2ef2d6c1","local_time":"20210123230329","is_ascension_mode":false,"campfire_choices":[{"data":"Strike_Y","floor":11,"key":"SMITH"},{"floor":13,"key":"REST"},{"data":"Consecutive_Normal_Punch","floor":15,"key":"SMITH"},{"data":"Defend_Y","floor":23,"key":"SMITH"},{"data":"Toss_Stone","floor":32,"key":"SMITH"},{"floor":49,"key":"REST"}],"circlet_count":0,"master_deck":["Strike_Y+1","Strike_Y","Strike_Y","Strike_Y","Strike_Y","Defend_Y","Defend_Y+1","Defend_Y","Defend_Y","Defend_Y","Consecutive_Normal_Punch+1","Side_Hop","Side_Hop","Yawn","Toss_Stone+1","Wear_Disguise+1","Slap","Get_Hopes_Up","Consecutive_Normal_Punch","Hop","Ignore","Wear_Disguise+1","Toss_Stone","Hip_Strike","Ignore","Toss_Stone","Serious_Punch","Normal_Punch+1","Hop+1","Serious_Side_Hops","Wear_Disguise+1","Yawn+1","Consecutive_Normal_Punch+1","Slap+1","Normal_Punch+1"],"relics":["Cape","Bottled Lightning","Frozen Egg 2","Pantograph","Runic Dome","MutagenicStrength","Vajra","Bronze Scales","MerchantsRug","Lantern","White Beast Statue","Velvet Choker","Bottled Flame","sagemod:Red_Beast_Statue","Letter Opener"],"acts_visited":["Exordium","TheCity","TheBeyond"],"potions_floor_usage":[],"damage_taken":[{"damage":0,"enemies":"Jaw Worm","floor":1,"turns":1},{"damage":0,"enemies":"Small Slimes","floor":2,"turns":1},{"damage":0,"enemies":"3 Sentries","floor":7,"turns":1},{"damage":0,"enemies":"2 Louse","floor":8,"turns":1},{"damage":0,"enemies":"Exordium Thugs","floor":10,"turns":2},{"damage":0,"enemies":"Gremlin Nob","floor":12,"turns":1},{"damage":0,"enemies":"3 Louse","floor":14,"turns":2},{"damage":0,"enemies":"Hexaghost","floor":16,"turns":1},{"damage":0,"enemies":"Spheric Guardian","floor":18,"turns":2},{"damage":0,"enemies":"2 Thieves","floor":19,"turns":2},{"damage":0,"enemies":"Cultist and Chosen","floor":20,"turns":1},{"damage":0,"enemies":"Snecko","floor":22,"turns":2},{"damage":0,"enemies":"Snake Plant","floor":24,"turns":1},{"damage":0,"enemies":"Cultist and Chosen","floor":27,"turns":1},{"damage":0,"enemies":"Centurion and Healer","floor":30,"turns":1},{"damage":0,"enemies":"theDuelist:KaibaA2","floor":31,"turns":2},{"damage":0,"enemies":"StardustCrusaders","floor":33,"turns":2},{"damage":0,"enemies":"Orb Walker","floor":35,"turns":1},{"damage":0,"enemies":"3 Shapes","floor":36,"turns":2},{"damage":0,"enemies":"3 Darklings","floor":37,"turns":2},{"damage":0,"enemies":"Maw","floor":38,"turns":1},{"damage":0,"enemies":"Writhing Mass","floor":39,"turns":1},{"damage":0,"enemies":"Transient","floor":40,"turns":1},{"damage":0,"enemies":"3 Darklings","floor":41,"turns":2},{"damage":0,"enemies":"Reptomancer","floor":42,"turns":1},{"damage":0,"enemies":"4 Shapes","floor":45,"turns":2},{"damage":0,"enemies":"Jaw Worm Horde","floor":47,"turns":2},{"damage":0,"enemies":"Maw","floor":48,"turns":1},{"damage":0,"enemies":"Donu and Deca","floor":50,"turns":1}],"seed_played":"1414208236764430416","potions_obtained":[{"floor":1,"key":"Energy Potion"},{"floor":12,"key":"SmokeBomb"},{"floor":22,"key":"FearPotion"},{"floor":24,"key":"Ancient Potion"},{"floor":33,"key":"Strength Potion"},{"floor":35,"key":"Fire Potion"},{"floor":36,"key":"SteroidPotion"},{"floor":40,"key":"sagemod:Wine"}],"is_trial":false,"path_per_floor":["M","M","$","?","$","?","E","M","T","M","R","E","R","M","R","B",null,"M","M","M","?","M","R","M","?","T","M","T","$","M","E","R","B",null,"M","M","M","M","M","M","M","E","T","$","M","?","M","M","R","B",null],"character_chosen":"OPM","items_purchased":["MerchantsRug","Lantern","Letter Opener"],"campfire_rested":2,"item_purchase_floors":[29,29,44],"current_hp_per_floor":[1098,1098,1098,1098,1098,1098,1098,1098,1098,1098,1098,1098,1098,1098,1098,1098,1098,1098,1098,1098,1098,1098,1098,1098,1103,1103,1103,1103,1103,1103,1103,1103,1103,1103,1103,1103,1103,1103,1103,1103,1103,1103,1103,1103,1103,1103,1103,1103,1103,1103],"gold":255,"neow_bonus":"TEN_PERCENT_HP_BONUS","is_daily":false,"chose_seed":false,"campfire_upgraded":4,"win_rate":0.0,"timestamp":1611471809,"path_taken":["M","M","$","?","$","?","E","M","T","M","R","E","R","M","R","BOSS","M","M","M","?","M","R","M","?","T","M","?","$","M","E","R","BOSS","M","M","M","M","M","M","M","E","T","$","M","?","M","M","R","BOSS"],"items_purchased_type":["Relic","Relic","Relic"],"build_version":"2020-12-22","purchased_purges":0,"victory":true,"max_hp_per_floor":[1098,1098,1098,1098,1098,1098,1098,1098,1098,1098,1098,1098,1098,1098,1098,1098,1098,1098,1098,1098,1098,1098,1098,1098,1103,1103,1103,1103,1103,1103,1103,1103,1103,1103,1103,1103,1103,1103,1103,1103,1103,1103,1103,1103,1103,1103,1103,1103,1103,1103],"card_choices":[{"not_picked":["Yawn","Ignore"],"picked":"Consecutive_Normal_Punch","floor":1},{"not_picked":["Consecutive_Normal_Punch","Slap"],"picked":"Side_Hop","floor":2},{"not_picked":["Consecutive_Normal_Punch","Yawn"],"picked":"Side_Hop","floor":7},{"not_picked":["Side_Hop","Slap"],"picked":"Yawn","floor":8},{"not_picked":["Ignore","Do_Nothing"],"picked":"Toss_Stone","floor":10},{"not_picked":["Ignore","Toss_Stone"],"picked":"Wear_Disguise+1","floor":12},{"not_picked":["Ignore","Consecutive_Normal_Punch"],"picked":"Slap","floor":14},{"not_picked":["Hip_Strike","Terrifying_Presence+1"],"picked":"Get_Hopes_Up","floor":16},{"not_picked":["Wear_Disguise+1","Do_Nothing"],"picked":"Consecutive_Normal_Punch","floor":18},{"not_picked":["Normal_Punch","Slap"],"picked":"Hop","floor":19},{"not_picked":["Wear_Disguise+1","Hop"],"picked":"Ignore","floor":20},{"not_picked":["Ignore","Side_Hop"],"picked":"Wear_Disguise+1","floor":22},{"not_picked":["Side_Hop","Normal_Punch+1"],"picked":"Toss_Stone","floor":24},{"not_picked":["Side_Hop+1","Normal_Punch"],"picked":"Hip_Strike","floor":27},{"not_picked":["Wear_Disguise+1","Side_Hop"],"picked":"Ignore","floor":30},{"not_picked":["Yawn","Do_Nothing"],"picked":"Toss_Stone","floor":31},{"not_picked":["Terrifying_Presence+1","Get_Hopes_Up"],"picked":"Serious_Punch","floor":33},{"not_picked":["Yawn+1","Side_Hop"],"picked":"Normal_Punch+1","floor":35},{"not_picked":["Yawn","Ignore"],"picked":"Hop+1","floor":36},{"not_picked":["Consecutive_Normal_Punch","Toss_Stone+1"],"picked":"Serious_Side_Hops","floor":37},{"not_picked":["Normal_Punch","Yawn"],"picked":"Wear_Disguise+1","floor":38},{"not_picked":["Side_Hop","Normal_Punch"],"picked":"Yawn+1","floor":39},{"not_picked":["Yawn+1","Side_Hop","Normal_Punch"],"picked":"SKIP","floor":40},{"not_picked":["Normal_Punch+1","Yawn"],"picked":"Consecutive_Normal_Punch+1","floor":41},{"not_picked":["Side_Hop","Wear_Disguise+1"],"picked":"Slap+1","floor":42},{"not_picked":["Ignore+1","Side_Hop+1"],"picked":"Normal_Punch+1","floor":45},{"not_picked":["Get_Hopes_Up","Yawn+1","Hop+1"],"picked":"SKIP","floor":47},{"not_picked":["Consecutive_Normal_Punch","Side_Hop","Yawn+1"],"picked":"SKIP","floor":48}],"player_experience":35522,"relics_obtained":[{"floor":7,"key":"Bottled Lightning"},{"floor":9,"key":"Frozen Egg 2"},{"floor":12,"key":"Pantograph"},{"floor":26,"key":"Vajra"},{"floor":28,"key":"Bronze Scales"},{"floor":31,"key":"White Beast Statue"},{"floor":42,"key":"Bottled Flame"},{"floor":43,"key":"sagemod:Red_Beast_Statue"}],"event_choices":[{"damage_healed":0,"gold_gain":0,"player_choice":"Ignored","damage_taken":0,"max_hp_gain":0,"max_hp_loss":0,"event_name":"Golden Wing","floor":4,"gold_loss":0},{"damage_healed":0,"gold_gain":0,"player_choice":"Fled","damage_taken":0,"max_hp_gain":0,"max_hp_loss":0,"event_name":"Scrap Ooze","floor":6,"gold_loss":0},{"damage_healed":0,"gold_gain":0,"player_choice":"Inject Mutagens","damage_taken":0,"relics_obtained":["MutagenicStrength"],"max_hp_gain":0,"max_hp_loss":0,"event_name":"Drug Dealer","floor":21,"gold_loss":0},{"damage_healed":0,"gold_gain":0,"player_choice":"Shed Blood","damage_taken":275,"max_hp_gain":5,"max_hp_loss":0,"event_name":"Forgotten Altar","floor":25,"gold_loss":0},{"damage_healed":0,"gold_gain":0,"player_choice":"Ignored","damage_taken":0,"max_hp_gain":0,"max_hp_loss":0,"event_name":"NoteForYourself","floor":46,"gold_loss":0}],"is_beta":false,"boss_relics":[{"not_picked":["Ectoplasm","Coffee Dripper"],"picked":"Runic Dome"},{"not_picked":["Astrolabe","Busted Crown"],"picked":"Velvet Choker"}],"items_purged_floors":[],"is_endless":false,"potions_floor_spawned":[1,12,22,24,33,35,36,37,38,39,40,41,42,45,47,48],"ascension_level":0}}