{"host":"t9zjxed0utvsfjwc","time":1611460785,"event":{"mods":["2.2 Compatiblity","Aspiration","BaseMod","Better Altar","Better Match","Better Note","Better Sensory Stone","Better Skull","Better Third Choice","Block Reminder","Colored Map","Colored Powertips","Custom Start","Hermit","Highlight Path","Hubris","Infinite Spire","Minty Spire (QoL Compilation)","Quick Restart","Rare Cards Sparkle","Replay The Spire","Shade Mod","StSLib","The Cursed","The Disciple","The Marked","The Runesmith","Unceasing Turn Reminder","everything is the same but u backflip on backflip"],"gold_per_floor":[110,110,110,121,134,134,134,160,236,93,168,185,110,143,143,148,148],"floor_reached":16,"language":"ENG","playtime":953,"items_purged":["Regret"],"score":108,"play_id":"d35e7766-5a10-4c06-8a64-b495591395b8","local_time":"20210124035945","is_ascension_mode":false,"campfire_choices":[{"data":"ReplayTheSpireMod:Armaments MK-II-B","floor":6,"key":"SMITH"}],"circlet_count":0,"master_deck":["hermit:Strike_Hermit","hermit:Strike_Hermit","hermit:Strike_Hermit","hermit:Strike_Hermit","hermit:Defend_Hermit+1","hermit:Defend_Hermit+1","hermit:Defend_Hermit","hermit:Snapshot","hermit:Covet","ReplayTheSpireMod:Armaments MK-II-B+1","Runesmith:CraftFirestone","hermit:GoldenBullet","hermit:Scavenge","Runesmith:Grindstone"],"relics":["hermit:Momento","aspiration:Nostalgia","m_RuneBlood","aspiration:HiddenCompartment","infinitespire:Lucky Rock","Shuriken","War Paint","Potion Belt"],"acts_visited":["Exordium"],"potions_floor_usage":[16,16,16,16],"damage_taken":[{"damage":1,"enemies":"Cultist","floor":1,"turns":3},{"damage":9,"enemies":"2 Louse","floor":4,"turns":3},{"damage":2,"enemies":"Jaw Worm","floor":5,"turns":4},{"damage":40,"enemies":"Lagavulin","floor":8,"turns":6},{"damage":5,"enemies":"Large Slime","floor":12,"turns":8},{"damage":15,"enemies":"Replay:BlueRogue","floor":14,"turns":8},{"damage":8,"enemies":"Hexaghost","floor":16,"turns":9}],"seed_played":"-6122716633244524833","potions_obtained":[{"floor":12,"key":"Strength Potion"},{"floor":14,"key":"hermit:Tonic"},{"floor":15,"key":"Weak Potion"},{"floor":15,"key":"Strength Potion"}],"is_trial":false,"path_per_floor":["M","?","?","M","M","R","$","E","T","$","?","M","$","E","R_BF","B"],"character_chosen":"HERMIT","items_purchased":["War Paint"],"campfire_rested":0,"item_purchase_floors":[10],"current_hp_per_floor":[75,75,75,69,70,70,70,33,33,33,22,20,20,8,8,0,0],"gold":148,"neow_bonus":"NOSTALGIA","is_daily":false,"chose_seed":false,"campfire_upgraded":1,"win_rate":0.0,"timestamp":1611460785,"path_taken":["M","?","?","M","M","R","$","E","T","$","?","?","$","E","R_BF","BOSS"],"items_purchased_type":["Relic"],"build_version":"2020-12-22","purchased_purges":1,"victory":false,"max_hp_per_floor":[75,75,75,75,75,75,75,75,75,75,75,75,75,75,75,75,75],"card_choices":[{"not_picked":["Runesmith:Fortify","Armaments"],"picked":"ReplayTheSpireMod:Armaments MK-II-B","floor":1},{"not_picked":["hermit:Desperado","hermit:Misfire"],"picked":"Runesmith:CraftFirestone","floor":4},{"not_picked":["hermit:SprayPray","hermit:BigShot"],"picked":"hermit:GoldenBullet","floor":5},{"not_picked":["hermit:Desperado","hermit:Headshot"],"picked":"hermit:Scavenge","floor":8},{"not_picked":["hermit:Adapt","hermit:SprayPray","hermit:Spite"],"picked":"SKIP","floor":12},{"not_picked":["hermit:BodyArmor","hermit:LuckOfTheDraw"],"picked":"Runesmith:Grindstone","floor":14}],"player_experience":400417,"relics_obtained":[{"floor":8,"key":"infinitespire:Lucky Rock"},{"floor":9,"key":"Shuriken"},{"floor":14,"key":"Potion Belt"}],"event_choices":[{"damage_healed":0,"gold_gain":0,"player_choice":"Box","damage_taken":0,"relics_obtained":["aspiration:HiddenCompartment"],"max_hp_gain":0,"max_hp_loss":0,"event_name":"Big Fish","floor":3,"gold_loss":0,"cards_obtained":["Regret"]},{"damage_healed":0,"gold_gain":75,"player_choice":"Gold","damage_taken":11,"max_hp_gain":0,"max_hp_loss":0,"event_name":"betterThird:BetterGoop","floor":11,"gold_loss":0}],"is_beta":false,"boss_relics":[],"items_purged_floors":[13],"is_endless":false,"potions_floor_spawned":[12,14],"killed_by":"Hexaghost","ascension_level":0}}