{"host":"y1oqg7uy0jc6f5mb","time":1611502525,"event":{"mods":["BaseMod","Better Altar","Better Match","Better Note","Better Sensory Stone","Better Skull","Better Third Choice","BetterRewards","Block Reminder","Colored Map","Colored Powertips","Custom Start","DeckTracker","Displayed Cursed Tome","Highlight Path","Ironclad Rager","Minty Spire (QoL Compilation)","Permanent Neow","Quick Restart","Relic Sorter","Relic Stats","Shop Mod","StSLib"],"gold_per_floor":[119,94,104,114,130,130,161,161,161,176,176,188,188,198,198,300,300,314,5,5,21,33,33,33,33],"floor_reached":24,"language":"ENG","playtime":1565,"items_purged":["Strike_B","Defend_B","Strike_B"],"score":375,"play_id":"7abaadcb-de62-4344-a85b-80fdcb168e38","local_time":"20210124233525","is_ascension_mode":true,"campfire_choices":[{"data":"Capacitor","floor":6.0,"key":"SMITH"},{"data":"Coolheaded","floor":8.0,"key":"SMITH"},{"data":"Dualcast","floor":13,"key":"SMITH"},{"data":"Zap","floor":15,"key":"SMITH"},{"floor":23,"key":"REST"}],"circlet_count":0,"master_deck":["Strike_B","Strike_B","Defend_B","Defend_B","Defend_B","Zap+1","Dualcast+1","Capacitor+1","Conserve Battery","Self Repair","Ball Lightning","Sweeping Beam","Coolheaded+1","Auto Shields","Machine Learning","Doom and Gloom","FTL","Chill","Meteor Strike","Fusion+1","Storm+1","Melter","Leap","Conserve Battery+1","Cold Snap"],"relics":["Cracked Core","Ancient Tea Set","Frozen Eye","Shuriken","Frozen Egg 2","SacredBark"],"acts_visited":["Exordium","TheCity"],"potions_floor_usage":[10,16,16,22,22,24],"damage_taken":[{"damage":1.0,"enemies":"Cultist","floor":1.0,"turns":4.0},{"damage":0.0,"enemies":"Jaw Worm","floor":3.0,"turns":4.0},{"damage":0.0,"enemies":"Small Slimes","floor":4.0,"turns":4.0},{"damage":12.0,"enemies":"Red Slaver","floor":5.0,"turns":4.0},{"damage":14.0,"enemies":"3 Sentries","floor":7.0,"turns":6.0},{"damage":4,"enemies":"Exordium Wildlife","floor":10,"turns":5},{"damage":7,"enemies":"Blue Slaver","floor":12,"turns":4},{"damage":1,"enemies":"3 Louse","floor":14,"turns":2},{"damage":22,"enemies":"Slime Boss","floor":16,"turns":5},{"damage":20,"enemies":"Chosen","floor":18,"turns":6},{"damage":23,"enemies":"Shell Parasite","floor":21,"turns":6},{"damage":18,"enemies":"Chosen and Byrds","floor":22,"turns":4},{"damage":48,"enemies":"Slavers","floor":24,"turns":4}],"seed_played":"-7301284507221482274","potions_obtained":[{"floor":4.0,"key":"Dexterity Potion"},{"floor":10,"key":"DuplicationPotion"},{"floor":12,"key":"Fire Potion"},{"floor":16,"key":"Explosive Potion"},{"floor":21,"key":"DistilledChaos"}],"is_trial":false,"path_per_floor":["M","$","M","M","M","R","E","R","T","M","?","M","R","M","R","B",null,"M","$","?","M","M","R","E"],"character_chosen":"DEFECT","items_purchased":["Capacitor","Ancient Tea Set","Frozen Eye","Conserve Battery","Self Repair","EntropicBrew","Fruit Juice","Sweeping Beam","Storm+1","Melter","Leap"],"campfire_rested":1,"item_purchase_floors":[0,0,0,0,0,0,0,2,19,19,19],"current_hp_per_floor":[47,47,54,61,56,56,49,49,49,52,52,52,52,51,51,36,69,56,56,56,33,22,46,0,0],"gold":33,"neow_bonus":"","is_daily":false,"chose_seed":false,"campfire_upgraded":4,"win_rate":0.0,"timestamp":1611502525,"path_taken":["M","?","M","M","M","R","E","R","T","M","?","M","R","M","R","BOSS","M","$","?","?","M","R","E"],"items_purchased_type":["Card","Relic","Relic","Card","Card","Potion","Potion","Card","Card","Card","Card"],"build_version":"2020-12-22","purchased_purges":3,"victory":false,"max_hp_per_floor":[80,80,80,80,80,80,80,80,80,80,80,80,80,80,80,80,80,80,80,80,80,80,80,80,80],"relic_stats":{"counters":[92,492],"Shuriken":[4],"obtain_stats":[{"Tiny House":17,"Gremlin Horn":27,"Whetstone":24,"Bottled Tornado":26,"Boot":5,"Old Coin":40,"Prayer Wheel":9,"MerchantsRug":28,"Pear":26,"Happy Flower":14,"Dead Branch":38,"Oddly Smooth Stone":26,"Cables":28,"Runic Dome":17,"Bottled Flame":26,"Shuriken":9,"Bronze Scales":0,"Bird Faced Urn":24,"Snecko Eye":34,"Molten Egg 2":42,"Pocketwatch":8,"Torii":0,"SacredBark":34,"Enchiridion":19,"Bag of Preparation":12,"Juzu Bracelet":40,"Incense Burner":9,"Ancient Tea Set":0,"Frozen Eye":0,"Dream Catcher":13,"Matryoshka":7,"TheAbacus":48,"Mummified Hand":28,"Pantograph":22,"Tiny Chest":31,"Cracked Core":0,"InkBottle":8,"Potion Belt":28,"Inserter":17,"The Courier":9,"Omamori":28,"Frozen Egg 2":0,"MawBank":9,"White Beast Statue":26,"Peace Pipe":7,"Anchor":11,"DataDisk":24,"Coffee Dripper":17,"Membership Card":28},{"Tiny House":8,"Gremlin Horn":42,"Whetstone":11,"Bottled Tornado":67,"Boot":18,"Old Coin":76,"Prayer Wheel":33,"MerchantsRug":12,"Pear":41,"Happy Flower":22,"Dead Branch":48,"Oddly Smooth Stone":11,"Cables":12,"Runic Dome":64,"Bottled Flame":27,"Shuriken":20,"Bronze Scales":15,"Bird Faced Urn":41,"Snecko Eye":71,"Molten Egg 2":78,"Pocketwatch":60,"Torii":55,"SacredBark":45,"Enchiridion":65,"Bag of Preparation":21,"Juzu Bracelet":49,"Incense Burner":60,"Ancient Tea Set":79,"Frozen Eye":79,"Dream Catcher":34,"Matryoshka":4,"TheAbacus":78,"Mummified Hand":68,"Pantograph":10,"Tiny Chest":14,"Cracked Core":0,"InkBottle":20,"Potion Belt":12,"Inserter":36,"The Courier":4,"Omamori":12,"Frozen Egg 2":29,"MawBank":4,"White Beast Statue":11,"Peace Pipe":33,"Anchor":5,"DataDisk":67,"Coffee Dripper":23,"Membership Card":42},{"Tiny House":41,"Gremlin Horn":252,"Whetstone":57,"Bottled Tornado":380,"Boot":101,"Old Coin":419,"Prayer Wheel":184,"MerchantsRug":64,"Pear":243,"Happy Flower":125,"Dead Branch":292,"Oddly Smooth Stone":57,"Cables":64,"Runic Dome":365,"Bottled Flame":155,"Shuriken":112,"Bronze Scales":94,"Bird Faced Urn":243,"Snecko Eye":400,"Molten Egg 2":429,"Pocketwatch":351,"Torii":333,"SacredBark":279,"Enchiridion":369,"Bag of Preparation":121,"Juzu Bracelet":297,"Incense Burner":351,"Ancient Tea Set":434,"Frozen Eye":434,"Dream Catcher":190,"Matryoshka":16,"TheAbacus":429,"Mummified Hand":384,"Pantograph":51,"Tiny Chest":80,"Cracked Core":0,"InkBottle":112,"Potion Belt":64,"Inserter":206,"The Courier":16,"Omamori":64,"Frozen Egg 2":164,"MawBank":16,"White Beast Statue":57,"Peace Pipe":184,"Anchor":20,"DataDisk":380,"Coffee Dripper":133,"Membership Card":252}]},"card_choices":[{"not_picked":["Streamline","Turbo"],"picked":"Ball Lightning","floor":1.0},{"not_picked":["Reboot","Conserve Battery"],"picked":"Coolheaded","floor":3.0},{"not_picked":["White Noise","Gash","Rebound"],"picked":"SKIP","floor":4.0},{"not_picked":["BootSequence","Biased Cognition"],"picked":"Auto Shields","floor":5.0},{"not_picked":["Ball Lightning","Self Repair"],"picked":"Machine Learning","floor":7.0},{"not_picked":["Cold Snap","Leap"],"picked":"Doom and Gloom","floor":10},{"not_picked":["Aggregate","Leap"],"picked":"FTL","floor":12},{"not_picked":["Turbo","Beam Cell"],"picked":"Chill","floor":14},{"not_picked":["Machine Learning+1","Echo Form+1"],"picked":"Meteor Strike","floor":16},{"not_picked":["Heatsinks+1","Streamline"],"picked":"Fusion","floor":18},{"not_picked":["Sweeping Beam","Gash+1"],"picked":"Conserve Battery+1","floor":21},{"not_picked":["Sweeping Beam+1","Barrage"],"picked":"Cold Snap","floor":22}],"player_experience":185258,"relics_obtained":[{"floor":7.0,"key":"Shuriken"},{"floor":9.0,"key":"Frozen Egg 2"}],"event_choices":[{"damage_healed":0,"gold_gain":0,"player_choice":"Ignored","damage_taken":176,"max_hp_gain":0,"max_hp_loss":0,"event_name":"betterThird:BetterSerpent","floor":11,"gold_loss":0},{"damage_healed":0,"gold_gain":0,"player_choice":"Upgraded","damage_taken":0,"max_hp_gain":0,"max_hp_loss":0,"event_name":"Upgrade Shrine","floor":20,"gold_loss":0,"cards_upgraded":["Fusion"]}],"is_beta":false,"boss_relics":[{"not_picked":["Ectoplasm","FrozenCore"],"picked":"SacredBark"}],"items_purged_floors":[0,0,19],"is_endless":false,"potions_floor_spawned":[4,10,12,14,16,21],"killed_by":"Slavers","ascension_level":5}}