{"host":"daa8jqyg4gqfaysm","time":1611471084,"event":{"mods":["BaseMod","Colored Powertips","Minty Spire (QoL Compilation)","StSLib"],"gold_per_floor":[118,132,132,20,20,54,54,82,130,169,169,198,238,257,257,257,257],"floor_reached":16,"language":"ENG","playtime":449,"items_purged":[],"score":290,"play_id":"ce8d3c0f-58cd-46ed-be91-1e0343912b3c","local_time":"20210124145124","is_ascension_mode":true,"campfire_choices":[{"data":"True Grit","floor":7,"key":"SMITH"},{"data":"Bash","floor":11,"key":"SMITH"},{"data":"Heavy Blade","floor":15,"key":"SMITH"}],"circlet_count":0,"master_deck":["AscendersBane","Strike_R","Strike_R","Strike_R","Strike_R","Defend_R+1","Defend_R+1","Defend_R","Defend_R+1","Bash+1","True Grit+1","Cleave+1","True Grit","Feel No Pain","Clothesline","Corruption","Heavy Blade+1","Reaper","Metallicize"],"relics":["Burning Blood","NeowsBlessing","CeramicFish","War Paint","Champion Belt"],"acts_visited":["Exordium"],"potions_floor_usage":[10,12,16],"damage_taken":[{"damage":0,"enemies":"Jaw Worm","floor":1,"turns":1},{"damage":0,"enemies":"Small Slimes","floor":2,"turns":1},{"damage":0,"enemies":"Lagavulin","floor":6,"turns":2},{"damage":3,"enemies":"Cultist","floor":8,"turns":4},{"damage":5,"enemies":"3 Sentries","floor":10,"turns":10},{"damage":1,"enemies":"Exordium Wildlife","floor":12,"turns":5},{"damage":24,"enemies":"Gremlin Nob","floor":13,"turns":4},{"damage":8,"enemies":"Red Slaver","floor":14,"turns":3},{"damage":58,"enemies":"The Guardian","floor":16,"turns":15}],"seed_played":"-2011579079703494852","potions_obtained":[{"floor":2,"key":"SpeedPotion"},{"floor":6,"key":"HeartOfIron"},{"floor":10,"key":"SkillPotion"},{"floor":13,"key":"FearPotion"}],"is_trial":false,"path_per_floor":["M","M","?","$","?","E","R","M","T","E","R","M","E","M","R","B"],"character_chosen":"IRONCLAD","items_purchased":["True Grit","Fire Potion"],"campfire_rested":0,"item_purchase_floors":[4,4],"current_hp_per_floor":[74,75,52,52,45,51,51,54,54,55,55,60,42,40,40,0,0],"gold":257,"neow_bonus":"THREE_ENEMY_KILL","is_daily":false,"chose_seed":false,"campfire_upgraded":3,"win_rate":0.0,"timestamp":1611471084,"path_taken":["M","M","?","$","?","E","R","M","T","E","R","M","E","M","R","BOSS"],"items_purchased_type":["Card","Potion"],"build_version":"2020-12-22","purchased_purges":0,"victory":false,"max_hp_per_floor":[75,75,75,75,75,75,75,75,75,75,75,75,75,75,75,75,75],"card_choices":[{"not_picked":["Fire Breathing","Iron Wave"],"picked":"True Grit","floor":1},{"not_picked":["Wild Strike","Clothesline"],"picked":"Cleave","floor":2},{"not_picked":["Whirlwind","Reckless Charge"],"picked":"Feel No Pain","floor":6},{"not_picked":["Dual Wield","Reckless Charge"],"picked":"Clothesline","floor":8},{"not_picked":["Twin Strike","Havoc"],"picked":"Corruption","floor":10},{"not_picked":["True Grit","Clothesline"],"picked":"Heavy Blade","floor":12},{"not_picked":["Fire Breathing","Power Through"],"picked":"Reaper","floor":13},{"not_picked":["Cleave","Anger"],"picked":"Metallicize","floor":14}],"player_experience":859427,"relics_obtained":[{"floor":6,"key":"CeramicFish"},{"floor":10,"key":"War Paint"},{"floor":13,"key":"Champion Belt"}],"event_choices":[{"damage_healed":0,"gold_gain":0,"player_choice":"Entered Light","damage_taken":23,"max_hp_gain":0,"max_hp_loss":0,"event_name":"Shining Light","floor":3,"gold_loss":0,"cards_upgraded":["Cleave","Defend_R"]},{"cards_removed":["Strike_R"],"damage_healed":0,"gold_gain":0,"player_choice":"Card Removal","damage_taken":7,"max_hp_gain":0,"max_hp_loss":0,"event_name":"Golden Wing","floor":5,"gold_loss":0}],"is_beta":false,"boss_relics":[],"items_purged_floors":[],"is_endless":false,"potions_floor_spawned":[2,6,10,13],"killed_by":"The Guardian","ascension_level":20}}