{"host":"njo8qgvy2a57fcny","time":1611474934,"event":{"mods":["Ascension Unlocker","Aspiration","BaseMod","BetterRewards","CCEM","Colored Map","Colored Powertips","Conspire","Custom Start","Downfall","Energized Spire","GifTheSpireLib","Halation","Hermit","Hubris","Infinite Spire","Jedi Mod","Jorbs\u0027s Wanderer Trilogy","Mimic Mod","Minty Spire (QoL Compilation)","Quick Restart","Random Character Button","Random Character Mod","Rare Cards Sparkle","Relic Sorter","Replay The Spire","Shop Mod","StSLib","Stuff the Spire","The Animator","The Jungle","The Runesmith","The Servant 0.9.4","Unceasing Turn Reminder","thorton","vexMod"],"gold_per_floor":[111,111,22,39,39,69,103,132,207,45,61,82,82,115,115,191,191,207,207,207,230,266,266,301,335,335,350,0,21,39,70,70,198,198,212,245,283,283],"floor_reached":37,"language":"ENG","playtime":4155,"items_purged":["hubris:Disease"],"score":1056,"play_id":"e0822e27-1265-4dc2-9527-36fb30b9df22","local_time":"20210124185534","is_ascension_mode":true,"campfire_choices":[{"data":"Hightail","floor":13,"key":"SMITH"},{"data":"DoubleEdge","floor":23,"key":"SMITH"},{"data":"KidneyShot","floor":32,"key":"SMITH"}],"circlet_count":0,"master_deck":["AscendersBane","Strike_S","Strike_S","Strike_S","Defend_S+1","Defend_S","Defend_S","Defend_S","KidneyShot+1","Exchange+1","ShatteredReality","MoonPhase","MoonPhase","DoubleEdge+1","FastForward","Hightail+1","MoonPhase","Spin","FanOfKnives","MoonPhase","Alleviate","Foresight","Hightail","ForgedInTime","Luminosity","Delirium","GearUp+1","Starlight+1","LightFlow","Gouge+1","Defy","SurpressingFire","Gouge","Defy+1","SpecialFormula","Sunlight","Rearm","Comet"],"relics":["Uniform","NeowsBlessing","Meat on the Bone","ReplayTheSpireMod:CursedCoin","Eternal Feather","Replay:Rubber Ducky","Ornamental Fan","vexMod:ConsolationPrize","aspiration:TrustyKnives","conspire:RoyalGoblet","Ring of Peace","Ring of Hypnosis","halation:EternalFortune","PaperSwan","CCEMRelics:GrindingGear","CCEMRelics:JestersCrown","Darkstone Periapt","Cursed Key"],"acts_visited":["Exordium","Exordium","TheBeyond"],"potions_floor_usage":[7,8,12,16,21,25,29,29,33,33],"damage_taken":[{"damage":0,"enemies":"Small Slimes","floor":1,"turns":1},{"damage":5,"enemies":"2 Louse","floor":4,"turns":2},{"damage":0,"enemies":"3 Sentries","floor":6,"turns":2},{"damage":0,"enemies":"Jaw Worm","floor":7,"turns":9},{"damage":6,"enemies":"Gremlin Nob","floor":8,"turns":3},{"damage":0,"enemies":"Jaw Worm","floor":11,"turns":4},{"damage":8,"enemies":"Looter","floor":12,"turns":2},{"damage":13,"enemies":"3 Louse","floor":14,"turns":4},{"damage":0,"enemies":"Slime Boss","floor":16,"turns":14},{"damage":0,"enemies":"theJungle:Flameango_and_Byrd","floor":18,"turns":11},{"damage":4,"enemies":"theJungle:GiantWrat","floor":21,"turns":11},{"damage":0,"enemies":"theJungle:JungleHuntersEncounter","floor":22,"turns":17},{"damage":17,"enemies":"theJungle:JungleHuntersEncounter","floor":24,"turns":13},{"damage":0,"enemies":"theJungle:Cassacara","floor":25,"turns":12},{"damage":0,"enemies":"theJungle:Snecko_Cultist_And_Trap","floor":27,"turns":8},{"damage":8,"enemies":"theJungle:2_Snecko_Cultists","floor":29,"turns":8},{"damage":0,"enemies":"Snake Plant","floor":30,"turns":3},{"damage":14,"enemies":"theJungle:JungleHuntersEncounter","floor":31,"turns":9},{"damage":56,"enemies":"theJungle:TotemBoss","floor":33,"turns":20},{"damage":0,"enemies":"Orb Walker","floor":35,"turns":4},{"damage":16,"enemies":"3 Shapes","floor":36,"turns":5},{"damage":48,"enemies":"Maw","floor":37,"turns":10}],"seed_played":"-376839042800637693","potions_obtained":[{"floor":1,"key":"ColorlessPotion"},{"floor":4,"key":"Fire Potion"},{"floor":8,"key":"Toxic Potion"},{"floor":11,"key":"FearPotion"},{"floor":16,"key":"LiquidMemories"},{"floor":24,"key":"Languid Potion"},{"floor":25,"key":"Elixir"},{"floor":27,"key":"BlessingOfTheForge"},{"floor":30,"key":"DuplicationPotion"},{"floor":31,"key":"Swift Potion"}],"is_trial":false,"path_per_floor":["M","?","$","M","?","E","MIM","E","T","$","M","M","R","M","R_BF","B",null,"M","?","?","M","MIM","R","M","E","T","M","$","M","M","M","R_BF","B",null,"M","M","M"],"character_chosen":"THE_SERVANT","items_purchased":["ReplayTheSpireMod:CursedCoin","MoonPhase","DoubleEdge","FastForward","aspiration:TrustyKnives","SurpressingFire","Darkstone Periapt"],"campfire_rested":0,"item_purchase_floors":[3,3,3,3,10,28,28],"current_hp_per_floor":[54,43,43,38,20,32,32,38,38,38,38,42,54,41,53,53,58,58,58,61,57,57,63,46,46,46,46,46,38,38,36,57,18,52,55,39,0,0],"gold":283,"neow_bonus":"THREE_ENEMY_KILL","is_daily":false,"chose_seed":false,"campfire_upgraded":3,"win_rate":0.0,"timestamp":1611474934,"path_taken":["M","?","$","M","?","E","?","E","T","$","M","M","R","M","R_BF","BOSS","M","?","?","M","?","R","M","E","T","M","$","M","M","M","R_BF","BOSS","M","M","M"],"items_purchased_type":["Relic","Card","Card","Card","Relic","Card","Relic"],"build_version":"2020-12-22","purchased_purges":1,"victory":false,"max_hp_per_floor":[60,60,60,60,60,60,60,60,60,60,60,60,60,60,60,60,60,60,60,63,63,63,63,63,63,63,63,63,63,63,63,63,63,63,66,66,66,66],"card_choices":[{"not_picked":["Replace","Defy"],"picked":"ShatteredReality","floor":1},{"not_picked":["Rearm","ShiftingGears"],"picked":"Hightail","floor":4},{"not_picked":["Potential","Spin"],"picked":"MoonPhase","floor":6},{"not_picked":["Rewind","Desolation"],"picked":"Spin","floor":7},{"not_picked":["Rearm","BestPractice"],"picked":"FanOfKnives","floor":8},{"not_picked":["Rewind","Hightail"],"picked":"MoonPhase","floor":11},{"not_picked":["Snipe","Rewind"],"picked":"Alleviate","floor":12},{"not_picked":["Ricochet","Rewind"],"picked":"Foresight","floor":14},{"not_picked":["Solidify","PendulumOfEternity"],"picked":"ForgedInTime","floor":16},{"not_picked":["TimeWarp","Potential"],"picked":"Luminosity","floor":18},{"not_picked":["Collapse","Rearm+1"],"picked":"GearUp+1","floor":21},{"not_picked":["Desolation","Foresight"],"picked":"Starlight+1","floor":22},{"not_picked":["FastForward","TimeWarp"],"picked":"LightFlow","floor":24},{"not_picked":["Sabotage","Ricochet"],"picked":"Gouge+1","floor":25},{"not_picked":["Moonlight","TimeWarp"],"picked":"Defy","floor":27},{"not_picked":["Replace","Desolation"],"picked":"Gouge","floor":29},{"not_picked":["Starlight","Desolation"],"picked":"Defy+1","floor":30},{"not_picked":["BottledTime","Read"],"picked":"SpecialFormula","floor":31},{"not_picked":["Deny","Initiator"],"picked":"Sunlight","floor":33},{"not_picked":["FastForward","Read"],"picked":"Rearm","floor":35},{"not_picked":["TimeWarp","FastForward+1"],"picked":"Comet","floor":36}],"player_experience":680452,"relics_obtained":[{"floor":6,"key":"Eternal Feather"},{"floor":7,"key":"Replay:Rubber Ducky"},{"floor":8,"key":"Ornamental Fan"},{"floor":9,"key":"vexMod:ConsolationPrize"},{"floor":19,"key":"Ring of Peace"},{"floor":19,"key":"Ring of Hypnosis"},{"floor":22,"key":"PaperSwan"},{"floor":25,"key":"CCEMRelics:GrindingGear"},{"floor":26,"key":"CCEMRelics:JestersCrown"},{"floor":35,"key":"halation:EternalFortune"}],"event_choices":[{"damage_healed":0,"gold_gain":0,"player_choice":"Success","damage_taken":11,"relics_obtained":["Meat on the Bone"],"max_hp_gain":0,"max_hp_loss":0,"event_name":"Scrap Ooze","floor":2,"gold_loss":0},{"damage_healed":0,"gold_gain":0,"player_choice":"Entered Light","damage_taken":18,"max_hp_gain":0,"max_hp_loss":0,"event_name":"Shining Light","floor":5,"gold_loss":0,"cards_upgraded":["Exchange","Defend_S"]}],"is_beta":false,"boss_relics":[{"not_picked":["Runesmith:UraniumAnvil","energizedSpire:RedRose"],"picked":"conspire:RoyalGoblet"},{"not_picked":["Replay:Wanted Poster","hubris:RunicObelisk"],"picked":"Cursed Key"}],"items_purged_floors":[3],"is_endless":false,"potions_floor_spawned":[1,4,8,11,16,24,25,27,30,31],"killed_by":"Maw","ascension_level":20}}