{"host":"aj7el8l5kufbk20z","time":1611466424,"event":{"mods":["AchievementEnabler","BaseMod","Colored Map","Colored Powertips","Curses Come First","Highlight Path","Minty Spire (QoL Compilation)","Permanent Neow","Poor People Problems","Quick Restart","Rare Cards Sparkle","Relic Stats","StSLib","SuperFastMode","Waifu the Spire"],"gold_per_floor":[117,131,149,149,166,166,166,176,252,252,252,252,252,272,272,370,370,370],"floor_reached":17,"language":"ZHS","playtime":497,"items_purged":[],"score":301,"play_id":"b874b8d8-6da2-4388-a215-02ae0be7e94a","local_time":"20210124133344","is_ascension_mode":true,"campfire_choices":[{"data":"Heavy Blade","floor":6,"key":"SMITH"},{"data":"Spot Weakness","floor":11,"key":"SMITH"},{"floor":15,"key":"REST"}],"circlet_count":0,"master_deck":["AscendersBane","Strike_R","Strike_R","Strike_R","Strike_R","Strike_R","Defend_R","Defend_R","Defend_R","Defend_R","Bash","Spot Weakness+1","Heavy Blade+1","Clash","Battle Trance","Infernal Blade","Regret","Injury","Armaments","Immolate"],"relics":["Burning Blood","Toy Ornithopter","Gremlin Horn","Du-Vu Doll","Golden Idol","SlaversCollar"],"acts_visited":["Exordium","TheCity"],"potions_floor_usage":[],"damage_taken":[{"damage":0,"enemies":"2 Louse","floor":1,"turns":5},{"damage":1,"enemies":"Cultist","floor":2,"turns":4},{"damage":7,"enemies":"Small Slimes","floor":3,"turns":3},{"damage":20,"enemies":"3 Louse","floor":5,"turns":3},{"damage":25,"enemies":"Gremlin Gang","floor":8,"turns":6},{"damage":9,"enemies":"Looter","floor":14,"turns":2},{"damage":36,"enemies":"Hexaghost","floor":16,"turns":7}],"seed_played":"4328776578165287359","potions_obtained":[{"floor":1,"key":"SneckoOil"},{"floor":5,"key":"LiquidMemories"},{"floor":16,"key":"DistilledChaos"}],"is_trial":false,"path_per_floor":["M","M","M","?","M","R","$","M","T","$","R","?","?","M","R","B",null],"character_chosen":"IRONCLAD","items_purchased":[],"campfire_rested":1,"item_purchase_floors":[],"current_hp_per_floor":[74,75,74,70,56,56,56,37,37,37,37,37,37,34,56,26,63,63],"gold":370,"neow_bonus":"RANDOM_COMMON_RELIC","is_daily":false,"chose_seed":false,"campfire_upgraded":2,"win_rate":0.0,"timestamp":1611466424,"path_taken":["M","M","M","?","?","R","$","M","T","?","R","?","?","M","R","BOSS"],"items_purchased_type":[],"build_version":"2020-12-22","purchased_purges":0,"victory":false,"max_hp_per_floor":[75,75,75,75,75,75,75,75,75,75,75,75,75,75,75,75,75,75],"relic_stats":{"Gremlin Horn":[0,0],"counters":[7,30],"Golden Idol":24,"obtain_stats":[{"Du-Vu Doll":12,"SlaversCollar":17,"Gremlin Horn":9,"Golden Idol":13,"Burning Blood":0,"Toy Ornithopter":0},{"Du-Vu Doll":5,"SlaversCollar":7,"Gremlin Horn":5,"Golden Idol":5,"Burning Blood":0,"Toy Ornithopter":0},{"Du-Vu Doll":21,"SlaversCollar":30,"Gremlin Horn":21,"Golden Idol":21,"Burning Blood":0,"Toy Ornithopter":0}],"Burning Blood":38,"Toy Ornithopter":0},"card_choices":[{"not_picked":["Disarm","Perfected Strike"],"picked":"Spot Weakness","floor":1},{"not_picked":["Sword Boomerang","Feel No Pain"],"picked":"Heavy Blade","floor":2},{"not_picked":["Bloodletting","Power Through"],"picked":"Clash","floor":3},{"not_picked":["Havoc","Evolve"],"picked":"Battle Trance","floor":5},{"not_picked":["Dark Embrace","Thunderclap"],"picked":"Infernal Blade","floor":8},{"not_picked":["Shockwave","Thunderclap"],"picked":"Armaments","floor":14},{"not_picked":["Exhume","Fiend Fire"],"picked":"Immolate","floor":16}],"player_experience":370808,"relics_obtained":[{"floor":9,"key":"Gremlin Horn"}],"event_choices":[{"damage_healed":0,"gold_gain":0,"player_choice":"Bought 0 Potions","damage_taken":0,"max_hp_gain":0,"max_hp_loss":0,"event_name":"The Woman in Blue","floor":4,"gold_loss":0},{"damage_healed":0,"gold_gain":0,"player_choice":"Box","damage_taken":0,"relics_obtained":["Du-Vu Doll"],"max_hp_gain":0,"max_hp_loss":0,"event_name":"Big Fish","floor":12,"gold_loss":0,"cards_obtained":["Regret"]},{"damage_healed":0,"gold_gain":0,"player_choice":"Take Wound","damage_taken":0,"relics_obtained":["Golden Idol"],"max_hp_gain":0,"max_hp_loss":0,"event_name":"Golden Idol","floor":13,"gold_loss":0,"cards_obtained":["Injury"]}],"is_beta":false,"boss_relics":[{"not_picked":["Black Star","Mark of Pain"],"picked":"SlaversCollar"}],"items_purged_floors":[],"is_endless":false,"potions_floor_spawned":[1,5,16],"ascension_level":15}}