{"host":"cgy","time":1611506220,"event":{"mods":["BaseMod","Downfall","Minty Spire (QoL Compilation)","StSLib","The Bug Knight","Warlord Emblem"],"gold_per_floor":[99,115,132,150,425,40,40,40,59,59,75,108,141,153,167,167,167,167],"floor_reached":16,"language":"ZHS","playtime":860,"items_purged":["Regret"],"score":106,"play_id":"7dc208ad-595a-4c8e-8f66-a04bac25a9c1","local_time":"20210125003700","is_ascension_mode":false,"campfire_choices":[{"data":"bronze:Goto","floor":1,"key":"SMITH"},{"data":"bronze:Shell","floor":8,"key":"SMITH"},{"data":"bronze:Frontload","floor":10,"key":"SMITH"}],"circlet_count":0,"master_deck":["bronze:Strike","bronze:Strike","bronze:Strike","bronze:Strike","bronze:Defend","bronze:Defend","bronze:Defend","bronze:Defend","bronze:Replicate","bronze:Goto+1","bronze:OilSpill","bronze:Repulsor","bronze:Frontload+1","bronze:Shell+1","bronze:Verify","bronze:GetLatest","bronze:WhirlingStrike","bronze:Backtrace","bronze:DelayedGuard"],"relics":["bronze:BronzeCore","Calipers","HollowMod:LifeEnderRelic","Strawberry"],"acts_visited":["Exordium"],"potions_floor_usage":[12],"damage_taken":[{"damage":3,"enemies":"Small Slimes","floor":2,"turns":3},{"damage":1,"enemies":"Cultist","floor":3,"turns":3},{"damage":6,"enemies":"Jaw Worm","floor":4,"turns":3},{"damage":11,"enemies":"downfall:FleeingMerchant","floor":6,"turns":4},{"damage":3,"enemies":"Red Slaver","floor":9,"turns":4},{"damage":0,"enemies":"Large Slime","floor":11,"turns":5},{"damage":26,"enemies":"Exordium Thugs","floor":12,"turns":5},{"damage":6,"enemies":"Gremlin Nob","floor":13,"turns":3},{"damage":6,"enemies":"3 Louse","floor":14,"turns":3},{"damage":2,"enemies":"Exordium Thugs","floor":15,"turns":10},{"damage":21,"enemies":"IC_STATUS_ARCHETYPE","floor":16,"turns":4}],"seed_played":"8453887142444395564","potions_obtained":[{"floor":2,"key":"SpeedPotion"},{"floor":9,"key":"ColorlessPotion"}],"is_trial":false,"path_per_floor":["R","M","M","M","?","$","T","R","M","R","M","M","E","M","M","B"],"character_chosen":"THE_AUTOMATON","items_purchased":["Calipers"],"campfire_rested":0,"item_purchase_floors":[6],"current_hp_per_floor":[77,74,73,67,67,56,56,56,53,53,53,27,28,22,20,0,0,0],"gold":167,"neow_bonus":"TEN_PERCENT_HP_BONUS","is_daily":false,"chose_seed":false,"campfire_upgraded":3,"win_rate":0.0,"timestamp":1611506220,"path_taken":["R","M","M","M","?","$","T","R","?","R","M","?","E","M","M","BOSS"],"items_purchased_type":["Relic"],"build_version":"2020-12-18","purchased_purges":1,"victory":false,"max_hp_per_floor":[77,77,77,77,77,77,77,77,77,77,77,77,84,84,84,84,84,84],"card_choices":[{"not_picked":["bronze:ItsAFeature","bronze:Invalidate"],"picked":"bronze:OilSpill","floor":2},{"not_picked":["bronze:BuggyMess","bronze:CloningBeam"],"picked":"bronze:Repulsor","floor":3},{"not_picked":["bronze:Invalidate","bronze:GetLatest"],"picked":"bronze:Frontload","floor":4},{"not_picked":["bronze:CleanCode","bronze:HyperBeam"],"picked":"bronze:Shell","floor":6},{"not_picked":["bronze:Turbo","bronze:Return","bronze:OilSpill"],"picked":"SKIP","floor":9},{"not_picked":["bronze:Iterate","bronze:Shield"],"picked":"bronze:Verify","floor":11},{"not_picked":["bronze:BuggyMess","bronze:CloningBeam"],"picked":"bronze:GetLatest","floor":12},{"not_picked":["bronze:Allocate","bronze:Invalidate"],"picked":"bronze:WhirlingStrike","floor":13},{"not_picked":["bronze:BitShift","bronze:Philosophize"],"picked":"bronze:Backtrace","floor":14},{"not_picked":["bronze:ClassDefault","bronze:Shield"],"picked":"bronze:DelayedGuard","floor":15}],"player_experience":146964,"relics_obtained":[{"floor":7,"key":"HollowMod:LifeEnderRelic"},{"floor":13,"key":"Strawberry"}],"event_choices":[],"is_beta":true,"boss_relics":[],"items_purged_floors":[6],"is_endless":false,"potions_floor_spawned":[2,9],"killed_by":"IC_STATUS_ARCHETYPE","ascension_level":0}}