{"host":"g2yp6paluzgljz05","time":1611465812,"event":{"mods":["BaseMod","Bestiary","Colored Powertips","DeckTracker","Highlight Path","Minty Spire (QoL Compilation)","Quick Restart"],"gold_per_floor":[13,28,48,48,62,62,81,81,130,147,167,167,167,187,187,284,284,272,283,208,223,322,322,322],"floor_reached":23,"language":"ENG","playtime":1477,"items_purged":[],"score":224,"play_id":"39987d92-fd10-41a8-9f7c-46503d7bfc6b","local_time":"20210124162332","is_ascension_mode":true,"campfire_choices":[{"data":"Fire Breathing","floor":6.0,"key":"SMITH"},{"data":"Thinking Ahead","floor":8.0,"key":"SMITH"},{"data":"Shrug It Off","floor":12.0,"key":"SMITH"},{"floor":15.0,"key":"REST"}],"circlet_count":0,"master_deck":["Strike_R","Strike_R","Strike_R","Defend_R","Defend_R","Defend_R","Defend_R","Bash","Thinking Ahead+1","Fire Breathing+1","Inflame","Shrug It Off+1","Warcry","Juggernaut","Barricade","Shrug It Off+1","Flame Barrier+1"],"relics":["Burning Blood","Omamori","Runic Cube"],"acts_visited":["Exordium","TheCity"],"potions_floor_usage":[23],"damage_taken":[{"damage":6.0,"enemies":"Cultist","floor":1.0,"turns":3.0},{"damage":12.0,"enemies":"Jaw Worm","floor":2.0,"turns":2.0},{"damage":0.0,"enemies":"Small Slimes","floor":3.0,"turns":3.0},{"damage":22.0,"enemies":"2 Fungi Beasts","floor":5.0,"turns":4.0},{"damage":9.0,"enemies":"Looter","floor":7.0,"turns":4.0},{"damage":21.0,"enemies":"Blue Slaver","floor":10.0,"turns":3.0},{"damage":13.0,"enemies":"Exordium Wildlife","floor":11.0,"turns":6.0},{"damage":29.0,"enemies":"Gremlin Gang","floor":14.0,"turns":7.0},{"damage":19.0,"enemies":"Hexaghost","floor":16.0,"turns":11.0},{"damage":33.0,"enemies":"2 Thieves","floor":18.0,"turns":4.0},{"damage":28.0,"enemies":"Chosen","floor":19.0,"turns":5.0},{"damage":27.0,"enemies":"Snake Plant","floor":21.0,"turns":9.0},{"damage":16,"enemies":"Book of Stabbing","floor":23,"turns":4}],"seed_played":"-4195427228473805664","potions_obtained":[{"floor":5.0,"key":"Fire Potion"},{"floor":7.0,"key":"BlessingOfTheForge"},{"floor":14.0,"key":"Dexterity Potion"},{"floor":16.0,"key":"Fire Potion"}],"is_trial":false,"path_per_floor":["M","M","M","$","M","R","M","R","T","M","M","R","?","M","R","B",null,"M","M","?","M","?","E"],"character_chosen":"IRONCLAD","items_purchased":[],"campfire_rested":1,"item_purchase_floors":[],"current_hp_per_floor":[80,74,80,80,64,64,61,61,61,46,39,39,32,9,33,20,80,53,31,31,10,10,0,0],"gold":322,"neow_bonus":"RANDOM_COLORLESS_2","is_daily":false,"chose_seed":false,"campfire_upgraded":3,"win_rate":0.0,"timestamp":1611465812,"path_taken":["M","?","M","$","M","R","M","R","T","M","M","R","?","M","R","BOSS","M","M","?","M","?","E"],"items_purchased_type":[],"build_version":"2020-12-22","purchased_purges":0,"victory":false,"max_hp_per_floor":[80,80,80,80,80,80,80,80,80,80,80,80,80,80,80,80,80,80,80,80,80,80,80,80],"card_choices":[{"not_picked":["Violence","Secret Technique"],"picked":"Thinking Ahead","floor":0.0},{"not_picked":["Anger","Sever Soul","Carnage"],"picked":"SKIP","floor":1.0},{"not_picked":["Pommel Strike","Combust"],"picked":"Fire Breathing","floor":2.0},{"not_picked":["Clothesline","Intimidate"],"picked":"Inflame","floor":3.0},{"not_picked":["Warcry","Feel No Pain"],"picked":"Shrug It Off","floor":5.0},{"not_picked":["Headbutt","Clothesline"],"picked":"Warcry","floor":7.0},{"not_picked":["Spot Weakness","Iron Wave"],"picked":"Juggernaut","floor":10.0},{"not_picked":["Armaments","Heavy Blade","Shockwave"],"picked":"SKIP","floor":11.0},{"not_picked":["Cleave","Headbutt","Infernal Blade"],"picked":"SKIP","floor":14.0},{"not_picked":["Limit Break","Feed"],"picked":"Barricade","floor":16.0},{"not_picked":["Burning Pact","Headbutt"],"picked":"Shrug It Off+1","floor":18.0},{"not_picked":["Armaments","Perfected Strike+1"],"picked":"Flame Barrier+1","floor":19.0},{"not_picked":["Flex","Rage+1","Warcry"],"picked":"SKIP","floor":21}],"player_experience":244636,"relics_obtained":[{"floor":9.0,"key":"Omamori"}],"event_choices":[{"cards_removed":["Strike_R"],"damage_healed":0.0,"max_hp_gain":0.0,"max_hp_loss":0.0,"gold_gain":0.0,"event_name":"Golden Wing","player_choice":"Card Removal","floor":13.0,"gold_loss":0.0,"damage_taken":7.0},{"cards_removed":["Strike_R"],"damage_healed":0.0,"max_hp_gain":0.0,"max_hp_loss":0.0,"gold_gain":0.0,"event_name":"Beggar","player_choice":"Gave Gold","floor":20.0,"gold_loss":75.0,"damage_taken":0.0},{"damage_healed":0,"gold_gain":99,"player_choice":"Stole From Cult","damage_taken":0,"max_hp_gain":0,"max_hp_loss":0,"event_name":"Nest","floor":22,"gold_loss":0}],"is_beta":false,"boss_relics":[{"not_picked":["Tiny House","Fusion Hammer"],"picked":"Runic Cube"}],"items_purged_floors":[],"is_endless":false,"potions_floor_spawned":[5,7,14,16],"killed_by":"Book of Stabbing","ascension_level":4}}