{"host":"kn32u0f2pym5bozc","time":1611447076,"event":{"mods":["2.2 Compatiblity","BaseMod","Better Third Choice","Marisa????????","Minty Spire (QoL Compilation)","Permanent Neow","Relic Stats","StSLib","The Animator"],"gold_per_floor":[117,192,211,224,22,51,61,61,61,91,91,91,0,43,43,191,191,235,276,276,53,97,97,47,47,47,101,122,146,179,202,202,347,347,390,118,133,166,206,267,267,267,318,10,10,10,25,66,66,66,66],"floor_reached":50,"language":"ENG","playtime":3319,"items_purged":["Strike_MRS","Defend_MRS","Decay"],"score":652,"play_id":"e96b5757-4d30-498b-a145-1341df5a74fc","local_time":"20210123191116","is_ascension_mode":false,"campfire_choices":[{"data":"MasterSpark","floor":8.0,"key":"SMITH"},{"data":"AlicesGift","floor":15.0,"key":"SMITH"},{"data":"NonDirectionalLaser","floor":23.0,"key":"SMITH"},{"data":"ManaRampage","floor":25.0,"key":"SMITH"},{"data":"PropBag","floor":32.0,"key":"SMITH"},{"floor":42.0,"key":"REST"},{"data":"FinalSpark","floor":45.0,"key":"SMITH"},{"data":"AsteroidBelt","floor":49,"key":"SMITH"}],"circlet_count":0,"master_deck":["Strike_MRS","Strike_MRS","Defend_MRS","Defend_MRS","Defend_MRS","MasterSpark+1","DC+1","FairyDestructionRay+1","AlicesGift+1","GalacticHalo","PropBag+1","NonDirectionalLaser+1","RefractionSpark","GrandCross","FinalSpark+1","SprinkleStarSeal","ManaRampage+1","DoubleSpark","EnergyFlow","AsteroidBelt+1","GravityBeat+1","BlazeAway","Parasite","StarDustReverie","GasGiant","ShootingEcho","EarthLightRay+1","StarBarrage","OrrerysSun+1","Forethought","Writhe","GravityBeat+1","MysteriousBeam+1"],"relics":["RampagingMagicTools","Membership Card","Pen Nib","Omamori","Singing Bowl","Golden Idol","Cursed Key","Potion Belt","Dream Catcher","Regal Pillow","Akabeko","ShroomBag","Empty Cage","Strawberry","Toy Ornithopter","Sling","Happy Flower","Anchor","SproutingBranch","Bag of Preparation","Gremlin Horn"],"acts_visited":["Exordium","TheCity","TheBeyond"],"potions_floor_usage":[48],"damage_taken":[{"damage":1.0,"enemies":"Cultist","floor":1.0,"turns":3.0},{"damage":1.0,"enemies":"2 Louse","floor":3.0,"turns":2.0},{"damage":0.0,"enemies":"Small Slimes","floor":4.0,"turns":2.0},{"damage":14.0,"enemies":"Lagavulin","floor":6.0,"turns":5.0},{"damage":0.0,"enemies":"Exordium Wildlife","floor":7.0,"turns":2.0},{"damage":0.0,"enemies":"Gremlin Nob","floor":10.0,"turns":2.0},{"damage":0.0,"enemies":"2 Fungi Beasts","floor":14.0,"turns":2.0},{"damage":16.0,"enemies":"Slime Boss","floor":16.0,"turns":4.0},{"damage":12.0,"enemies":"2 Thieves","floor":18.0,"turns":3.0},{"damage":5.0,"enemies":"Spheric Guardian","floor":19.0,"turns":3.0},{"damage":1.0,"enemies":"Cultist and Chosen","floor":22.0,"turns":4.0},{"damage":4.0,"enemies":"Gremlin Leader","floor":27.0,"turns":4.0},{"damage":0.0,"enemies":"Sentry and Sphere","floor":28.0,"turns":1.0},{"damage":0.0,"enemies":"3 Cultists","floor":29.0,"turns":2.0},{"damage":2.0,"enemies":"Slavers","floor":30.0,"turns":2.0},{"damage":0.0,"enemies":"Shelled Parasite and Fungi","floor":31.0,"turns":1.0},{"damage":46.0,"enemies":"Automaton","floor":33.0,"turns":7.0},{"damage":11.0,"enemies":"3 Darklings","floor":35.0,"turns":6.0},{"damage":1.0,"enemies":"3 Shapes","floor":37.0,"turns":5.0},{"damage":30.0,"enemies":"Jaw Worm Horde","floor":38.0,"turns":5.0},{"damage":27.0,"enemies":"Maw","floor":39.0,"turns":7.0},{"damage":47.0,"enemies":"Nemesis","floor":40.0,"turns":4.0},{"damage":35.0,"enemies":"Spire Growth","floor":47.0,"turns":5.0},{"damage":22,"enemies":"Reptomancer","floor":48,"turns":3},{"damage":78,"enemies":"Time Eater","floor":50,"turns":6}],"seed_played":"4650506347260842131","potions_obtained":[{"floor":1.0,"key":"Fruit Juice"},{"floor":3.0,"key":"ShroomBrew"},{"floor":4.0,"key":"Block Potion"},{"floor":7.0,"key":"GamblersBrew"},{"floor":14.0,"key":"Weak Potion"},{"floor":16.0,"key":"Weak Potion"},{"floor":18.0,"key":"Block Potion"},{"floor":19.0,"key":"StarNLove"},{"floor":22.0,"key":"Weak Potion"},{"floor":27.0,"key":"SkillPotion"},{"floor":28.0,"key":"SneckoOil"},{"floor":29.0,"key":"Strength Potion"},{"floor":30.0,"key":"Explosive Potion"},{"floor":31.0,"key":"SpeedPotion"},{"floor":33.0,"key":"SteroidPotion"},{"floor":35.0,"key":"BottledSpark"},{"floor":37.0,"key":"LiquidBronze"},{"floor":38.0,"key":"StarNLove"},{"floor":38.0,"key":"PowerPotion"},{"floor":39.0,"key":"Swift Potion"},{"floor":40.0,"key":"ColorlessPotion"},{"floor":40.0,"key":"SkillPotion"},{"floor":47.0,"key":"SmokeBomb"}],"is_trial":false,"path_per_floor":["M","?","M","M","$","E","M","R","T","E","?","?","$","M","R","B",null,"M","M","?","$","M","R","?","R","T","E","M","M","E","M","R","B",null,"M","$","M","M","M","E","?","R","T","$","R","?","M","E","R","B"],"character_chosen":"MARISA","items_purchased":["Membership Card","AlicesGift","GalacticHalo","GrandCross","FinalSpark","WitchOfGreed","EnergyFlow","Potion Belt","Dream Catcher","Strawberry","Toy Ornithopter","Sling","SproutingBranch","Forethought"],"campfire_rested":1,"item_purchase_floors":[5,5,5,13,13,13,21,21,21,36,36,36,44,44],"current_hp_per_floor":[74,63,62,62,62,48,53,53,53,53,37,37,37,37,37,21,74,64,59,59,59,60,60,60,60,60,56,56,56,56,58,58,14,82,73,80,83,55,40,9,9,51,51,51,51,74,60,58,58,0,0],"gold":66,"neow_bonus":"BOSS_RELIC","is_daily":false,"chose_seed":false,"campfire_upgraded":7,"win_rate":0.0,"timestamp":1611447076,"path_taken":["M","?","M","M","$","E","M","R","T","E","?","?","$","M","R","BOSS","M","M","?","$","M","R","?","R","T","E","?","M","E","M","R","BOSS","M","$","M","M","M","E","?","R","T","$","R","?","M","E","R","BOSS"],"items_purchased_type":["Relic","Card","Card","Card","Card","Card","Card","Relic","Relic","Relic","Relic","Relic","Relic","Card"],"build_version":"2020-12-22","purchased_purges":3,"victory":false,"max_hp_per_floor":[75,75,75,75,75,75,80,80,80,80,80,74,74,74,74,74,74,76,76,76,76,78,78,78,78,78,78,78,78,80,82,82,82,82,82,89,91,91,91,91,91,91,91,91,91,91,91,91,91,91,91],"relic_stats":{"Dream Catcher":1,"Regal Pillow":15,"Singing Bowl":10,"Happy Flower":[4],"Gremlin Horn":[0,0],"counters":[25,90],"Golden Idol":220,"Pen Nib":[19],"Bag of Preparation":[2],"Cursed Key":2,"obtain_stats":[{"Regal Pillow":26,"Singing Bowl":10,"Gremlin Horn":50,"Bag of Preparation":48,"SproutingBranch":44,"Cursed Key":17,"Empty Cage":34,"Sling":36,"Dream Catcher":21,"Mummified Hand":27,"Sundial":48,"Strawberry":36,"Kunai":35,"RampagingMagicTools":0,"Potion Belt":21,"Happy Flower":40,"Golden Idol":12,"Blue Candle":10,"Pen Nib":6,"Omamori":9,"Letter Opener":7,"Akabeko":27,"Mercury Hourglass":22,"ShroomBag":30,"Anchor":43,"Shuriken":16,"Ornamental Fan":28,"MiniHakkero":0,"Membership Card":5,"Toy Ornithopter":36,"Meat on the Bone":38},{"Regal Pillow":11,"Singing Bowl":6,"Gremlin Horn":25,"Bag of Preparation":24,"SproutingBranch":22,"Cursed Key":8,"Empty Cage":17,"Sling":18,"Dream Catcher":10,"Mummified Hand":12,"Sundial":24,"Strawberry":18,"Kunai":18,"RampagingMagicTools":0,"Potion Belt":10,"Happy Flower":22,"Golden Idol":6,"Blue Candle":6,"Pen Nib":4,"Omamori":5,"Letter Opener":5,"Akabeko":12,"Mercury Hourglass":11,"ShroomBag":15,"Anchor":22,"Shuriken":8,"Ornamental Fan":13,"MiniHakkero":0,"Membership Card":3,"Toy Ornithopter":18,"Meat on the Bone":20},{"Regal Pillow":32,"Singing Bowl":16,"Gremlin Horn":85,"Bag of Preparation":84,"SproutingBranch":76,"Cursed Key":22,"Empty Cage":49,"Sling":55,"Dream Catcher":28,"Mummified Hand":35,"Sundial":82,"Strawberry":55,"Kunai":54,"RampagingMagicTools":0,"Potion Belt":28,"Happy Flower":76,"Golden Idol":16,"Blue Candle":16,"Pen Nib":12,"Omamori":14,"Letter Opener":14,"Akabeko":36,"Mercury Hourglass":31,"ShroomBag":41,"Anchor":76,"Shuriken":20,"Ornamental Fan":37,"MiniHakkero":0,"Membership Card":7,"Toy Ornithopter":55,"Meat on the Bone":61}],"Toy Ornithopter":30},"card_choices":[{"not_picked":["RefractionSpark","MilkyWay"],"picked":"DarkSpark","floor":1.0},{"not_picked":["ManaConvection","Singularity"],"picked":"DC","floor":3.0},{"not_picked":["UnstableBomb","OortCloud"],"picked":"FairyDestructionRay","floor":4.0},{"not_picked":["DarkMatter","NonDirectionalLaser"],"picked":"PropBag","floor":6.0},{"not_picked":["MysteriousBeam","DarkSpark"],"picked":"NonDirectionalLaser","floor":7.0},{"not_picked":["UnstableBomb","ManaConvection"],"picked":"RefractionSpark","floor":10.0},{"not_picked":["OneTimeOff","Acceleration"],"picked":"SprinkleStarSeal","floor":14.0},{"not_picked":["MaximisePower","CollectingQuirk"],"picked":"ManaRampage","floor":16.0},{"not_picked":["PowerUp+1","ShootingEcho+1","OneTimeOff"],"picked":"Singing Bowl","floor":18.0},{"not_picked":["MysteriousBeam+1","MeteoricShower"],"picked":"DoubleSpark","floor":19.0},{"not_picked":["ShootingEcho+1","DarkSpark","MachineGunSpark"],"picked":"Singing Bowl","floor":22.0},{"not_picked":["IllusionStar","EnergyRecoil"],"picked":"AsteroidBelt","floor":27.0},{"not_picked":["LuminesStrike","Occultation"],"picked":"GravityBeat+1","floor":28.0},{"not_picked":["SprinkleStarSeal","ShootingEcho"],"picked":"BlazeAway","floor":29.0},{"not_picked":["WitchOfGreed","Singularity","SatelliteIllusion"],"picked":"Singing Bowl","floor":30.0},{"not_picked":["MagicChant","IllusionStar","ManaConvection"],"picked":"Singing Bowl","floor":31.0},{"not_picked":["ManaRampage","SatelliteIllusion"],"picked":"StarDustReverie","floor":33.0},{"not_picked":["WitchLeyline","SprinkleStarSeal+1"],"picked":"GasGiant","floor":35.0},{"not_picked":["6A","AlicesGift+1","MeteoricShower"],"picked":"Singing Bowl","floor":37.0},{"not_picked":["Occultation","MachineGunSpark+1"],"picked":"ShootingEcho","floor":38.0},{"not_picked":["ChargingUp","AsteroidBelt"],"picked":"EarthLightRay+1","floor":39.0},{"not_picked":["LuminesStrike+1","MysteriousBeam+1"],"picked":"StarBarrage","floor":40.0},{"not_picked":["6A","MysteriousBeam"],"picked":"OrrerysSun+1","floor":42.0},{"not_picked":["OneTimeOff","IllusionStar"],"picked":"GravityBeat+1","floor":47.0},{"not_picked":["NonDirectionalLaser","DragonMeteor"],"picked":"MysteriousBeam+1","floor":48}],"player_experience":873539,"relics_obtained":[{"floor":6.0,"key":"Pen Nib"},{"floor":9.0,"key":"Omamori"},{"floor":10.0,"key":"Singing Bowl"},{"floor":26.0,"key":"Regal Pillow"},{"floor":27.0,"key":"Akabeko"},{"floor":30.0,"key":"ShroomBag"},{"floor":40.0,"key":"Happy Flower"},{"floor":43.0,"key":"Anchor"},{"floor":48,"key":"Bag of Preparation"}],"event_choices":[{"damage_healed":0.0,"max_hp_gain":0.0,"max_hp_loss":0.0,"gold_gain":75.0,"event_name":"betterThird:BetterGoop","player_choice":"Gold","floor":2.0,"gold_loss":0.0,"damage_taken":11.0},{"damage_healed":53.0,"max_hp_gain":0.0,"max_hp_loss":80.0,"gold_gain":0.0,"event_name":"betterThird:BetterShining","player_choice":"Upgrade","floor":11.0,"gold_loss":0.0,"damage_taken":16.0,"cards_upgraded":["DC","FairyDestructionRay"]},{"damage_healed":0.0,"max_hp_gain":0.0,"max_hp_loss":6.0,"gold_gain":0.0,"event_name":"Golden Idol","player_choice":"Lose Max HP","floor":12.0,"gold_loss":0.0,"damage_taken":0.0,"relics_obtained":["Golden Idol"]},{"cards_removed":["UpSweep"],"damage_healed":0.0,"max_hp_gain":0.0,"max_hp_loss":0.0,"gold_gain":0.0,"event_name":"betterThird:BetterWriting","player_choice":"Elegance","floor":20.0,"gold_loss":0.0,"damage_taken":0.0},{"damage_healed":0.0,"max_hp_gain":0.0,"max_hp_loss":0.0,"gold_gain":0.0,"event_name":"The Joust","player_choice":"Bet on Owner","floor":24.0,"gold_loss":50.0,"damage_taken":0.0},{"cards_removed":["WitchOfGreed"],"damage_healed":0.0,"max_hp_gain":0.0,"max_hp_loss":0.0,"gold_gain":0.0,"event_name":"Falling","player_choice":"Removed Power","floor":41.0,"gold_loss":0.0,"damage_taken":0.0},{"damage_healed":23.0,"max_hp_gain":0.0,"max_hp_loss":0.0,"gold_gain":0.0,"event_name":"Winding Halls","player_choice":"Writhe","floor":46.0,"gold_loss":0.0,"damage_taken":0.0,"cards_obtained":["Writhe"]}],"is_beta":false,"boss_relics":[{"not_picked":["Tiny House","Ectoplasm"],"picked":"Cursed Key"},{"not_picked":["Pandora\u0027s Box","Runic Pyramid"],"picked":"Empty Cage"}],"items_purged_floors":[21,36,44],"is_endless":false,"potions_floor_spawned":[1,3,4,7,28,29,30,31,37,38,40,47],"killed_by":"Time Eater","ascension_level":0}}