{"host":"d7fiu2yjkssjxoz6","time":1611521433,"event":{"mods":["AchievementEnabler","BaseMod","Duelist Mod","Minty Spire (QoL Compilation)","StSLib"],"gold_per_floor":[143,143,143,48,63,63,83,83,83,83,146,192,192,236,236,373,373,401,421,371,414,459,33,33,63,63,90,99,108,148,148,148],"floor_reached":31,"language":"ENG","playtime":1256,"items_purged":["Injury"],"score":368,"play_id":"ee6987f4-aabf-49b7-8bd5-faeac7ab649a","local_time":"20210124125033","is_ascension_mode":true,"campfire_choices":[{"data":"theDuelist:SeedSacredTree","floor":6,"key":"SMITH"},{"data":"theDuelist:SummoningSwarm","floor":8,"key":"SMITH"},{"data":"theDuelist:NaturiaEggplant","floor":10,"key":"SMITH"},{"data":"theDuelist:NaturiaRock","floor":15,"key":"SMITH"},{"floor":24,"key":"REST"}],"circlet_count":0,"master_deck":["AscendersBane","theDuelist:CastleWalls","theDuelist:CastleWalls","theDuelist:CastleWalls","theDuelist:NaturiaBeast","theDuelist:NaturiaCliff","theDuelist:NaturiaRock+1","theDuelist:NaturiaTulip","theDuelist:Sparks","theDuelist:Sparks","theDuelist:Sparks","theDuelist:NaturiaEggplant+1","theDuelist:DeltaMagnet","theDuelist:SeedSacredTree+1","theDuelist:NaturiaStinkbug","theDuelist:NaturiaButterfly","theDuelist:SummoningSwarm+1","theDuelist:NaturiaEggplant","theDuelist:HeartUnderdog","theDuelist:HeartUnderdog","theDuelist:NaturiaGaiastrio","theDuelist:NaturiaRagweed+1","theDuelist:NaturiaWhiteOak","theDuelist:LuminousMoss","theDuelist:NaturiaRagweed","theDuelist:HuntingInstinct+1","theDuelist:Wiretap","Shame","theDuelist:VampireCurse","theDuelist:NaturiaTulip+1"],"relics":["theDuelist:MillenniumPuzzle","theDuelist:CardPoolRelic","theDuelist:CardPoolBasicRelic","theDuelist:BoosterPackPoolRelic","theDuelist:CardPoolAddRelic","theDuelist:CardPoolMinusRelic","theDuelist:CardPoolSaveRelic","theDuelist:CardPoolOptionsRelic","Golden Idol","theDuelist:KaibaToken","CeramicFish","Bronze Scales","theDuelist:BoosterBetterBoostersRelic","Ancient Tea Set","SlaversCollar","Ginger","Smiling Mask","theDuelist:ResummonBranch"],"acts_visited":["Exordium","TheCity"],"potions_floor_usage":[16,16,19,27],"damage_taken":[{"damage":8,"enemies":"Small Slimes","floor":1,"turns":5},{"damage":4,"enemies":"Jaw Worm","floor":5,"turns":3},{"damage":0,"enemies":"Cultist","floor":7,"turns":4},{"damage":6,"enemies":"3 Sentries","floor":11,"turns":4},{"damage":3,"enemies":"Lagavulin","floor":14,"turns":6},{"damage":3,"enemies":"The Guardian","floor":16,"turns":9},{"damage":0,"enemies":"Chosen","floor":18,"turns":5},{"damage":2,"enemies":"2 Thieves","floor":19,"turns":4},{"damage":22,"enemies":"Centurion and Healer","floor":21,"turns":6},{"damage":46,"enemies":"Snake Plant","floor":22,"turns":5},{"damage":8,"enemies":"Cultist and Chosen","floor":25,"turns":5},{"damage":2,"enemies":"Snecko","floor":27,"turns":4},{"damage":18,"enemies":"Shelled Parasite and Fungi","floor":30,"turns":4},{"damage":12,"enemies":"Snake Plant","floor":31,"turns":2}],"seed_played":"-3661384638989872043","potions_obtained":[{"floor":5,"key":"SkillPotion"},{"floor":11,"key":"Block Potion"},{"floor":18,"key":"Block Potion"},{"floor":25,"key":"DistilledChaos"},{"floor":30,"key":"EntropicBrew"}],"is_trial":false,"path_per_floor":["M","?","?","$","M","R","M","R","T","R","E","T","?","E","R","B",null,"M","M","?","M","M","$","R","M","T","M","?","?","M","M"],"character_chosen":"THE_DUELIST","items_purchased":["theDuelist:SeedSacredTree","theDuelist:NaturiaStinkbug","Ginger","theDuelist:LuminousMoss","theDuelist:NaturiaRagweed"],"campfire_rested":1,"item_purchase_floors":[4,4,23,23,23],"current_hp_per_floor":[72,72,72,72,68,68,68,68,68,68,62,62,56,53,53,50,79,79,77,77,55,9,9,35,27,27,25,25,25,7,0,0],"gold":148,"neow_bonus":"TEN_PERCENT_HP_BONUS","is_daily":false,"chose_seed":false,"campfire_upgraded":4,"win_rate":0.0,"timestamp":1611521433,"path_taken":["M","?","?","?","M","R","?","R","T","R","E","?","?","E","R","BOSS","M","M","?","?","M","$","R","M","T","?","?","?","M","?"],"items_purchased_type":["Card","Card","Relic","Card","Card"],"build_version":"2020-12-22","purchased_purges":1,"victory":false,"max_hp_per_floor":[88,88,88,88,88,88,88,88,88,88,88,88,88,88,88,88,88,88,88,88,88,88,88,88,88,88,88,88,88,88,88,88],"card_choices":[{"not_picked":["theDuelist:NaturiaHydrangea","theDuelist:NaturiaDragonfly","theDuelist:NaturiaCliff","theDuelist:NaturiaBeetle"],"picked":"theDuelist:NaturiaEggplant","floor":1},{"not_picked":["theDuelist:NaturiaTulip","theDuelist:NaturiaSunflower","theDuelist:NaturiaMantis","theDuelist:NaturiaWhiteOak"],"picked":"theDuelist:NaturiaButterfly","floor":5},{"not_picked":["theDuelist:NaturiaHydrangea","theDuelist:NaturiaRagweed","theDuelist:Spore","theDuelist:NaturiaDragonfly"],"picked":"theDuelist:SummoningSwarm","floor":7},{"not_picked":["theDuelist:NaturiaHydrangea","theDuelist:NaturiaDragonfly","theDuelist:NaturiaCliff","theDuelist:NaturiaSpiderfang"],"picked":"theDuelist:NaturiaEggplant","floor":11},{"not_picked":["theDuelist:NaturiaEggplant","theDuelist:NaturiaCliff","theDuelist:SummoningSwarm","theDuelist:NaturiaAntjaw","theDuelist:LeodrakeMane"],"picked":"SKIP","floor":14},{"not_picked":["theDuelist:DemiseLand","theDuelist:NaturiaVein","theDuelist:ClosedForest","theDuelist:MultiplicationOfAnts"],"picked":"theDuelist:HeartUnderdog","floor":16},{"not_picked":["theDuelist:DemiseLand","theDuelist:ClosedForest"],"picked":"theDuelist:HeartUnderdog","floor":18},{"not_picked":["theDuelist:NaturiaBrambi","theDuelist:NaturiaCosmobeet","theDuelist:CopyPlant","theDuelist:NaturiaMosquito"],"picked":"theDuelist:NaturiaGaiastrio","floor":19},{"not_picked":["theDuelist:NaturiaEggplant","theDuelist:NaturiaMantis","theDuelist:NaturiaAntjaw","theDuelist:FossilDig+1"],"picked":"theDuelist:NaturiaRagweed+1","floor":21},{"not_picked":["theDuelist:NaturiaLandoise","theDuelist:AfterGenocide","theDuelist:Anteater","theDuelist:LeodrakeMane"],"picked":"theDuelist:NaturiaWhiteOak","floor":22},{"not_picked":["theDuelist:NaturiaBrambi","theDuelist:NaturiaBambooShoot+1","theDuelist:NaturiaPumpkin","theDuelist:NaturiaLandoise"],"picked":"theDuelist:HuntingInstinct+1","floor":25},{"not_picked":["theDuelist:SurvivalInstinct","theDuelist:Pollinosis","theDuelist:NatureReflection","theDuelist:BottomlessTrapHole"],"picked":"theDuelist:Wiretap","floor":27},{"not_picked":["theDuelist:NaturiaCliff+1","theDuelist:LonefireBlossom","theDuelist:NaturiaEggplant+1","theDuelist:AcidTrapHole"],"picked":"theDuelist:NaturiaTulip+1","floor":30}],"player_experience":270854,"relics_obtained":[{"floor":9,"key":"theDuelist:KaibaToken"},{"floor":11,"key":"CeramicFish"},{"floor":12,"key":"Bronze Scales"},{"floor":14,"key":"Ancient Tea Set"}],"event_choices":[{"damage_healed":0,"gold_gain":0,"player_choice":"Delta Electro","duelist":true,"damage_taken":0,"max_hp_gain":0,"max_hp_loss":0,"event_name":"Egyptian Village","floor":2,"gold_loss":0,"cards_obtained":["Delta Electromagnet Warrior"]},{"damage_healed":0,"gold_gain":0,"player_choice":"Take Wound","damage_taken":0,"relics_obtained":["Golden Idol"],"max_hp_gain":0,"max_hp_loss":0,"event_name":"Golden Idol","floor":3,"gold_loss":0,"cards_obtained":["Injury"]},{"damage_healed":0,"gold_gain":0,"player_choice":"Dig - random Duelist relic","duelist":true,"damage_taken":0,"max_hp_gain":0,"max_hp_loss":0,"event_name":"Aknamkanon\u0027s Tomb","floor":13,"gold_loss":0},{"damage_healed":0,"gold_gain":0,"player_choice":"Bet on Murderer","damage_taken":0,"max_hp_gain":0,"max_hp_loss":0,"event_name":"The Joust","floor":20,"gold_loss":50},{"damage_healed":0,"gold_gain":0,"player_choice":"Stole Relic","damage_taken":0,"relics_obtained":["Smiling Mask"],"max_hp_gain":0,"max_hp_loss":0,"event_name":"Addict","floor":28,"gold_loss":0,"cards_obtained":["Shame"]},{"damage_healed":0,"gold_gain":0,"player_choice":"Took item - Received: Millennium Branch","duelist":true,"damage_taken":0,"max_hp_gain":0,"max_hp_loss":0,"event_name":"Millennium Items","floor":29,"gold_loss":0}],"is_beta":false,"boss_relics":[{"not_picked":["Sozu","Fusion Hammer"],"picked":"SlaversCollar"}],"items_purged_floors":[23],"is_endless":false,"potions_floor_spawned":[5,11,18,25,30],"killed_by":"Snake Plant","ascension_level":10}}