{"host":"v3mpq6flurzldi5g","time":1611510477,"event":{"mods":["AchievementEnabler","BaseMod","Colored Powertips","Highlight Path","Minty Spire (QoL Compilation)","StSLib"],"gold_per_floor":[216,232,1,11,26,26,56,56,56,56,56,80,114,130,130,256,256,270,270,285,309,55,55,55,70,96,96,120,140,163,183,183,183,183],"floor_reached":33,"language":"ENG","playtime":1489,"items_purged":["Dualcast","Recycle"],"score":458,"play_id":"94cf46ae-23e6-4802-9e5b-5f96ae15632c","local_time":"20210124124757","is_ascension_mode":true,"campfire_choices":[{"floor":6,"key":"REST"},{"floor":8,"key":"REST"},{"floor":15,"key":"REST"},{"floor":23,"key":"REST"},{"floor":27,"key":"REST"},{"floor":32,"key":"REST"}],"circlet_count":0,"master_deck":["AscendersBane","Strike_B+1","Strike_B+1","Strike_B+1","Defend_B+1","Defend_B+1","Defend_B+1","Defend_B+1","Zap","Gash","Gash","Gash","Gash","Leap","Genetic Algorithm","Go for the Eyes","Reboot","Conserve Battery","Gash","Loop+1","Glacier","Defragment","Gash","Conserve Battery+1"],"relics":["Cracked Core","Oddly Smooth Stone","Strawberry","Pear","Golden Idol","Emotion Chip","Fusion Hammer","Bag of Preparation"],"acts_visited":["Exordium","TheCity"],"potions_floor_usage":[7,13,16,16],"damage_taken":[{"damage":7,"enemies":"Jaw Worm","floor":1,"turns":3},{"damage":9,"enemies":"Small Slimes","floor":2,"turns":3},{"damage":2,"enemies":"2 Louse","floor":4,"turns":3},{"damage":22,"enemies":"Exordium Thugs","floor":5,"turns":4},{"damage":22,"enemies":"Lagavulin","floor":7,"turns":4},{"damage":5,"enemies":"Looter","floor":12,"turns":3},{"damage":23,"enemies":"3 Sentries","floor":13,"turns":7},{"damage":7,"enemies":"Large Slime","floor":14,"turns":5},{"damage":32,"enemies":"The Guardian","floor":16,"turns":11},{"damage":6,"enemies":"Chosen","floor":18,"turns":5},{"damage":8,"enemies":"Shell Parasite","floor":20,"turns":6},{"damage":45,"enemies":"Chosen and Byrds","floor":21,"turns":7},{"damage":7,"enemies":"Centurion and Healer","floor":25,"turns":6},{"damage":6,"enemies":"Snake Plant","floor":28,"turns":5},{"damage":16,"enemies":"Sentry and Sphere","floor":29,"turns":4},{"damage":19,"enemies":"Centurion and Healer","floor":30,"turns":6},{"damage":5,"enemies":"Snake Plant","floor":31,"turns":5},{"damage":46,"enemies":"Collector","floor":33,"turns":3}],"seed_played":"-4937103117138006320","potions_obtained":[{"floor":4,"key":"Strength Potion"},{"floor":7,"key":"SpeedPotion"},{"floor":12,"key":"FearPotion"},{"floor":13,"key":"Block Potion"},{"floor":16,"key":"Ancient Potion"},{"floor":21,"key":"Ancient Potion"}],"is_trial":false,"path_per_floor":["M","M","$","M","M","R","E","R","T","?","?","M","E","M","R","B",null,"M","?","M","M","$","R","?","M","T","R","M","M","M","M","R","B"],"character_chosen":"DEFECT","items_purchased":["Oddly Smooth Stone","Glacier","Defragment"],"campfire_rested":6,"item_purchase_floors":[3,22,22],"current_hp_per_floor":[61,52,52,50,28,50,35,59,69,74,74,69,46,39,66,34,76,70,70,62,17,17,44,44,37,37,64,58,42,23,18,45,0,0],"gold":183,"neow_bonus":"HUNDRED_GOLD","is_daily":false,"chose_seed":false,"campfire_upgraded":0,"win_rate":0.0,"timestamp":1611510477,"path_taken":["M","M","$","M","M","R","E","R","T","?","?","M","E","M","R","BOSS","M","?","M","?","$","R","?","M","T","R","M","M","M","M","R","BOSS"],"items_purchased_type":["Relic","Card","Card"],"build_version":"2020-12-22","purchased_purges":2,"victory":false,"max_hp_per_floor":[75,75,75,75,75,75,82,82,92,97,90,90,90,90,90,90,90,90,90,90,90,90,90,90,90,90,90,90,90,90,90,90,90,90],"card_choices":[{"not_picked":["Ball Lightning","Turbo"],"picked":"Gash","floor":1},{"not_picked":["Aggregate","Melter"],"picked":"Gash","floor":2},{"not_picked":["Hello World","Recycle"],"picked":"Gash","floor":4},{"not_picked":["Sweeping Beam","Turbo"],"picked":"Gash","floor":5},{"not_picked":["Go for the Eyes","Rainbow"],"picked":"Leap","floor":7},{"not_picked":["Capacitor","Redo"],"picked":"Genetic Algorithm","floor":12},{"not_picked":["Fission","Aggregate"],"picked":"Go for the Eyes","floor":13},{"not_picked":["Compile Driver","Rebound","Ball Lightning"],"picked":"SKIP","floor":14},{"not_picked":["Rainbow","Biased Cognition"],"picked":"Reboot","floor":16},{"not_picked":["Compile Driver","Genetic Algorithm"],"picked":"Conserve Battery","floor":18},{"not_picked":["Storm","Beam Cell"],"picked":"Gash","floor":20},{"not_picked":["Redo","Blizzard+1"],"picked":"Loop+1","floor":21},{"not_picked":["Cold Snap+1","Hologram+1","Darkness+1"],"picked":"SKIP","floor":25},{"not_picked":["Heatsinks+1","Leap","Go for the Eyes"],"picked":"SKIP","floor":28},{"not_picked":["Conserve Battery","Recycle+1","Compile Driver"],"picked":"SKIP","floor":29},{"not_picked":["Echo Form","Conserve Battery"],"picked":"Gash","floor":30},{"not_picked":["Go for the Eyes","Consume+1"],"picked":"Conserve Battery+1","floor":31}],"player_experience":1027863,"relics_obtained":[{"floor":7,"key":"Strawberry"},{"floor":9,"key":"Pear"},{"floor":13,"key":"Emotion Chip"},{"floor":26,"key":"Bag of Preparation"}],"event_choices":[{"damage_healed":0,"gold_gain":0,"player_choice":"Donut","damage_taken":0,"max_hp_gain":5,"max_hp_loss":0,"event_name":"Big Fish","floor":10,"gold_loss":0},{"damage_healed":0,"gold_gain":0,"player_choice":"Lose Max HP","damage_taken":0,"relics_obtained":["Golden Idol"],"max_hp_gain":0,"max_hp_loss":7,"event_name":"Golden Idol","floor":11,"gold_loss":0},{"damage_healed":0,"gold_gain":0,"cards_transformed":["Strike_B"],"player_choice":"Transformed","damage_taken":0,"max_hp_gain":0,"max_hp_loss":0,"event_name":"Transmorgrifier","floor":19,"gold_loss":0,"cards_obtained":["Recycle"]},{"damage_healed":0,"gold_gain":0,"player_choice":"Simplicity","damage_taken":0,"max_hp_gain":0,"max_hp_loss":0,"event_name":"Back to Basics","floor":24,"gold_loss":0,"cards_upgraded":["Strike_B","Strike_B","Strike_B","Defend_B","Defend_B","Defend_B","Defend_B"]}],"is_beta":false,"boss_relics":[{"not_picked":["Velvet Choker","Empty Cage"],"picked":"Fusion Hammer"}],"items_purged_floors":[3,22],"is_endless":false,"potions_floor_spawned":[4,7,12,13,16,21,25,28],"killed_by":"Collector","ascension_level":11}}