{"host":"bw00wb7p5bw58om7","time":1611525855,"event":{"mods":["100% Spire Juice","Act Like it!","BaseMod","Better Third Choice","CapriCore","Chen","Downfall","Gensokyo","Koishi","KomeijiMod","Marisa????????","Minty Spire (QoL Compilation)","Onozuka Komachi Mod","Permanent Neow","Prisma Mod","Reimu??????","Remilia??????","StSLib","The Administrix","The Immortal","The Senshi","The Servant 0.9.4","Yakumo Yukari mod"],"gold_per_floor":[112,112,126,136,156,188,198,232,284,284,284],"floor_reached":10,"language":"ENG","playtime":752,"items_purged":[],"score":109,"play_id":"4a0acadf-afd7-401d-93ee-990f389d32bb","local_time":"20210124220415","is_ascension_mode":true,"campfire_choices":[],"circlet_count":0,"master_deck":["Strike_Komeiji","Strike_Komeiji","Strike_Komeiji","Strike_Komeiji","Defend_Komeiji","Defend_Komeiji","Defend_Komeiji","Defend_Komeiji","Dash_Komeiji","MiraiBunraku","NingyouSP+1","Gensokyo:CrescentMoonSlash","NingyouSP+1","NingyouFukuhei+1","JyouchiJin+1","SeekerWire+1","NingyouKisou+1","NingyouMusou+1"],"relics":["KomeijisEye","SpellCardsRule","MusicBox","PreservedInsect","Vajra","Toy Ornithopter"],"acts_visited":["Gensokyo:Gensokyo"],"potions_floor_usage":[],"damage_taken":[{"damage":10,"enemies":"Gensokyo:Python","floor":1,"turns":6},{"damage":5,"enemies":"Gensokyo:Gryphon","floor":3,"turns":5},{"damage":0,"enemies":"Gensokyo:3_Fairies","floor":4,"turns":4},{"damage":4,"enemies":"Gensokyo:CorruptedTreant","floor":5,"turns":7},{"damage":0,"enemies":"Gensokyo:Mamizou","floor":6,"turns":14},{"damage":0,"enemies":"Gensokyo:5_Fairies","floor":7,"turns":2},{"damage":20,"enemies":"Gensokyo:Aya","floor":8,"turns":10},{"damage":10,"enemies":"Gensokyo:Cirno","floor":10,"turns":5}],"seed_played":"7984317573362522832","potions_obtained":[{"floor":1,"key":"FairyPotion"},{"floor":5,"key":"AttackPotion"},{"floor":6,"key":"Guardian:BlockOnCardUsePotion"}],"is_trial":false,"path_per_floor":["M","?","M","M","M","E","M","E","T","E"],"character_chosen":"KomeijiSatori","items_purchased":[],"campfire_rested":0,"item_purchase_floors":[],"current_hp_per_floor":[40,33,30,30,26,26,28,10,10,2,2],"gold":284,"neow_bonus":"ONE_RANDOM_RARE_CARD","is_daily":false,"chose_seed":false,"campfire_upgraded":0,"win_rate":0.0,"timestamp":1611525855,"path_taken":["M","?","M","M","M","E","M","E","T","E"],"items_purchased_type":[],"build_version":"2020-12-22","purchased_purges":0,"victory":false,"max_hp_per_floor":[50,50,50,50,50,50,50,50,50,50,50],"card_choices":[{"not_picked":["SatsujinDooru","DochyakuKami+1"],"picked":"NingyouSP+1","floor":1},{"not_picked":["ShyakuBuku","DochyakuKami+1"],"picked":"NingyouSP+1","floor":3},{"not_picked":["Melting","RikonNoKama+1"],"picked":"NingyouFukuhei+1","floor":4},{"not_picked":["KoKei+1","Sabishigari+1"],"picked":"JyouchiJin+1","floor":5},{"not_picked":["NingyouKisou+1","RikonNoKama+1"],"picked":"SeekerWire+1","floor":6},{"not_picked":["Sabishigari+1","LunaDial"],"picked":"NingyouKisou+1","floor":7},{"not_picked":["KokorosuKi+1","ArtfulChanter"],"picked":"NingyouMusou+1","floor":8}],"player_experience":286692,"relics_obtained":[{"floor":6,"key":"PreservedInsect"},{"floor":8,"key":"Vajra"},{"floor":9,"key":"Toy Ornithopter"}],"event_choices":[],"is_beta":false,"boss_relics":[],"items_purged_floors":[],"is_endless":false,"potions_floor_spawned":[1,5,6],"killed_by":"Gensokyo:Cirno","ascension_level":1}}