{"host":"cjhtzh7tp54jdfyv","time":1611478088,"event":{"mods":["AchievementEnabler","BaseMod","Colored Map","Colored Powertips","Curses Come First","DeckTracker","Filter the Spire","Minty Spire (QoL Compilation)","RNG Fix","Relic Sorter","Relic Stats","StSLib","UnlockEverythingMod","ojb\u0027s Better Paths Mod","ojb\u0027s Info Mod"],"gold_per_floor":[360,35,50,64,77,77,92,115,115,142,142,155,188,204,204,275,275,287,18,33,33,46,76,76,107,107,107,134,134,152,102,102,175,175,188,188,207,219,4,29,29,55,81,81,115,145,193,212,212,212,212,212,212,36,65,65],"floor_reached":57,"language":"ENG","playtime":5409,"items_purged":["Strike_G+1","Strike_G+1","Defend_G+1"],"score":3274,"play_id":"a0e29a42-a978-4349-80bd-58335347eeee","local_time":"20210124034808","is_ascension_mode":true,"campfire_choices":[{"data":"Riddle With Holes","floor":6.0,"key":"SMITH"},{"data":"Finisher","floor":15.0,"key":"SMITH"},{"data":"Underhanded Strike","floor":24.0,"key":"SMITH"},{"data":"Calculated Gamble","floor":29.0,"key":"SMITH"},{"data":"Neutralize","floor":32.0,"key":"SMITH"},{"floor":41,"key":"RECALL"},{"data":"Blade Dance","floor":44,"key":"SMITH"},{"data":"Phantasmal Killer","floor":49,"key":"SMITH"},{"data":"Acrobatics","floor":53,"key":"SMITH"}],"circlet_count":0,"master_deck":["AscendersBane","Strike_G+1","Strike_G+1","Defend_G+1","Defend_G+1","Defend_G+1","Defend_G+1","Survivor","Neutralize+1","Backstab","Slice","Underhanded Strike+1","Riddle With Holes+1","Terror+1","Infinite Blades","Accuracy+1","Calculated Gamble+1","Finisher+1","Backflip","Wraith Form v2+1","Well Laid Plans+1","Endless Agony","Necronomicurse","Acrobatics+1","Wraith Form v2+1","Outmaneuver+1","Madness","Madness","Backflip","Prepared+1","Acrobatics","Blade Dance+1","PiercingWail","Phantasmal Killer+1","Terror","Blade Dance","Well Laid Plans+1","After Image+1"],"relics":["Ring of the Snake","InkBottle","Pen Nib","Meat on the Bone","Odd Mushroom","Frozen Egg 2","Shuriken","Akabeko","Coffee Dripper","Membership Card","Anchor","Necronomicon","Bottled Flame","War Paint","Smiling Mask","HoveringKite","Toolbox","TungstenRod","Darkstone Periapt","MealTicket","CaptainsWheel","ClockworkSouvenir","Oddly Smooth Stone"],"acts_visited":["Exordium","TheCity","TheBeyond","TheEnding"],"potions_floor_usage":[42,47,56],"damage_taken":[{"damage":1.0,"enemies":"Small Slimes","floor":1.0,"turns":5.0},{"damage":0.0,"enemies":"Cultist","floor":3.0,"turns":4.0},{"damage":1.0,"enemies":"Jaw Worm","floor":4.0,"turns":4.0},{"damage":6.0,"enemies":"Red Slaver","floor":5.0,"turns":3.0},{"damage":2.0,"enemies":"Exordium Wildlife","floor":7.0,"turns":4.0},{"damage":19.0,"enemies":"The Mushroom Lair","floor":8.0,"turns":5.0},{"damage":11.0,"enemies":"Gremlin Nob","floor":10.0,"turns":3.0},{"damage":9.0,"enemies":"Lots of Slimes","floor":12.0,"turns":4.0},{"damage":0.0,"enemies":"Lagavulin","floor":13.0,"turns":5.0},{"damage":0.0,"enemies":"Large Slime","floor":14.0,"turns":2.0},{"damage":0.0,"enemies":"Slime Boss","floor":16.0,"turns":6.0},{"damage":2.0,"enemies":"2 Thieves","floor":18.0,"turns":3.0},{"damage":23.0,"enemies":"Shell Parasite","floor":20.0,"turns":4.0},{"damage":4.0,"enemies":"Snake Plant","floor":22.0,"turns":4.0},{"damage":0.0,"enemies":"Gremlin Leader","floor":23.0,"turns":3.0},{"damage":0.0,"enemies":"Book of Stabbing","floor":25.0,"turns":3.0},{"damage":0.0,"enemies":"Gremlin Leader","floor":28.0,"turns":2.0},{"damage":0.0,"enemies":"Centurion and Healer","floor":30.0,"turns":2.0},{"damage":16.0,"enemies":"Collector","floor":33.0,"turns":6.0},{"damage":0.0,"enemies":"Orb Walker","floor":35.0,"turns":1.0},{"damage":5.0,"enemies":"3 Shapes","floor":37.0,"turns":3.0},{"damage":0,"enemies":"Jaw Worm Horde","floor":38,"turns":5},{"damage":0,"enemies":"Giant Head","floor":40,"turns":4},{"damage":6,"enemies":"Reptomancer","floor":42,"turns":3},{"damage":0,"enemies":"Maw","floor":45,"turns":6},{"damage":0,"enemies":"Giant Head","floor":46,"turns":5},{"damage":12,"enemies":"2 Orb Walkers","floor":47,"turns":3},{"damage":3,"enemies":"Transient","floor":48,"turns":6},{"damage":0,"enemies":"Time Eater","floor":50,"turns":3},{"damage":8,"enemies":"Donu and Deca","floor":51,"turns":7},{"damage":55,"enemies":"Shield and Spear","floor":55,"turns":5},{"damage":38,"enemies":"The Heart","floor":56,"turns":8}],"seed_played":"4350654881172463915","potions_obtained":[{"floor":3.0,"key":"Dexterity Potion"},{"floor":8.0,"key":"Ancient Potion"},{"floor":10.0,"key":"ColorlessPotion"},{"floor":16.0,"key":"DistilledChaos"},{"floor":18.0,"key":"AttackPotion"},{"floor":28.0,"key":"Weak Potion"},{"floor":37.0,"key":"ColorlessPotion"},{"floor":42,"key":"Weak Potion"},{"floor":48,"key":"FairyPotion"}],"is_trial":false,"path_per_floor":["M","$","M","M","M","R","M","?","T","E","?","M","E","M","R","B",null,"M","$","M","?","M","E","R","E","T","?","E","R","M","$","R","B",null,"M","?","M","M","$","E","R","E","T","R","M","E","?","M","R","B","B",null,"R","$","E","B",null],"character_chosen":"THE_SILENT","items_purchased":["Meat on the Bone","Slice","Membership Card","Well Laid Plans+1","Anchor","Toolbox","Pen Nib","ClockworkSouvenir","Blade Dance","Well Laid Plans+1"],"campfire_rested":0,"item_purchase_floors":[2,2,19,19,19,39,39,54,54,54],"current_hp_per_floor":[58,58,58,57,51,51,49,42,42,31,24,27,39,39,39,39,55,53,53,42,21,29,41,41,41,41,41,41,41,41,41,41,37,54,54,43,38,38,38,38,38,32,32,32,32,32,32,41,41,41,33,53,53,60,17,26],"gold":65,"neow_bonus":"TWO_FIFTY_GOLD","is_daily":false,"chose_seed":false,"campfire_upgraded":8,"win_rate":0.0,"timestamp":1611478088,"path_taken":["M","$","M","M","M","R","M","?","T","E","?","M","E","M","R","BOSS","M","$","M","?","M","E","R","E","T","?","E","R","M","$","R","BOSS","M","?","M","M","$","E","R","E","T","R","M","E","?","M","R","BOSS","BOSS","R","$","E","BOSS"],"items_purchased_type":["Relic","Card","Relic","Card","Relic","Relic","Relic","Relic","Card","Card"],"build_version":"2020-12-22","purchased_purges":3,"victory":true,"max_hp_per_floor":[60,60,60,60,60,60,60,60,60,60,60,60,60,60,60,60,60,60,60,60,60,60,60,60,60,60,60,60,60,60,60,60,60,60,60,60,60,60,60,60,60,60,60,60,60,60,60,60,60,60,60,60,60,60,60,60],"relic_stats":{"Darkstone Periapt":0,"counters":[32,131],"HoveringKite":[35],"Pen Nib":[17],"War Paint":["Terror","Defend_G"],"Smiling Mask":1,"Shuriken":[77],"MealTicket":7,"Necronomicon":[37],"obtain_stats":[{"Darkstone Periapt":42,"HoveringKite":34,"Oddly Smooth Stone":55,"Pen Nib":39,"Odd Mushroom":8,"Frozen Egg 2":9,"War Paint":25,"Smiling Mask":28,"Akabeko":13,"ClockworkSouvenir":54,"Anchor":19,"Bottled Flame":23,"CaptainsWheel":47,"Shuriken":10,"Toolbox":39,"MealTicket":43,"Coffee Dripper":17,"Necronomicon":21,"Membership Card":19,"TungstenRod":40,"InkBottle":46,"Ring of the Snake":0,"Meat on the Bone":2},{"Darkstone Periapt":24,"HoveringKite":19,"Oddly Smooth Stone":31,"Pen Nib":22,"Odd Mushroom":6,"Frozen Egg 2":6,"War Paint":16,"Smiling Mask":17,"Akabeko":9,"ClockworkSouvenir":30,"Anchor":12,"Bottled Flame":15,"CaptainsWheel":27,"Shuriken":7,"Toolbox":22,"MealTicket":24,"Coffee Dripper":11,"Necronomicon":13,"Membership Card":12,"TungstenRod":23,"InkBottle":26,"Ring of the Snake":0,"Meat on the Bone":1},{"Darkstone Periapt":88,"HoveringKite":72,"Oddly Smooth Stone":123,"Pen Nib":81,"Odd Mushroom":25,"Frozen Egg 2":25,"War Paint":62,"Smiling Mask":64,"Akabeko":37,"ClockworkSouvenir":118,"Anchor":48,"Bottled Flame":59,"CaptainsWheel":102,"Shuriken":28,"Toolbox":81,"MealTicket":88,"Coffee Dripper":45,"Necronomicon":52,"Membership Card":48,"TungstenRod":85,"InkBottle":99,"Ring of the Snake":0,"Meat on the Bone":5}],"InkBottle":[22],"TungstenRod":72,"Ring of the Snake":[64],"Meat on the Bone":132},"card_choices":[{"not_picked":["Flying Knee","Slice"],"picked":"Backstab","floor":1.0},{"not_picked":["Dodge and Roll","Quick Slash"],"picked":"Underhanded Strike","floor":3.0},{"not_picked":["Catalyst","Expertise"],"picked":"Riddle With Holes","floor":4.0},{"not_picked":["Tactician","Expertise"],"picked":"Terror","floor":5.0},{"not_picked":["Sucker Punch","Setup","Bane"],"picked":"SKIP","floor":7.0},{"not_picked":["Concentrate","Blur"],"picked":"Infinite Blades","floor":8.0},{"not_picked":["Grand Finale","Caltrops+1"],"picked":"Accuracy+1","floor":10.0},{"not_picked":["Prepared","Quick Slash"],"picked":"Calculated Gamble","floor":12.0},{"not_picked":["Catalyst","PiercingWail"],"picked":"Finisher","floor":13.0},{"not_picked":["Sucker Punch","Blur"],"picked":"Backflip","floor":14.0},{"not_picked":["A Thousand Cuts+1","After Image+1"],"picked":"Wraith Form v2+1","floor":16.0},{"not_picked":["Deflect","Underhanded Strike","Riddle With Holes"],"picked":"SKIP","floor":18.0},{"not_picked":["Deflect","Choke"],"picked":"Endless Agony","floor":20.0},{"not_picked":["Underhanded Strike","Sucker Punch"],"picked":"Acrobatics","floor":22.0},{"not_picked":["Prepared","Dodge and Roll","Outmaneuver"],"picked":"SKIP","floor":23.0},{"not_picked":["Die Die Die","Dodge and Roll","Finisher"],"picked":"SKIP","floor":25.0},{"not_picked":["Dagger Throw","PiercingWail","Outmaneuver"],"picked":"SKIP","floor":28.0},{"not_picked":["Dodge and Roll","Choke+1","Dagger Spray"],"picked":"SKIP","floor":30.0},{"not_picked":["Unload","Corpse Explosion"],"picked":"Wraith Form v2+1","floor":33.0},{"not_picked":["Skewer+1","Cloak And Dagger"],"picked":"Outmaneuver+1","floor":35.0},{"not_picked":["Prepared","Flying Knee"],"picked":"Backflip","floor":37.0},{"not_picked":["Blur","Dagger Spray+1"],"picked":"Prepared+1","floor":38},{"not_picked":["Slice","Die Die Die"],"picked":"Acrobatics","floor":40},{"not_picked":["Leg Sweep+1","Distraction"],"picked":"Blade Dance","floor":42},{"not_picked":["Outmaneuver","Well Laid Plans+1"],"picked":"PiercingWail","floor":45},{"not_picked":["Poisoned Stab","Endless Agony"],"picked":"Phantasmal Killer","floor":46},{"not_picked":["Backstab+1","Underhanded Strike"],"picked":"Terror","floor":48},{"not_picked":["Setup","Finisher"],"picked":"After Image+1","floor":55}],"player_experience":4502638,"relics_obtained":[{"floor":8.0,"key":"Odd Mushroom"},{"floor":9.0,"key":"Frozen Egg 2"},{"floor":10.0,"key":"Shuriken"},{"floor":13.0,"key":"Akabeko"},{"floor":21.0,"key":"Necronomicon"},{"floor":23.0,"key":"Bottled Flame"},{"floor":25.0,"key":"War Paint"},{"floor":28.0,"key":"Smiling Mask"},{"floor":40,"key":"TungstenRod"},{"floor":42,"key":"Darkstone Periapt"},{"floor":43,"key":"MealTicket"},{"floor":46,"key":"InkBottle"},{"floor":47,"key":"CaptainsWheel"},{"floor":55,"key":"Oddly Smooth Stone"}],"event_choices":[{"damage_healed":0.0,"max_hp_gain":0.0,"max_hp_loss":0.0,"gold_gain":0.0,"event_name":"Mushrooms","player_choice":"Fought Mushrooms","floor":8.0,"gold_loss":0.0,"damage_taken":0.0},{"cards_removed":["Strike_G"],"damage_healed":0.0,"max_hp_gain":0.0,"max_hp_loss":0.0,"gold_gain":0.0,"event_name":"Golden Wing","player_choice":"Card Removal","floor":11.0,"gold_loss":0.0,"damage_taken":7.0},{"damage_healed":0.0,"max_hp_gain":0.0,"max_hp_loss":0.0,"gold_gain":0.0,"event_name":"Cursed Tome","player_choice":"Obtained Book","floor":21.0,"gold_loss":0.0,"damage_taken":21.0},{"damage_healed":0.0,"max_hp_gain":0.0,"max_hp_loss":0.0,"gold_gain":0.0,"event_name":"Back to Basics","player_choice":"Simplicity","floor":27.0,"gold_loss":0.0,"damage_taken":0.0,"cards_upgraded":["Strike_G","Strike_G","Strike_G","Strike_G","Defend_G","Defend_G","Defend_G","Defend_G"]},{"damage_healed":0.0,"max_hp_gain":0.0,"max_hp_loss":0.0,"gold_gain":0.0,"event_name":"Winding Halls","player_choice":"Embrace Madness","floor":36.0,"gold_loss":0.0,"damage_taken":11.0,"cards_obtained":["Madness","Madness"]},{"damage_healed":0,"gold_gain":0,"player_choice":"Fight","damage_taken":0,"max_hp_gain":0,"max_hp_loss":0,"event_name":"Mysterious Sphere","floor":47,"gold_loss":0}],"is_beta":false,"boss_relics":[{"not_picked":["Velvet Choker","Tiny House"],"picked":"Coffee Dripper"},{"not_picked":["Sozu","WristBlade"],"picked":"HoveringKite"}],"items_purged_floors":[31,39,54],"is_endless":false,"potions_floor_spawned":[3,8,10,16,18,20,28,30,37,42,45,46,48,55],"ascension_level":20}}