{"host":"bxdue9bkfm2khp2x","time":1611485097,"event":{"mods":["ATMod(阿瑾Mod)","Arknights The Spire","Aspiration","BaseMod","Better Vampires","Challenge The Spire","Colored Map","Colored Powertips","Conspire","Decade(王小明)","Dota2Spire","Highlight Path","Minty Spire (QoL Compilation)","MostiFishMod","Remilia（蕾米莉亚）","Replay The Spire","RumiaBox-露米娅的神秘盒子","Ryuuou龙王","Spicy Shops","StSLib","Td1madao Mod","The Alterego","The Bug Knight","The Cursed","The Servant 0.9.4","WarShipGirlsR/战舰少女R mod","noobMod","vexMod","【功能Mod】混沌之环修复补丁","【遗物卡牌】REMEMod","篝火指南"],"gold_per_floor":[110,110,110,125,135,164,164,21,21,21,47,47,12,29,29,133,133,148,160,54,68,82,82,116,116,116,141,141,141,141,173,173,275,275,291,307,93,110,110,110,128,128,155,56,135,150,150,62,62,62],"floor_reached":51,"language":"ZHS","playtime":15908,"items_purged":["Strike_R","Defend_R","Defend_R","Strike_R","Defend_R+1"],"score":1047,"play_id":"70a813aa-bd65-4bbc-9f77-1463d89a8fed","local_time":"20210124184457","is_ascension_mode":true,"campfire_choices":[{"data":"AT_LightSaberMaster","floor":7,"key":"SMITH"},{"data":"AT_Dispersion","floor":10,"key":"SMITH"},{"data":"ats:Calcification","floor":12,"key":"SMITH"},{"data":"Rampage","floor":15,"key":"SMITH"},{"data":"AT_ShrugMaster","floor":23,"key":"SMITH"},{"data":"Bash","floor":25,"key":"SMITH"},{"data":"MostiFishMod:UltimateDefense","floor":30,"key":"SMITH"},{"data":"MostiFishMod:UltimateDefense+1","floor":32,"key":"SMITH"},{"data":"Headbutt","floor":40,"key":"SMITH"},{"data":"MostiFishMod:UltimateDefense+2","floor":42,"key":"SMITH"},{"data":"Pommel Strike","floor":47,"key":"SMITH"},{"data":"MostiFishMod:UltimateDefense+3","floor":49,"key":"SMITH"}],"circlet_count":0,"master_deck":["AscendersBane","Strike_R","Strike_R","Defend_R+1","Bash+1","ats:Calcification+1","AT_LightSaberMaster+1","Rampage+1","AT_Dispersion+1","Shrug It Off+1","Headbutt+1","AT_ShrugMaster+1","MostiFishMod:UltimateDefense+4","Juggernaut+1","Pommel Strike+1"],"relics":["Burning Blood","DaveBox","REME_ComplimentaryCards","ice","AT_ATBox","JellyFishMachine","SynthV:TestCard","conspire:Dentures","War Paint","Membership Card","ReplayTheSpireMod:Ninjato","AT_EbonyIvory","Runic Pyramid","Bag of Preparation","GodSword1","Dota2Spire:ShadowBlade","Dota2Spire:Butterfly","Red Skull","REME_HourglassOfDeath"],"acts_visited":["Exordium","TheCity","TheBeyond"],"potions_floor_usage":[6,24],"damage_taken":[{"damage":0,"enemies":"Small Slimes","floor":1,"turns":4},{"damage":12,"enemies":"Jaw Worm","floor":4,"turns":4},{"damage":0,"enemies":"conspire:RoseBush","floor":5,"turns":3},{"damage":37,"enemies":"3 Sentries","floor":6,"turns":12},{"damage":43,"enemies":"Gremlin Nob","floor":11,"turns":5},{"damage":0,"enemies":"Exordium Wildlife","floor":14,"turns":3},{"damage":3,"enemies":"Hexaghost","floor":16,"turns":9},{"damage":6,"enemies":"Shell Parasite","floor":18,"turns":4},{"damage":10,"enemies":"Snake Plant","floor":19,"turns":5},{"damage":14,"enemies":"Shelled Parasite and Fungi","floor":21,"turns":5},{"damage":12,"enemies":"Chosen and Byrds","floor":22,"turns":4},{"damage":7,"enemies":"conspire:Head Lice","floor":24,"turns":7},{"damage":4,"enemies":"Replay:Snechameleon","floor":27,"turns":4},{"damage":0,"enemies":"conspire:Head Lice","floor":31,"turns":6},{"damage":0,"enemies":"Champ","floor":33,"turns":6},{"damage":0,"enemies":"3 Darklings","floor":35,"turns":4},{"damage":0,"enemies":"Orb Walker","floor":36,"turns":3},{"damage":0,"enemies":"Spire Growth","floor":38,"turns":4},{"damage":0,"enemies":"Sphere and 2 Shapes","floor":41,"turns":4},{"damage":17,"enemies":"Transient","floor":46,"turns":5},{"damage":0,"enemies":"Replay:Hell Engine","floor":50,"turns":5}],"seed_played":"898729517692040601","potions_obtained":[{"floor":1,"key":"Strength Potion"},{"floor":11,"key":"Explosive Potion"},{"floor":16,"key":"Ancient Potion"},{"floor":27,"key":"BlessingOfTheForge"},{"floor":35,"key":"HeartOfIron"}],"is_trial":false,"path_per_floor":["M","?","T","M","M","E","R","$","T","R","E","R","?","M","R","B",null,"M","M","$","M","M","R","E","R","T","E","?","?","R","E","R","B",null,"M","M","$","M","?","R","M","R","T","$","T","M","R","$","R","B",null],"character_chosen":"IRONCLAD","items_purchased":["Membership Card","AT_ShrugMaster","Dota2Spire:Butterfly","Pommel Strike"],"campfire_rested":0,"item_purchase_floors":[8,20,37,44],"current_hp_per_floor":[87,87,87,82,88,59,59,59,59,59,22,22,44,51,51,58,81,82,80,80,75,70,70,74,74,74,78,78,78,78,88,88,88,88,88,88,88,88,88,88,88,88,88,88,88,85,85,85,85,88],"gold":62,"neow_bonus":"TEN_PERCENT_HP_BONUS","is_daily":false,"chose_seed":false,"campfire_upgraded":12,"win_rate":0.0,"timestamp":1611485097,"path_taken":["M","?","?","M","M","E","R","$","T","R","E","R","?","?","R","BOSS","M","M","$","M","?","R","E","R","T","E","?","?","R","E","R","BOSS","M","M","?","?","?","R","?","R","T","?","?","?","R","$","R","BOSS"],"items_purchased_type":["Relic","Card","Relic","Card"],"build_version":"2020-12-22","purchased_purges":5,"victory":true,"max_hp_per_floor":[88,88,88,88,88,88,88,88,88,88,88,88,88,88,88,88,88,88,88,88,88,88,88,88,88,88,88,88,88,88,88,88,88,88,88,88,88,88,88,88,88,88,88,88,88,88,88,88,88,88],"card_choices":[{"not_picked":["Feel No Pain","Thunderclap","Body Slam"],"picked":"SKIP","floor":1},{"not_picked":["Thunderclap","Wild Strike","Clothesline","Warcry"],"picked":"Rampage","floor":4},{"not_picked":["Wild Strike","Warcry","ReplayTheSpireMod:Strike From Hell","True Grit","Infernal Blade"],"picked":"SKIP","floor":5},{"not_picked":["Pommel Strike","Warcry","Twin Strike","Clash"],"picked":"AT_Dispersion","floor":6},{"not_picked":["Armaments","Warcry","Run Through","Clash","Intimidate"],"picked":"SKIP","floor":11},{"not_picked":["Uppercut","Entrench","Feel No Pain","Run Through","Combust"],"picked":"SKIP","floor":14},{"not_picked":["Infernal Blade","AT_CaressingTears","Dual Wield","Intimidate"],"picked":"Shrug It Off+1","floor":18},{"not_picked":["Ghostly Armor+1","Carnage","AT_DrawKnifeCut","Shrug It Off"],"picked":"Headbutt","floor":19},{"not_picked":["Replay:Undeath\u0027s Touch","Combust","Sword Boomerang+1","Flame Barrier","Clothesline"],"picked":"SKIP","floor":21},{"not_picked":["Sword Boomerang","Replay:Undeath\u0027s Touch","Whirlwind","Flex+1","AT_IchimonjiDouble"],"picked":"SKIP","floor":22},{"not_picked":["AT_BodySlamDance+1","ReplayTheSpireMod:Muscle Training","AT_ManFootWork+1","Shrug It Off+1"],"picked":"MostiFishMod:UltimateDefense","floor":24},{"not_picked":["Headbutt","Heavy Blade","AT_DrawKnifeCut","Fire Breathing","Replay:Undeath\u0027s Touch"],"picked":"SKIP","floor":27},{"not_picked":["Intimidate","Anger+1","AT_IchimonjiDouble","Replay:Undeath\u0027s Touch","Heavy Blade"],"picked":"SKIP","floor":31},{"not_picked":["REME_Fury","MostiFishMod:PerfectStrikeMKII","Hemogenesis","MostiFishMod:Chiaki"],"picked":"Juggernaut","floor":33},{"not_picked":["Flex","Feel No Pain","Ghostly Armor","Life Link+1","Fire Breathing"],"picked":"SKIP","floor":35},{"not_picked":["Wild Strike","Clash+1","Body Slam","AT_IchimonjiDouble","Twin Strike+1"],"picked":"SKIP","floor":36},{"not_picked":["Run Through+1","Dual Wield+1","Armaments","ReplayTheSpireMod:Limb From Limb","AT_BodySlamDance+1"],"picked":"SKIP","floor":38},{"not_picked":["AT_BodySlamDance+1","REME_TheLastStrike","AT_IchimonjiDouble","Fire Breathing+1","Dark Embrace"],"picked":"SKIP","floor":41},{"not_picked":["Dark Embrace","Ghostly Armor+1","Combust+1","Uppercut","Run Through+1"],"picked":"SKIP","floor":46}],"player_experience":1309990,"relics_obtained":[{"floor":1,"key":"SynthV:TestCard"},{"floor":3,"key":"conspire:Dentures"},{"floor":6,"key":"War Paint"},{"floor":9,"key":"ReplayTheSpireMod:Ninjato"},{"floor":11,"key":"AT_EbonyIvory"},{"floor":24,"key":"Bag of Preparation"},{"floor":26,"key":"GodSword1"},{"floor":27,"key":"Dota2Spire:ShadowBlade"},{"floor":43,"key":"Red Skull"},{"floor":45,"key":"REME_HourglassOfDeath"}],"event_choices":[{"damage_healed":0,"gold_gain":0,"player_choice":"Leave","damage_taken":0,"max_hp_gain":0,"max_hp_loss":0,"event_name":"conspire:Investor","floor":2,"gold_loss":0},{"damage_healed":22,"gold_gain":0,"player_choice":"Healed","damage_taken":0,"max_hp_gain":0,"max_hp_loss":0,"event_name":"The Cleric","floor":13,"gold_loss":35},{"cards_removed":["Strike_R"],"damage_healed":0,"gold_gain":0,"player_choice":"Elegance","damage_taken":0,"max_hp_gain":0,"max_hp_loss":0,"event_name":"Back to Basics","floor":28,"gold_loss":0},{"damage_healed":0,"gold_gain":0,"player_choice":"Ignored","damage_taken":0,"max_hp_gain":0,"max_hp_loss":0,"event_name":"Transmorgrifier","floor":29,"gold_loss":0},{"damage_healed":0,"gold_gain":0,"player_choice":"Forge","damage_taken":0,"max_hp_gain":0,"max_hp_loss":0,"event_name":"Accursed Blacksmith","floor":39,"gold_loss":0,"cards_upgraded":["Juggernaut"]}],"is_beta":false,"boss_relics":[{"not_picked":["Runic Cube","Kintsugi"],"picked":"Runic Pyramid"},{"not_picked":["Fusion Hammer","aspiration:SecretTechniqueScroll","NightmareShop"]}],"items_purged_floors":[20,20,37,44,48],"is_endless":false,"potions_floor_spawned":[1,11,16,22,27,35,41],"ascension_level":11}}