{"host":"3jpwrwmmgyabjceh","time":1611490869,"event":{"mods":["AchievementEnabler","BaseMod","Colored Map","Colored Powertips","Highlight Path","Minty Spire (QoL Compilation)","Quick Restart","Relic Stats","StSLib","SuperFastMode"],"gold_per_floor":[112,45,120,90,104,138,138,155,155,155,188,188,213,69,69,174,174,189,189,200,218,228,258,271,11,11,11,37,57,57,67,67,165,165,210,226,226,226,226,288,301,359,409,423,423,199,242,322,322,322,322],"floor_reached":50,"language":"ENG","playtime":2306,"items_purged":["Strike_P","Wish+1"],"score":875,"play_id":"bcd6f7d1-1252-4cd2-9b5a-a5c0740caf2f","local_time":"20210124152109","is_ascension_mode":true,"campfire_choices":[{"floor":7.0,"key":"REST"},{"data":"CutThroughFate","floor":10.0,"key":"SMITH"},{"data":"LikeWater","floor":12.0,"key":"SMITH"},{"data":"Wallop","floor":15.0,"key":"SMITH"},{"data":"Eruption","floor":27.0,"key":"SMITH"},{"data":"Scrawl","floor":30,"key":"SMITH"},{"data":"CutThroughFate","floor":32,"key":"SMITH"},{"floor":49,"key":"RECALL"}],"circlet_count":0,"master_deck":["Eruption+1","Vigilance","Halt","LikeWater+1","Weave","Crescendo","CutThroughFate+1","Scrawl+1","BowlingBash","MentalFortress+1","Wallop+1","Ragnarok+1","JustLucky+1","FlurryOfBlows","FearNoEvil+1","ClearTheMind","Halt","MentalFortress+1","CutThroughFate+1","FlurryOfBlows+1","ForeignInfluence+1","Wireheading+1","WaveOfTheHand+1","FlurryOfBlows","Wish+1","ClearTheMind+1","DeceiveReality+1","Halt+1","EmptyBody+1","Consecrate","Prostrate+1","Perseverance+1","ThirdEye+1","Protect+1","ThirdEye+1","FlurryOfBlows+1"],"relics":["Sozu","Meat on the Bone","Letter Opener","Frozen Egg 2","Philosopher\u0027s Stone","Yang","Membership Card","Toxic Egg 2","InkBottle","Pandora\u0027s Box","Kunai","Centennial Puzzle","Pear","Thread and Needle"],"acts_visited":["Exordium","TheCity","TheBeyond"],"potions_floor_usage":[],"damage_taken":[{"damage":0.0,"enemies":"2 Louse","floor":1.0,"turns":2.0},{"damage":0.0,"enemies":"Cultist","floor":5.0,"turns":3.0},{"damage":47.0,"enemies":"Gremlin Nob","floor":6.0,"turns":7.0},{"damage":0.0,"enemies":"Small Slimes","floor":8.0,"turns":5.0},{"damage":5.0,"enemies":"3 Sentries","floor":11.0,"turns":9.0},{"damage":0.0,"enemies":"Gremlin Nob","floor":13.0,"turns":3.0},{"damage":31.0,"enemies":"Hexaghost","floor":16.0,"turns":9.0},{"damage":25.0,"enemies":"3 Byrds","floor":18.0,"turns":3.0},{"damage":2.0,"enemies":"Chosen","floor":20.0,"turns":2.0},{"damage":0.0,"enemies":"Snecko","floor":21.0,"turns":3.0},{"damage":6.0,"enemies":"Snake Plant","floor":22.0,"turns":2.0},{"damage":25.0,"enemies":"Gremlin Leader","floor":23.0,"turns":5.0},{"damage":7.0,"enemies":"Centurion and Healer","floor":24.0,"turns":4.0},{"damage":0.0,"enemies":"Book of Stabbing","floor":28.0,"turns":3.0},{"damage":0,"enemies":"Shelled Parasite and Fungi","floor":29,"turns":3},{"damage":0,"enemies":"3 Cultists","floor":31,"turns":3},{"damage":16,"enemies":"Champ","floor":33,"turns":6},{"damage":9,"enemies":"3 Shapes","floor":35,"turns":3},{"damage":0,"enemies":"Orb Walker","floor":36,"turns":2},{"damage":0,"enemies":"Giant Head","floor":40,"turns":8},{"damage":43,"enemies":"Sphere and 2 Shapes","floor":41,"turns":4},{"damage":0,"enemies":"Reptomancer","floor":42,"turns":7},{"damage":0,"enemies":"Writhing Mass","floor":44,"turns":3},{"damage":0,"enemies":"3 Darklings","floor":47,"turns":6},{"damage":0,"enemies":"Mind Bloom Boss Battle","floor":48,"turns":4},{"damage":48,"enemies":"Time Eater","floor":50,"turns":6}],"seed_played":"-7778755126348528712","potions_obtained":[],"is_trial":false,"path_per_floor":["M","$","?","?","M","E","R","M","T","R","E","R","E","$","R","B",null,"M","?","M","M","M","E","M","$","T","R","E","M","R","M","R","B",null,"M","M","?","?","?","E","M","E","T","M","?","$","M","?","R","B"],"character_chosen":"WATCHER","items_purchased":["LikeWater","MentalFortress+1","Wallop","MentalFortress+1","Membership Card","Protect+1","Pear","ThirdEye+1"],"campfire_rested":1,"item_purchase_floors":[2,14,14,25,25,46,46,46],"current_hp_per_floor":[72,72,61,61,61,14,35,47,47,47,42,42,42,42,42,23,60,47,47,45,45,39,26,31,31,31,31,43,43,43,43,43,39,64,55,55,55,55,55,55,24,36,36,36,31,41,41,41,41,0,0],"gold":322,"neow_bonus":"BOSS_RELIC","is_daily":false,"chose_seed":false,"campfire_upgraded":6,"win_rate":0.0,"timestamp":1611490869,"path_taken":["M","$","?","?","M","E","R","M","T","R","E","R","E","$","R","BOSS","M","?","M","?","?","E","M","$","T","R","E","M","R","M","R","BOSS","M","M","?","?","?","E","M","E","T","?","?","$","M","?","R","BOSS"],"items_purchased_type":["Card","Card","Card","Card","Relic","Card","Relic","Card"],"build_version":"2020-12-22","purchased_purges":2,"victory":false,"max_hp_per_floor":[72,72,72,72,72,72,72,72,72,72,72,72,72,72,72,72,72,72,72,72,72,72,72,72,72,72,72,72,72,72,72,72,72,72,72,72,72,68,68,68,68,68,68,68,68,78,78,78,78,78,78],"relic_stats":{"Sozu":16,"Centennial Puzzle":[3],"counters":[26,115],"Yang":[266],"Pandora\u0027s Box":["ForeignInfluence","Wireheading","WaveOfTheHand","FlurryOfBlows","Wish","ClearTheMind","DeceiveReality"],"Letter Opener":[196],"Kunai":[40],"obtain_stats":[{"Pear":46,"Yang":23,"Thread and Needle":48,"Letter Opener":9,"Frozen Egg 2":13,"Sozu":0,"Centennial Puzzle":42,"Philosopher\u0027s Stone":17,"Pandora\u0027s Box":34,"Membership Card":25,"Kunai":40,"PureWater":0,"Toxic Egg 2":26,"InkBottle":28,"Meat on the Bone":6},{"Pear":23,"Yang":12,"Thread and Needle":25,"Letter Opener":4,"Frozen Egg 2":6,"Sozu":0,"Centennial Puzzle":22,"Philosopher\u0027s Stone":7,"Pandora\u0027s Box":17,"Membership Card":13,"Kunai":20,"PureWater":0,"Toxic Egg 2":13,"InkBottle":14,"Meat on the Bone":3},{"Pear":99,"Yang":53,"Thread and Needle":109,"Letter Opener":17,"Frozen Egg 2":29,"Sozu":0,"Centennial Puzzle":96,"Philosopher\u0027s Stone":38,"Pandora\u0027s Box":72,"Membership Card":57,"Kunai":85,"PureWater":0,"Toxic Egg 2":57,"InkBottle":60,"Meat on the Bone":12}],"InkBottle":[39],"Meat on the Bone":108},"card_choices":[{"not_picked":["Crescendo","Consecrate"],"picked":"Halt","floor":1.0},{"not_picked":["EmptyBody","ReachHeaven"],"picked":"Weave","floor":5.0},{"not_picked":["PathToVictory","ForeignInfluence"],"picked":"Crescendo","floor":6.0},{"not_picked":["FearNoEvil","InnerPeace"],"picked":"CutThroughFate","floor":8.0},{"not_picked":["BowlingBash","Worship"],"picked":"Scrawl","floor":11.0},{"not_picked":["JustLucky","EmptyBody"],"picked":"BowlingBash","floor":13.0},{"not_picked":["Alpha","Scrawl"],"picked":"Ragnarok","floor":16.0},{"not_picked":["Indignation","BowlingBash"],"picked":"JustLucky+1","floor":18.0},{"not_picked":["ThirdEye","SashWhip"],"picked":"FlurryOfBlows","floor":20.0},{"not_picked":["Fasting2+1","EmptyBody"],"picked":"FearNoEvil+1","floor":21.0},{"not_picked":["Prostrate","Protect"],"picked":"ClearTheMind","floor":22.0},{"not_picked":["ClearTheMind","JustLucky+1"],"picked":"Wish","floor":23.0},{"not_picked":["ReachHeaven","JustLucky"],"picked":"Halt","floor":24.0},{"not_picked":["CarveReality","CrushJoints"],"picked":"ForeignInfluence+1","floor":28.0},{"not_picked":["Consecrate","Halt+1"],"picked":"CutThroughFate","floor":29},{"not_picked":["Collect+1","BattleHymn+1"],"picked":"FlurryOfBlows+1","floor":31},{"not_picked":["SpiritShield+1","Alpha+1"],"picked":"Wish+1","floor":33},{"not_picked":["FlurryOfBlows","CutThroughFate+1"],"picked":"Halt+1","floor":35},{"not_picked":["ClearTheMind+1","JustLucky"],"picked":"EmptyBody+1","floor":36},{"not_picked":["Indignation+1","Judgement+1","CutThroughFate+1"],"picked":"SKIP","floor":40},{"not_picked":["Indignation+1","Judgement+1","CutThroughFate+1"],"picked":"SKIP","floor":40},{"not_picked":["Conclude","WheelKick"],"picked":"Prostrate+1","floor":41},{"not_picked":["FlyingSleeves+1","Collect+1"],"picked":"Perseverance+1","floor":42},{"not_picked":["Evaluate+1","DeceiveReality+1"],"picked":"ThirdEye+1","floor":44},{"not_picked":["FollowUp+1","CutThroughFate+1"],"picked":"FlurryOfBlows+1","floor":47}],"player_experience":275328,"relics_obtained":[{"floor":6.0,"key":"Meat on the Bone"},{"floor":9.0,"key":"Letter Opener"},{"floor":13.0,"key":"Frozen Egg 2"},{"floor":23.0,"key":"Yang"},{"floor":26.0,"key":"Toxic Egg 2"},{"floor":28.0,"key":"InkBottle"},{"floor":40,"key":"Kunai"},{"floor":42,"key":"Centennial Puzzle"},{"floor":48,"key":"Thread and Needle"}],"event_choices":[{"damage_healed":0.0,"max_hp_gain":0.0,"max_hp_loss":0.0,"gold_gain":75.0,"event_name":"World of Goop","player_choice":"Gather Gold","floor":3.0,"gold_loss":0.0,"damage_taken":11.0},{"damage_healed":0.0,"max_hp_gain":0.0,"max_hp_loss":0.0,"gold_gain":0.0,"event_name":"The Woman in Blue","player_choice":"Bought 2 Potions","floor":4.0,"gold_loss":0.0,"damage_taken":0.0},{"damage_healed":0.0,"max_hp_gain":0.0,"max_hp_loss":0.0,"gold_gain":0.0,"event_name":"Upgrade Shrine","player_choice":"Upgraded","floor":19.0,"gold_loss":0.0,"damage_taken":0.0,"cards_upgraded":["Ragnarok"]},{"cards_removed":["ForeignInfluence"],"damage_healed":0,"gold_gain":0,"player_choice":"Removed Skill","damage_taken":0,"max_hp_gain":0,"max_hp_loss":0,"event_name":"Falling","floor":37,"gold_loss":0},{"damage_healed":0,"gold_gain":0,"player_choice":"Max HP","damage_taken":0,"max_hp_gain":0,"max_hp_loss":4,"event_name":"Winding Halls","floor":38,"gold_loss":0},{"damage_healed":0,"gold_gain":0,"cards_transformed":["Wish"],"player_choice":"Transformed","damage_taken":0,"max_hp_gain":0,"max_hp_loss":0,"event_name":"Transmorgrifier","floor":39,"gold_loss":0,"cards_obtained":["Consecrate"]},{"damage_healed":0,"gold_gain":0,"player_choice":"Memory 2","damage_taken":5,"max_hp_gain":0,"max_hp_loss":0,"event_name":"SensoryStone","floor":45,"gold_loss":0},{"damage_healed":0,"gold_gain":0,"player_choice":"Fight","damage_taken":0,"max_hp_gain":0,"max_hp_loss":0,"event_name":"MindBloom","floor":48,"gold_loss":0}],"is_beta":false,"boss_relics":[{"not_picked":["Runic Dome","SacredBark"],"picked":"Philosopher\u0027s Stone"},{"not_picked":["Velvet Choker","Astrolabe"],"picked":"Pandora\u0027s Box"}],"items_purged_floors":[25,46],"is_endless":false,"potions_floor_spawned":[1,6,8,13,16,21,22,23,24,28,36,41,42,47],"killed_by":"Time Eater","ascension_level":5}}