{"host":"p8pxxhl9h7qv5y4h","time":1611469497,"event":{"mods":["BaseMod","BetterRewards","Colored Map","Custom Start","Minty Spire (QoL Compilation)","Shop Mod","StSLib"],"gold_per_floor":[5118,5118,5129,5184,5198,5231,5231,5250,5303,5331,5354,5379,5424,5436,5448,5557,5569,5600,12,12,28,39,71,97,128,128,128,43,60,2787,2802,2802,2897,2897,2912,2932,2950,2968,117,137,156,182,182,182,198,215,215,230,230,230,230,230,110,143,143],"floor_reached":56,"language":"ZHT","playtime":3129,"items_purged":["Strike_B","Defend_B","Defend_B","Defend_B+1"],"score":1842,"play_id":"67a19671-ec2f-4f5b-9e22-ef80bf692e0c","local_time":"20210124142457","is_ascension_mode":true,"campfire_choices":[{"data":"Ball Lightning","floor":7,"key":"SMITH"},{"data":"Buffer","floor":15,"key":"SMITH"},{"data":"Defragment","floor":27,"key":"SMITH"},{"data":"Defend_B","floor":32,"key":"PURGE"},{"data":"Strike_B+1","floor":49,"key":"PURGE"},{"data":"Strike_B","floor":52,"key":"PURGE"}],"circlet_count":16,"master_deck":["Strike_B+1","Zap","Dualcast","Ball Lightning+1","Consume+1","Tempest","Tempest","Buffer+1","Electrodynamics","Defragment+1","Creative AI+1","Capacitor+1","Storm+1","Self Repair+1","Creative AI+1","Defragment+1","Capacitor+1"],"relics":["FrozenCore","Black Star","Gremlin Horn","Boot","The Courier","Question Card","Regal Pillow","Eternal Feather","MawBank","War Paint","Mercury Hourglass","Nuclear Battery","Oddly Smooth Stone","Bottled Lightning","Lizard Tail","Sundial","Centennial Puzzle","Tiny Chest","Torii","Pantograph","WingedGreaves","Omamori","Meat on the Bone","Toy Ornithopter","Shovel","Matryoshka","Lantern","Blue Candle","Mummified Hand","Anchor","Strawberry","Orichalcum","Pocketwatch","Unceasing Top","PreservedInsect","Blood Vial","Ornamental Fan","Darkstone Periapt","Cables","Bag of Preparation","Kunai","Frozen Egg 2","Singing Bowl","Toxic Egg 2","Vajra","Pen Nib","Bag of Marbles","Art of War","Bottled Flame","HornCleat","Molten Egg 2","Prayer Wheel","Pear","Bronze Scales","MealTicket","Potion Belt","Calipers","Nunchaku","Happy Flower","Whetstone","TungstenRod","Ancient Tea Set","Bird Faced Urn","Dream Catcher","InkBottle","Shuriken","Dead Branch","Mango","Letter Opener","CaptainsWheel","FossilizedHelix","Peace Pipe","StoneCalendar","Incense Burner","Turnip","Ice Cream","Thread and Needle","Gambling Chip","Ginger","Circlet","White Beast Statue","Orrery","MerchantsRug","TheAbacus"],"acts_visited":["Exordium","TheCity","TheBeyond","TheEnding"],"potions_floor_usage":[46],"damage_taken":[{"damage":0,"enemies":"2 Louse","floor":1,"turns":2},{"damage":5,"enemies":"Jaw Worm","floor":3,"turns":3},{"damage":0,"enemies":"Small Slimes","floor":5,"turns":3},{"damage":35,"enemies":"3 Sentries","floor":6,"turns":8},{"damage":16,"enemies":"3 Louse","floor":8,"turns":2},{"damage":17,"enemies":"Gremlin Nob","floor":10,"turns":4},{"damage":6,"enemies":"2 Fungi Beasts","floor":11,"turns":3},{"damage":2,"enemies":"Exordium Wildlife","floor":12,"turns":2},{"damage":9,"enemies":"3 Sentries","floor":13,"turns":3},{"damage":0,"enemies":"Slime Boss","floor":16,"turns":2},{"damage":9,"enemies":"Shell Parasite","floor":18,"turns":2},{"damage":0,"enemies":"Spheric Guardian","floor":21,"turns":2},{"damage":0,"enemies":"3 Cultists","floor":22,"turns":1},{"damage":0,"enemies":"Book of Stabbing","floor":23,"turns":3},{"damage":0,"enemies":"Slavers","floor":24,"turns":2},{"damage":0,"enemies":"Book of Stabbing","floor":25,"turns":3},{"damage":0,"enemies":"Centurion and Healer","floor":29,"turns":2},{"damage":0,"enemies":"Snake Plant","floor":31,"turns":1},{"damage":0,"enemies":"Champ","floor":33,"turns":2},{"damage":0,"enemies":"3 Darklings","floor":35,"turns":2},{"damage":0,"enemies":"3 Shapes","floor":36,"turns":1},{"damage":0,"enemies":"3 Darklings","floor":37,"turns":2},{"damage":0,"enemies":"Jaw Worm Horde","floor":38,"turns":2},{"damage":0,"enemies":"Writhing Mass","floor":40,"turns":2},{"damage":0,"enemies":"Transient","floor":41,"turns":2},{"damage":0,"enemies":"Nemesis","floor":42,"turns":2},{"damage":0,"enemies":"Sphere and 2 Shapes","floor":45,"turns":2},{"damage":0,"enemies":"3 Darklings","floor":46,"turns":1},{"damage":0,"enemies":"Maw","floor":48,"turns":2},{"damage":0,"enemies":"Donu and Deca","floor":50,"turns":2},{"damage":0,"enemies":"Shield and Spear","floor":54,"turns":2},{"damage":19,"enemies":"The Heart","floor":55,"turns":5}],"seed_played":"5854308479552614303","potions_obtained":[{"floor":6,"key":"Weak Potion"},{"floor":8,"key":"PotionOfCapacity"},{"floor":18,"key":"Regen Potion"},{"floor":31,"key":"SmokeBomb"},{"floor":33,"key":"FearPotion"},{"floor":35,"key":"FearPotion"},{"floor":36,"key":"SpeedPotion"},{"floor":37,"key":"SteroidPotion"},{"floor":38,"key":"FairyPotion"},{"floor":46,"key":"Fruit Juice"},{"floor":54,"key":"AttackPotion"}],"is_trial":false,"path_per_floor":["M","?","M","T","M","E","R","M","T","E","M","M","E","?","R","B",null,"M","$","?","M","M","E","E","E","T","R","?","M","$","M","R","B",null,"M","M","M","M","$","M","M","E","T","?","M","M","T","M","R","B",null,"R","$","E","B",null],"character_chosen":"DEFECT","items_purchased":["Defragment","Oddly Smooth Stone","Bottled Lightning","Lizard Tail","Sundial","Centennial Puzzle","Tiny Chest","Torii","Pantograph","WingedGreaves","Omamori","Meat on the Bone","Toy Ornithopter","Shovel","Matryoshka","Lantern","Blue Candle","Mummified Hand","Anchor","Strawberry","Orichalcum","Pocketwatch","Unceasing Top","PreservedInsect","Blood Vial","Ornamental Fan","Darkstone Periapt","Cables","Bag of Preparation","Kunai","Frozen Egg 2","Singing Bowl","Storm+1","Pear","Bronze Scales","MealTicket","Potion Belt","Calipers","Nunchaku","Happy Flower","Whetstone","TungstenRod","Ancient Tea Set","Bird Faced Urn","Dream Catcher","InkBottle","Shuriken","Dead Branch","Mango","Letter Opener","CaptainsWheel","FossilizedHelix","Peace Pipe","StoneCalendar","Incense Burner","Turnip","Ice Cream","Thread and Needle","Gambling Chip","Ginger","Circlet","White Beast Statue","Orrery","MerchantsRug","Self Repair+1","Capacitor+1","TheAbacus","Circlet","Circlet","Circlet","Circlet","Circlet","Circlet","Circlet","Circlet"],"campfire_rested":0,"item_purchase_floors":[19,19,19,19,19,19,19,19,19,19,19,19,19,19,19,19,19,19,19,19,19,19,19,19,19,19,19,19,19,19,19,19,30,30,30,30,30,30,30,30,30,30,30,30,30,30,30,30,30,30,30,30,30,30,30,30,30,30,30,30,30,30,30,30,30,39,39,39,39,39,39,39,39,39,39],"current_hp_per_floor":[82,49,44,44,44,200301,200301,200285,200285,200268,200262,200260,200251,200251,200260,200260,200325,200316,200323,150245,150249,150253,150255,150259,150263,150263,150272,150272,150276,150310,150322,150334,150383,200385,200389,200391,200395,200399,200399,200403,200407,200409,200409,200409,200413,200422,200422,200426,200426,200426,200426,200426,200426,200428,200428],"gold":143,"neow_bonus":"TEN_PERCENT_HP_BONUS","is_daily":false,"chose_seed":false,"campfire_upgraded":3,"win_rate":0.0,"timestamp":1611469497,"path_taken":["M","?","M","?","M","E","R","M","T","E","M","M","E","?","R","BOSS","M","$","?","M","M","E","E","E","T","R","?","M","$","M","R","BOSS","M","M","M","M","$","M","M","E","T","?","M","M","?","M","R","BOSS","R","$","E","BOSS"],"items_purchased_type":["Card","Relic","Relic","Relic","Relic","Relic","Relic","Relic","Relic","Relic","Relic","Relic","Relic","Relic","Relic","Relic","Relic","Relic","Relic","Relic","Relic","Relic","Relic","Relic","Relic","Relic","Relic","Relic","Relic","Relic","Relic","Relic","Card","Relic","Relic","Relic","Relic","Relic","Relic","Relic","Relic","Relic","Relic","Relic","Relic","Relic","Relic","Relic","Relic","Relic","Relic","Relic","Relic","Relic","Relic","Relic","Relic","Relic","Relic","Relic","Undefined","Relic","Relic","Relic","Card","Card","Relic","Undefined","Undefined","Undefined","Undefined","Undefined","Undefined","Undefined","Undefined"],"build_version":"2020-12-22","purchased_purges":4,"victory":true,"max_hp_per_floor":[82,82,82,82,82,200325,200325,200325,200325,200325,200325,200325,200325,200325,200325,200325,200325,200325,200332,200337,200339,200341,200341,200343,200345,200345,200345,200345,200347,200381,200385,200385,200385,200385,200389,200391,200395,200399,200399,200403,200407,200409,200409,200409,200413,200422,200422,200426,200426,200426,200426,200426,200426,200428,200428],"card_choices":[{"not_picked":["Redo","Beam Cell"],"picked":"Chill","floor":1},{"not_picked":["Steam Power","Compile Driver","Force Field"],"picked":"SKIP","floor":3},{"not_picked":["Turbo","Reprogram","Rebound"],"picked":"SKIP","floor":5},{"not_picked":["Heatsinks","Cold Snap"],"picked":"Ball Lightning","floor":6},{"not_picked":["Compile Driver","Hologram","Coolheaded"],"picked":"Consume","floor":8},{"not_picked":["Coolheaded","Scrape","Beam Cell","Rebound"],"picked":"SKIP","floor":10},{"not_picked":["Reprogram","Seek","Sunder"],"picked":"Tempest","floor":11},{"not_picked":["Sweeping Beam","Rebound","Coolheaded"],"picked":"Tempest","floor":12},{"not_picked":["Redo","Gash","Darkness"],"picked":"Buffer","floor":13},{"not_picked":["Creative AI","Thunder Strike","Core Surge"],"picked":"Electrodynamics","floor":16},{"not_picked":["Compile Driver","Stack+1","Conserve Battery+1","Barrage"],"picked":"SKIP","floor":18},{"not_picked":["Hologram","Doom and Gloom","Ball Lightning","Sweeping Beam+1"],"picked":"Singing Bowl","floor":21},{"not_picked":["Coolheaded","Glacier","Double Energy+1","Recycle+1"],"picked":"Singing Bowl","floor":22},{"not_picked":["Barrage+1","FTL","Gash"],"picked":"Creative AI+1","floor":23},{"not_picked":["Buffer+1","Fusion+1","Coolheaded+1","Beam Cell+1"],"picked":"Singing Bowl","floor":24},{"not_picked":["Streamline","Leap+1","Double Energy+1","White Noise+1"],"picked":"Singing Bowl","floor":25},{"not_picked":["Rebound+1","Double Energy+1","Coolheaded+1","Barrage+1"],"picked":"Singing Bowl","floor":29},{"not_picked":["Amplify+1","Barrage+1","Redo+1"],"picked":"Capacitor+1","floor":29},{"not_picked":["Darkness+1","Self Repair+1","Undo+1","Sweeping Beam+1"],"picked":"Singing Bowl","floor":30},{"not_picked":["Undo+1","Redo+1","Meteor Strike+1","Go for the Eyes+1"],"picked":"Singing Bowl","floor":30},{"not_picked":["Barrage+1","Fusion+1","Reprogram+1","Stack+1"],"picked":"Singing Bowl","floor":30},{"not_picked":["Recycle+1","Steam+1","Go for the Eyes+1","Barrage+1"],"picked":"Singing Bowl","floor":30},{"not_picked":["Rebound+1","Hologram+1","Amplify+1","Streamline+1"],"picked":"Singing Bowl","floor":30},{"not_picked":["Coolheaded+1","Go for the Eyes+1","Fusion+1","Beam Cell+1"],"picked":"Singing Bowl","floor":31},{"not_picked":["Conserve Battery+1","Glacier+1","Leap+1","Steam+1"],"picked":"Singing Bowl","floor":31},{"not_picked":["Electrodynamics+1","Biased Cognition+1","Machine Learning+1"],"picked":"Creative AI+1","floor":33},{"not_picked":["Gash+1","Cold Snap+1","Ball Lightning+1","Turbo+1"],"picked":"Singing Bowl","floor":35},{"not_picked":["Hologram+1","Redo+1","Go for the Eyes+1","Conserve Battery+1"],"picked":"Singing Bowl","floor":35},{"not_picked":["Redo+1","Cold Snap+1","Recycle+1","Streamline+1"],"picked":"Singing Bowl","floor":36},{"not_picked":["Rip and Tear+1","Gash+1","Coolheaded+1"],"picked":"Defragment+1","floor":36},{"not_picked":["Hologram+1","Turbo+1","Echo Form+1","Beam Cell+1"],"picked":"Singing Bowl","floor":37},{"not_picked":["BootSequence+1","Barrage+1","Static Discharge+1","Sweeping Beam+1"],"picked":"Singing Bowl","floor":37},{"not_picked":["FTL+1","Blizzard+1","Steam+1","Hologram+1"],"picked":"Singing Bowl","floor":38},{"not_picked":["Barrage+1","Beam Cell+1","Leap+1","Stack+1"],"picked":"Singing Bowl","floor":38},{"not_picked":["Doom and Gloom+1","Coolheaded+1","Amplify+1","Streamline+1"],"picked":"Singing Bowl","floor":40},{"not_picked":["Chill+1","Rip and Tear+1","Streamline+1","Compile Driver+1"],"picked":"Singing Bowl","floor":40},{"not_picked":["Go for the Eyes+1","Fusion+1","Undo+1","Ball Lightning+1"],"picked":"Singing Bowl","floor":41},{"not_picked":["Turbo+1","Recycle+1","Echo Form+1","Conserve Battery+1"],"picked":"Singing Bowl","floor":41},{"not_picked":["Gash+1","Stack+1","Leap+1","Cold Snap+1"],"picked":"Singing Bowl","floor":42},{"not_picked":["Rebound+1","Steam+1","Blizzard+1","Sunder+1"],"picked":"Singing Bowl","floor":45},{"not_picked":["Turbo+1","Rebound+1","FTL+1","Beam Cell+1"],"picked":"Singing Bowl","floor":45},{"not_picked":["Barrage+1","Skim+1","Seek+1","Auto Shields+1"],"picked":"Singing Bowl","floor":46},{"not_picked":["Gash+1","Leap+1","White Noise+1","Cold Snap+1"],"picked":"Singing Bowl","floor":46},{"not_picked":["Sweeping Beam+1","Melter+1","Barrage+1","Ball Lightning+1"],"picked":"Singing Bowl","floor":48},{"not_picked":["Leap+1","Doom and Gloom+1","Cold Snap+1","Aggregate+1"],"picked":"Singing Bowl","floor":48},{"not_picked":["Compile Driver+1","Leap+1","Reinforced Body+1","Auto Shields+1"],"picked":"Singing Bowl","floor":54}],"player_experience":111693,"relics_obtained":[{"floor":4,"key":"Boot"},{"floor":6,"key":"The Courier"},{"floor":6,"key":"Question Card"},{"floor":9,"key":"Regal Pillow"},{"floor":10,"key":"Eternal Feather"},{"floor":10,"key":"MawBank"},{"floor":13,"key":"War Paint"},{"floor":13,"key":"Mercury Hourglass"},{"floor":23,"key":"Toxic Egg 2"},{"floor":23,"key":"Vajra"},{"floor":24,"key":"Pen Nib"},{"floor":24,"key":"Bag of Marbles"},{"floor":25,"key":"Art of War"},{"floor":25,"key":"Bottled Flame"},{"floor":26,"key":"HornCleat"},{"floor":26,"key":"Molten Egg 2"},{"floor":42,"key":"Circlet"},{"floor":42,"key":"Circlet"},{"floor":43,"key":"Circlet"},{"floor":43,"key":"Circlet"},{"floor":47,"key":"Circlet"},{"floor":54,"key":"Circlet"},{"floor":54,"key":"Circlet"}],"event_choices":[{"damage_healed":0,"gold_gain":0,"player_choice":"Success","damage_taken":33,"relics_obtained":["Gremlin Horn"],"max_hp_gain":0,"max_hp_loss":0,"event_name":"Scrap Ooze","floor":2,"gold_loss":0},{"damage_healed":0,"gold_gain":0,"player_choice":"Grow","damage_taken":0,"max_hp_gain":0,"max_hp_loss":0,"event_name":"Living Wall","floor":14,"gold_loss":0,"cards_upgraded":["Consume"]},{"damage_healed":0,"gold_gain":0,"player_choice":"Shed Blood","damage_taken":50083,"max_hp_gain":5,"max_hp_loss":0,"event_name":"Forgotten Altar","floor":20,"gold_loss":0},{"damage_healed":0,"gold_gain":0,"player_choice":"Obtained Relic","damage_taken":0,"relics_obtained":["Prayer Wheel"],"max_hp_gain":0,"max_hp_loss":0,"event_name":"Addict","floor":28,"gold_loss":85},{"cards_removed":["Chill"],"damage_healed":0,"gold_gain":0,"player_choice":"Purged","damage_taken":0,"max_hp_gain":0,"max_hp_loss":0,"event_name":"Purifier","floor":44,"gold_loss":0}],"is_beta":false,"boss_relics":[{"not_picked":["Velvet Choker","Ectoplasm"],"picked":"Nuclear Battery"},{"not_picked":["Black Star","Busted Crown"],"picked":"FrozenCore"}],"items_purged_floors":[19,30,39,53],"is_endless":false,"potions_floor_spawned":[6,8,10,18,21,25,29,31,33,35,36,37,38,40,41,42,45,46,48,54],"ascension_level":2}}